{"host":"vqun63pi4q2xs0ca","time":1614166367,"event":{"mods":["BaseMod","Minty Spire (QoL Compilation)","Relic Stats","StSLib"],"gold_per_floor":[119,133,133,133,28,28,56,56,107,142,160,179,19,47,47,122,122,142,59,79,79,79,79,107,7,55,74,74,74,100,118,118,118,118],"floor_reached":33,"language":"ENG","playtime":2112,"items_purged":["Strike_G","Strike_G"],"score":652,"play_id":"1333eaa6-3fcf-4a96-8287-d2e9bf4e26d6","local_time":"20210224113247","is_ascension_mode":true,"campfire_choices":[{"data":"Predator","floor":6,"key":"SMITH"},{"floor":8,"key":"REST"},{"data":"Noxious Fumes","floor":15,"key":"SMITH"},{"floor":23,"key":"REST"},{"floor":28,"key":"REST"},{"floor":32,"key":"REST"}],"circlet_count":0,"master_deck":["AscendersBane","Strike_G+1","Strike_G+1","Defend_G","Defend_G","Defend_G","Defend_G","Defend_G+1","Survivor","Neutralize","Predator+1","Dash","Storm of Steel","Blade Dance","PiercingWail+1","Cloak And Dagger","Leg Sweep","Noxious Fumes+1","Backflip","Wraith Form v2","Noxious Fumes","Accuracy","Acrobatics","Adrenaline"],"relics":["Ring of the Snake","War Paint","PreservedInsect","Molten Egg 2","Gambling Chip","Sozu","Enchiridion","Centennial Puzzle","Pen Nib","Snake Skull"],"acts_visited":["Exordium","TheCity"],"potions_floor_usage":[10,16,16],"damage_taken":[{"damage":0,"enemies":"2 Louse","floor":1,"turns":4},{"damage":0,"enemies":"Cultist","floor":2,"turns":3},{"damage":14,"enemies":"Gremlin Nob","floor":7,"turns":4},{"damage":12,"enemies":"Lagavulin","floor":10,"turns":3},{"damage":0,"enemies":"Jaw Worm","floor":11,"turns":3},{"damage":0,"enemies":"Blue Slaver","floor":12,"turns":2},{"damage":2,"enemies":"3 Sentries","floor":14,"turns":8},{"damage":5,"enemies":"Slime Boss","floor":16,"turns":7},{"damage":18,"enemies":"3 Byrds","floor":18,"turns":6},{"damage":9,"enemies":"Shell Parasite","floor":20,"turns":6},{"damage":10,"enemies":"Slavers","floor":24,"turns":4},{"damage":0,"enemies":"Cultist and Chosen","floor":27,"turns":6},{"damage":0,"enemies":"Book of Stabbing","floor":30,"turns":5},{"damage":0,"enemies":"Centurion and Healer","floor":31,"turns":4},{"damage":62,"enemies":"Champ","floor":33,"turns":12}],"seed_played":"-6076781505586698340","potions_obtained":[{"floor":0,"key":"PowerPotion"},{"floor":0,"key":"Dexterity Potion"},{"floor":12,"key":"CunningPotion"}],"is_trial":false,"path_per_floor":["M","M","?","?","$","R","E","R","T","E","M","M","$","E","R","B",null,"M","$","M","?","?","R","E","$","T","M","R","?","E","M","R","B"],"character_chosen":"THE_SILENT","items_purchased":["Blade Dance","Fire Potion","Noxious Fumes","Accuracy"],"campfire_rested":4,"item_purchase_floors":[5,5,13,19],"current_hp_per_floor":[59,59,39,39,39,39,25,44,44,32,32,32,32,30,30,25,56,38,38,29,8,8,27,17,17,17,17,36,36,36,36,55,0,0],"gold":118,"neow_bonus":"THREE_SMALL_POTIONS","is_daily":false,"chose_seed":false,"campfire_upgraded":2,"win_rate":0.0,"timestamp":1614166367,"path_taken":["M","M","?","?","$","R","E","R","T","E","M","?","?","E","R","BOSS","M","$","M","?","?","R","E","$","T","?","R","?","E","M","R","BOSS"],"items_purchased_type":["Card","Potion","Card","Card"],"build_version":"2020-12-22","purchased_purges":2,"victory":false,"max_hp_per_floor":[66,66,66,66,66,66,66,66,66,66,66,66,66,66,66,66,66,66,66,66,66,66,66,66,66,66,66,66,66,66,66,66,66,66],"relic_stats":{"Sozu":2,"Centennial Puzzle":[3],"counters":[15,77],"Gambling Chip":[32],"PreservedInsect":144,"Pen Nib":[6],"Snake Skull":[16],"War Paint":["Defend_G","PiercingWail"],"obtain_stats":[{"Sozu":17,"Centennial Puzzle":24,"Gambling Chip":14,"Enchiridion":21,"Molten Egg 2":10,"PreservedInsect":9,"Pen Nib":26,"Snake Skull":30,"War Paint":7,"Ring of the Snake":0},{"Sozu":8,"Centennial Puzzle":11,"Gambling Chip":7,"Enchiridion":10,"Molten Egg 2":4,"PreservedInsect":3,"Pen Nib":11,"Snake Skull":13,"War Paint":3,"Ring of the Snake":0},{"Sozu":34,"Centennial Puzzle":50,"Gambling Chip":27,"Enchiridion":46,"Molten Egg 2":14,"PreservedInsect":11,"Pen Nib":50,"Snake Skull":61,"War Paint":11,"Ring of the Snake":0}],"Ring of the Snake":[30]},"card_choices":[{"not_picked":["Finisher","Deflect"],"picked":"Predator","floor":1},{"not_picked":["Blur","Deflect"],"picked":"Dash","floor":2},{"not_picked":["Underhanded Strike","Acrobatics"],"picked":"PiercingWail","floor":7},{"not_picked":["Sucker Punch+1","Deflect","Backstab+1"],"picked":"SKIP","floor":10},{"not_picked":["Caltrops","Bane+1"],"picked":"Cloak And Dagger","floor":11},{"not_picked":["Infinite Blades","Dagger Throw+1"],"picked":"Leg Sweep","floor":12},{"not_picked":["Masterful Stab+1","Deflect"],"picked":"Backflip","floor":14},{"not_picked":["Envenom","Tools of the Trade"],"picked":"Wraith Form v2","floor":16},{"not_picked":["Sucker Punch+1","Dagger Throw+1"],"picked":"Noxious Fumes","floor":18},{"not_picked":["Caltrops","Sucker Punch+1","Endless Agony+1"],"picked":"SKIP","floor":20},{"not_picked":["Acrobatics","Outmaneuver","Setup"],"picked":"SKIP","floor":24},{"not_picked":["Deflect","Dodge and Roll","Backflip"],"picked":"SKIP","floor":27},{"not_picked":["Escape Plan","Acrobatics"],"picked":"Adrenaline","floor":30},{"not_picked":["Deflect","Bane+1","Backflip"],"picked":"SKIP","floor":31}],"player_experience":1636263,"relics_obtained":[{"floor":7,"key":"War Paint"},{"floor":9,"key":"PreservedInsect"},{"floor":10,"key":"Molten Egg 2"},{"floor":14,"key":"Gambling Chip"},{"floor":21,"key":"Enchiridion"},{"floor":24,"key":"Centennial Puzzle"},{"floor":26,"key":"Pen Nib"},{"floor":30,"key":"Snake Skull"}],"event_choices":[{"damage_healed":0,"gold_gain":0,"player_choice":"Entered Light","damage_taken":20,"max_hp_gain":0,"max_hp_loss":0,"event_name":"Shining Light","floor":3,"gold_loss":0,"cards_upgraded":["Strike_G","Strike_G"]},{"damage_healed":0,"gold_gain":0,"cards_transformed":["Strike_G"],"player_choice":"Transformed","damage_taken":0,"max_hp_gain":0,"max_hp_loss":0,"event_name":"Transmorgrifier","floor":4,"gold_loss":0,"cards_obtained":["Storm of Steel"]},{"damage_healed":0,"gold_gain":0,"player_choice":"Obtained Book","damage_taken":21,"max_hp_gain":0,"max_hp_loss":0,"event_name":"Cursed Tome","floor":21,"gold_loss":0},{"damage_healed":0,"gold_gain":0,"player_choice":"Read","damage_taken":0,"max_hp_gain":0,"max_hp_loss":0,"event_name":"The Library","floor":22,"gold_loss":0,"cards_obtained":["Acrobatics"]},{"damage_healed":0,"gold_gain":0,"player_choice":"Ignored","damage_taken":0,"max_hp_gain":0,"max_hp_loss":0,"event_name":"The Mausoleum","floor":29,"gold_loss":0}],"is_beta":false,"boss_relics":[{"not_picked":["Ectoplasm","Empty Cage"],"picked":"Sozu"}],"items_purged_floors":[13,25],"is_endless":false,"potions_floor_spawned":[2,7,12,18,31],"killed_by":"Champ","ascension_level":20}}