{"host":"yx5rao87132cy5xq","time":1614190396,"event":{"mods":["2.2 Compatiblity","AchievementEnabler","BaseMod","Bestiary","Colored Map","Colored Powertips","Highlight Path","Minty Spire (QoL Compilation)","Quick Restart","Relic Stats","Slay-I","SuperFastMode"],"gold_per_floor":[109,128,128,143,155,186,203,203,228,40,50,84,84,104,104,178,178,195,174,174,174,174,174],"floor_reached":22,"language":"ENG","playtime":1340,"items_purged":["Strike_R"],"score":496,"play_id":"3c07e102-65c3-4f2b-ad4e-5ed1863b8186","local_time":"20210224191316","is_ascension_mode":true,"campfire_choices":[{"data":"Demon Form","floor":8.0,"key":"SMITH"},{"data":"Limit Break","floor":13.0,"key":"SMITH"},{"data":"Second Wind","floor":15.0,"key":"SMITH"}],"circlet_count":0,"master_deck":["AscendersBane","Strike_R","Defend_R","Defend_R","Defend_R","Defend_R","Bash","Twin Strike","Power Through","Demon Form+1","Hemokinesis","Iron Wave","Evolve","Shrug It Off","Second Wind+1","Limit Break+1","Immolate","Armaments+1","Intimidate+1","Bludgeon+1","Cleave","Entrench","Ghostly","Ghostly","Ghostly"],"relics":["Burning Blood","Lantern","Orichalcum","Tiny Chest","Juzu Bracelet","Astrolabe"],"acts_visited":["Exordium","TheCity"],"potions_floor_usage":[],"damage_taken":[{"damage":7.0,"enemies":"Small Slimes","floor":1.0,"turns":3.0},{"damage":7.0,"enemies":"Jaw Worm","floor":2.0,"turns":2.0},{"damage":1.0,"enemies":"Cultist","floor":4.0,"turns":4.0},{"damage":21.0,"enemies":"Red Slaver","floor":5.0,"turns":5.0},{"damage":30.0,"enemies":"Gremlin Nob","floor":6.0,"turns":5.0},{"damage":2.0,"enemies":"2 Fungi Beasts","floor":7.0,"turns":2.0},{"damage":6.0,"enemies":"Looter","floor":11.0,"turns":3.0},{"damage":14.0,"enemies":"Lagavulin","floor":12.0,"turns":5.0},{"damage":13.0,"enemies":"Blue Slaver","floor":14.0,"turns":4.0},{"damage":2.0,"enemies":"Hexaghost","floor":16.0,"turns":8.0},{"damage":44,"enemies":"3 Byrds","floor":18,"turns":7},{"damage":13,"enemies":"2 Thieves","floor":19,"turns":4},{"damage":0,"enemies":"3 Cultists","floor":22,"turns":4}],"seed_played":"-8107785855100838307","potions_obtained":[{"floor":2.0,"key":"EssenceOfSteel"},{"floor":11.0,"key":"SteroidPotion"},{"floor":12.0,"key":"Block Potion"}],"is_trial":false,"path_per_floor":["M","M","?","M","M","E","M","R","T","$","M","E","R","M","R","B",null,"M","M","?","?","M"],"character_chosen":"IRONCLAD","items_purchased":["Energy Potion","Shrug It Off"],"campfire_rested":0,"item_purchase_floors":[10,10],"current_hp_per_floor":[67,66,71,76,61,37,41,41,41,41,41,33,33,26,26,30,68,30,23,23,23,23,23],"gold":174,"neow_bonus":"RANDOM_COMMON_RELIC","is_daily":false,"chose_seed":false,"campfire_upgraded":3,"win_rate":0.0,"timestamp":1614190396,"path_taken":["M","M","?","M","M","E","M","R","T","$","M","E","R","M","R","BOSS","M","M","?","?","M"],"items_purchased_type":["Potion","Card"],"build_version":"2020-12-22","purchased_purges":1,"victory":false,"max_hp_per_floor":[75,75,80,80,80,80,80,80,80,80,80,80,80,80,80,80,80,80,80,80,40,40,40],"relic_stats":{"counters":[13,56],"Astrolabe":["Armaments","Intimidate","Bludgeon"],"Tiny Chest":0,"Juzu Bracelet":0,"Orichalcum":[48],"obtain_stats":[{"Lantern":0,"Astrolabe":17,"Tiny Chest":9,"Juzu Bracelet":12,"Orichalcum":6,"Burning Blood":0},{"Lantern":0,"Astrolabe":10,"Tiny Chest":6,"Juzu Bracelet":8,"Orichalcum":5,"Burning Blood":0},{"Lantern":0,"Astrolabe":41,"Tiny Chest":21,"Juzu Bracelet":29,"Orichalcum":19,"Burning Blood":0}],"Burning Blood":72},"card_choices":[{"not_picked":["Sword Boomerang","Perfected Strike"],"picked":"Twin Strike","floor":1.0},{"not_picked":["Anger","Headbutt"],"picked":"Power Through","floor":2.0},{"not_picked":["Burning Pact","Dual Wield"],"picked":"Demon Form","floor":4.0},{"not_picked":["Clash","Rampage"],"picked":"Hemokinesis","floor":5.0},{"not_picked":["True Grit","Sword Boomerang"],"picked":"Iron Wave","floor":6.0},{"not_picked":["Warcry","Twin Strike"],"picked":"Evolve","floor":7.0},{"not_picked":["Whirlwind","Rupture"],"picked":"Second Wind","floor":11.0},{"not_picked":["Twin Strike","Battle Trance"],"picked":"Limit Break","floor":12.0},{"not_picked":["Pummel","Pommel Strike","Clash"],"picked":"SKIP","floor":14.0},{"not_picked":["Corruption","Demon Form"],"picked":"Immolate","floor":16.0},{"not_picked":["Thunderclap","Searing Blow"],"picked":"Cleave","floor":18},{"not_picked":["Body Slam","Thunderclap"],"picked":"Entrench","floor":19}],"player_experience":1172352,"relics_obtained":[{"floor":6.0,"key":"Orichalcum"},{"floor":9.0,"key":"Tiny Chest"},{"floor":12.0,"key":"Juzu Bracelet"}],"event_choices":[{"damage_healed":0.0,"max_hp_gain":5.0,"max_hp_loss":0.0,"gold_gain":0.0,"event_name":"Big Fish","player_choice":"Donut","floor":3.0,"gold_loss":0.0,"damage_taken":0.0},{"damage_healed":0,"gold_gain":0,"player_choice":"Ignored","damage_taken":0,"max_hp_gain":0,"max_hp_loss":0,"event_name":"Vampires","floor":20,"gold_loss":0},{"damage_healed":0,"gold_gain":0,"player_choice":"Became a Ghost","damage_taken":0,"max_hp_gain":0,"max_hp_loss":40,"event_name":"Ghosts","floor":21,"gold_loss":0,"cards_obtained":["Ghostly","Ghostly","Ghostly"]}],"is_beta":false,"boss_relics":[{"not_picked":["Empty Cage","Calling Bell"],"picked":"Astrolabe"}],"items_purged_floors":[10],"is_endless":false,"potions_floor_spawned":[2,11,12,14],"killed_by":"3 Cultists","ascension_level":20}}