{"host":"ztme5fio60r7om62","time":1614175026,"event":{"mods":["BaseMod","Highlight Path","Minty Spire (QoL Compilation)","Permanent Neow","everything is the same but u backflip on backflip"],"gold_per_floor":[117,135,151,166,241,241,269,269,269,282,301,331,331,36,36,138,138,156,1,20,20,37,37,65,340,413,137,151,180,180,191,191,191,191],"floor_reached":33,"language":"KOR","playtime":1119,"items_purged":["Defend_R","Strike_R"],"score":322,"play_id":"fcb2512a-c112-4fa0-b82f-1adf42abd44c","local_time":"20210224225706","is_ascension_mode":false,"campfire_choices":[{"data":"Inflame","floor":6.0,"key":"SMITH"},{"floor":8.0,"key":"REST"},{"data":"Flex","floor":15.0,"key":"SMITH"},{"floor":23.0,"key":"REST"},{"data":"Apotheosis","floor":30,"key":"SMITH"},{"floor":32,"key":"REST"}],"circlet_count":0,"master_deck":["Strike_R","Strike_R","Strike_R","Defend_R","Defend_R","Defend_R","Bash","Hemokinesis","Inflame+1","Pummel","Iron Wave","Thunderclap","Bludgeon","Headbutt","Battle Trance","Flex+1","Immolate","Flex","Intimidate","J.A.X.","Reaper","Apotheosis+1","Seeing Red+1","Inflame","Uppercut+1"],"relics":["Burning Blood","Toy Ornithopter","Bottled Flame","Gremlin Horn","SlaversCollar","Omamori","Pear","Thread and Needle"],"acts_visited":["Exordium","TheCity"],"potions_floor_usage":[29,33],"damage_taken":[{"damage":3.0,"enemies":"Jaw Worm","floor":1.0,"turns":3.0},{"damage":1.0,"enemies":"2 Louse","floor":2.0,"turns":3.0},{"damage":2.0,"enemies":"Small Slimes","floor":3.0,"turns":2.0},{"damage":14.0,"enemies":"Blue Slaver","floor":4.0,"turns":3.0},{"damage":30.0,"enemies":"Lagavulin","floor":7.0,"turns":5.0},{"damage":2.0,"enemies":"Large Slime","floor":10.0,"turns":3.0},{"damage":16.0,"enemies":"Gremlin Gang","floor":11.0,"turns":4.0},{"damage":28.0,"enemies":"3 Sentries","floor":12.0,"turns":6.0},{"damage":36.0,"enemies":"Hexaghost","floor":16.0,"turns":7.0},{"damage":10.0,"enemies":"Chosen","floor":18.0,"turns":4.0},{"damage":14.0,"enemies":"2 Thieves","floor":20.0,"turns":4.0},{"damage":34.0,"enemies":"Snake Plant","floor":22.0,"turns":3.0},{"damage":33.0,"enemies":"Book of Stabbing","floor":24.0,"turns":4.0},{"damage":24,"enemies":"Sentry and Sphere","floor":28,"turns":4},{"damage":0,"enemies":"Slavers","floor":29,"turns":2},{"damage":15,"enemies":"Snecko","floor":31,"turns":5},{"damage":96,"enemies":"Collector","floor":33,"turns":6}],"seed_played":"-2151674622140199414","potions_obtained":[{"floor":2.0,"key":"Energy Potion"},{"floor":3.0,"key":"BloodPotion"},{"floor":12.0,"key":"EssenceOfSteel"},{"floor":16.0,"key":"EssenceOfSteel"},{"floor":22.0,"key":"BloodPotion"},{"floor":24.0,"key":"SteroidPotion"},{"floor":28,"key":"SteroidPotion"},{"floor":29,"key":"GamblersBrew"}],"is_trial":false,"path_per_floor":["M","M","M","M","?","R","E","R","T","M","M","E","?","$","R","B",null,"M","$","M","?","M","R","E","?","T","$","M","E","R","M","R","B"],"character_chosen":"IRONCLAD","items_purchased":["Gremlin Horn","Flex","Intimidate","Apotheosis"],"campfire_rested":3,"item_purchase_floors":[14,14,19,27],"current_hp_per_floor":[80,80,80,72,61,61,37,61,61,65,55,33,26,26,47,22,80,76,76,72,72,44,68,62,62,72,72,63,74,74,65,90,0,0],"gold":191,"neow_bonus":"THREE_CARDS","is_daily":false,"chose_seed":false,"campfire_upgraded":3,"win_rate":0.0,"timestamp":1614175026,"path_taken":["M","M","M","M","?","R","E","R","T","M","M","E","?","$","R","BOSS","M","$","M","?","M","R","E","?","T","$","M","E","R","M","R","BOSS"],"items_purchased_type":["Relic","Card","Card","Card"],"build_version":"2020-12-22","purchased_purges":2,"victory":false,"max_hp_per_floor":[80,80,80,80,80,80,80,80,80,80,80,80,80,80,80,80,80,80,80,80,80,80,80,80,80,90,90,90,90,90,90,90,90,90],"card_choices":[{"not_picked":["Warcry","Metallicize"],"picked":"Hemokinesis","floor":0.0},{"not_picked":["Perfected Strike","Havoc"],"picked":"Inflame","floor":1.0},{"not_picked":["Perfected Strike","Iron Wave"],"picked":"Pummel","floor":2.0},{"not_picked":["Anger","Sentinel"],"picked":"Iron Wave","floor":3.0},{"not_picked":["Searing Blow","Headbutt"],"picked":"Thunderclap","floor":4.0},{"not_picked":["Spot Weakness","Clothesline"],"picked":"Bludgeon","floor":7.0},{"not_picked":["Warcry","Sever Soul"],"picked":"Headbutt","floor":10.0},{"not_picked":["Shrug It Off","Second Wind"],"picked":"Battle Trance","floor":11.0},{"not_picked":["Metallicize","Dual Wield","Infernal Blade"],"picked":"SKIP","floor":12.0},{"not_picked":["Bludgeon","Juggernaut"],"picked":"Immolate","floor":16.0},{"not_picked":["Reckless Charge","True Grit"],"picked":"Flex","floor":18.0},{"not_picked":["Reckless Charge+1","Warcry","Clash"],"picked":"SKIP","floor":20.0},{"not_picked":["Blood for Blood","Cleave","Carnage"],"picked":"SKIP","floor":22.0},{"not_picked":["Heavy Blade+1","Headbutt"],"picked":"Reaper","floor":24.0},{"not_picked":["Clothesline+1","True Grit"],"picked":"Seeing Red+1","floor":28},{"not_picked":["Seeing Red","Shockwave"],"picked":"Inflame","floor":29},{"not_picked":["Anger","Blood for Blood+1"],"picked":"Uppercut+1","floor":31}],"player_experience":624936,"relics_obtained":[{"floor":7.0,"key":"Toy Ornithopter"},{"floor":12.0,"key":"Bottled Flame"},{"floor":24.0,"key":"Omamori"},{"floor":26,"key":"Pear"},{"floor":29,"key":"Thread and Needle"}],"event_choices":[{"damage_healed":0.0,"max_hp_gain":0.0,"max_hp_loss":0.0,"gold_gain":75.0,"event_name":"World of Goop","player_choice":"Gather Gold","floor":5.0,"gold_loss":0.0,"damage_taken":11.0},{"cards_removed":["Strike_R"],"damage_healed":0.0,"max_hp_gain":0.0,"max_hp_loss":0.0,"gold_gain":0.0,"event_name":"Golden Wing","player_choice":"Card Removal","floor":13.0,"gold_loss":0.0,"damage_taken":7.0},{"damage_healed":0.0,"max_hp_gain":0.0,"max_hp_loss":0.0,"gold_gain":0.0,"event_name":"Drug Dealer","player_choice":"Obtain J.A.X.","floor":21.0,"gold_loss":0.0,"damage_taken":0.0,"cards_obtained":["J.A.X."]},{"damage_healed":0,"gold_gain":275,"player_choice":"Desecrate","damage_taken":0,"max_hp_gain":0,"max_hp_loss":0,"event_name":"Golden Shrine","floor":25,"gold_loss":0,"cards_obtained":["Regret"]}],"is_beta":false,"boss_relics":[{"not_picked":["Black Blood","Empty Cage"],"picked":"SlaversCollar"}],"items_purged_floors":[19,27],"is_endless":false,"potions_floor_spawned":[2,3,12,16,22,24,28,29],"killed_by":"Collector","ascension_level":0}}