{"host":"emzatosnsokm6754","time":1614138501,"event":{"mods":["Act Like it!","BaseMod","Bossed Relics","Colored Powertips","Energized Spire","Minty Spire (QoL Compilation)","Rare Cards Sparkle","Replay The Spire","Ruina","StSLib","The Cursed","The Gatherer","The Hierophant","The Servant 0.9.4"],"gold_per_floor":[114,125,125,200,57,90,90,90,160,179,179,209,209,228,228,228,228],"floor_reached":16,"language":"ENG","playtime":476,"items_purged":[],"score":146,"play_id":"0a5a3558-66d3-4b74-8856-12f4dc8b028a","local_time":"20210224164821","is_ascension_mode":true,"campfire_choices":[{"data":"Defy","floor":7,"key":"SMITH"},{"data":"Exchange","floor":11,"key":"SMITH"},{"floor":15,"key":"DIG"}],"circlet_count":0,"master_deck":["Strike_S","Strike_S","Strike_S","Strike_S","Defend_S+1","Defend_S","Defend_S","Defend_S","KidneyShot","Exchange+1","MoonPhase+1","InstantArmor+1","Defy+1","PendulumOfEternity"],"relics":["Uniform","NeowsBlessing","Guide Book","Smiling Mask","Eternal Feather","Shovel","Bronze Scales"],"acts_visited":["Exordium"],"potions_floor_usage":[12,16],"damage_taken":[{"damage":0,"enemies":"2 Louse","floor":1,"turns":1},{"damage":0,"enemies":"Small Slimes","floor":2,"turns":1},{"damage":0,"enemies":"3 Sentries","floor":6,"turns":2},{"damage":0,"enemies":"Cultist","floor":10,"turns":4},{"damage":23,"enemies":"Gremlin Nob","floor":12,"turns":6},{"damage":3,"enemies":"Red Slaver","floor":14,"turns":4},{"damage":40,"enemies":"The Guardian","floor":16,"turns":15}],"seed_played":"-9097769480927810797","potions_obtained":[{"floor":1,"key":"FearPotion"},{"floor":14,"key":"SkillPotion"}],"is_trial":false,"path_per_floor":["M","M","$","?","$","E","R","$","T","M","R","E","?","M","R","B"],"character_chosen":"THE_SERVANT","items_purchased":["Guide Book"],"campfire_rested":0,"item_purchase_floors":[5],"current_hp_per_floor":[65,65,65,54,54,54,54,54,54,54,60,37,37,34,40,0,0],"gold":228,"neow_bonus":"THREE_ENEMY_KILL","is_daily":false,"chose_seed":false,"campfire_upgraded":2,"win_rate":0.0,"timestamp":1614138501,"path_taken":["M","M","$","?","$","E","R","$","T","M","R","E","?","M","R","BOSS"],"items_purchased_type":["Relic"],"build_version":"2020-12-22","purchased_purges":0,"victory":false,"max_hp_per_floor":[65,65,65,65,65,65,65,65,65,65,65,65,65,65,65,65,65],"card_choices":[{"not_picked":["Potential","TimeWarp"],"picked":"MoonPhase","floor":1},{"not_picked":["TimeWarp","Comet"],"picked":"InstantArmor","floor":2},{"not_picked":["TrueSight","TimeWarp"],"picked":"Defy","floor":6},{"not_picked":["Deadline","Starlight","Rearm"],"picked":"SKIP","floor":10},{"not_picked":["RealityMarble","DualDimension"],"picked":"PendulumOfEternity","floor":12},{"not_picked":["Replace","Starlight","Reset"],"picked":"SKIP","floor":14}],"player_experience":221114,"relics_obtained":[{"floor":6,"key":"Smiling Mask"},{"floor":9,"key":"Eternal Feather"},{"floor":12,"key":"Shovel"},{"floor":15,"key":"Bronze Scales"}],"event_choices":[{"damage_healed":0,"gold_gain":75,"player_choice":"Gather Gold","damage_taken":11,"max_hp_gain":0,"max_hp_loss":0,"event_name":"World of Goop","floor":4,"gold_loss":0}],"is_beta":false,"boss_relics":[],"items_purged_floors":[],"is_endless":false,"potions_floor_spawned":[1,14],"killed_by":"The Guardian","ascension_level":2}}