{"host":"js2su9tbbk4rmjfl","time":1614126956,"event":{"mods":["AchievementEnabler","BaseMod","Block Reminder","Colored Map","Colored Powertips","Highlight Path","Minty Spire (QoL Compilation)","Relic Stats"],"gold_per_floor":[119,135,60,76,91,91,121,121,121,153,164,314,314,22,22,96,96,112,12,12,23,23,23,57,57,57,57,82,82,101,118,118,118,118],"floor_reached":33,"language":"ENG","playtime":2187,"items_purged":["Doubt","Strike_R"],"score":575,"play_id":"ea58703f-a900-4d55-861b-8474f57c5273","local_time":"20210224013556","is_ascension_mode":true,"campfire_choices":[{"data":"Uppercut","floor":6,"key":"SMITH"},{"data":"Defend_R","floor":8,"key":"SMITH"},{"data":"Metallicize","floor":13,"key":"SMITH"},{"floor":15,"key":"REST"},{"data":"Bludgeon","floor":23,"key":"SMITH"},{"floor":25,"key":"REST"},{"data":"RitualDagger","floor":29,"key":"SMITH"},{"floor":32,"key":"REST"}],"circlet_count":0,"master_deck":["AscendersBane","Strike_R","Strike_R","Strike_R","Defend_R+1","Defend_R","Defend_R","Defend_R","Bash+1","Uppercut+1","Cleave","Shockwave+1","Dropkick","Metallicize+1","Flame Barrier+1","Bludgeon+1","RitualDagger+1","Ghostly Armor","Power Through"],"relics":["Burning Blood","Unceasing Top","Paper Frog","Letter Opener","War Paint","SlaversCollar","Mummified Hand","Dead Branch","Ancient Tea Set","Oddly Smooth Stone"],"acts_visited":["Exordium","TheCity"],"potions_floor_usage":[7,10,16,18,27,31,31,33],"damage_taken":[{"damage":7,"enemies":"Cultist","floor":1,"turns":4},{"damage":9,"enemies":"Jaw Worm","floor":2,"turns":3},{"damage":6,"enemies":"Small Slimes","floor":4,"turns":4},{"damage":13,"enemies":"Blue Slaver","floor":5,"turns":6},{"damage":24,"enemies":"Gremlin Nob","floor":7,"turns":4},{"damage":6,"enemies":"Lagavulin","floor":10,"turns":6},{"damage":12,"enemies":"2 Fungi Beasts","floor":11,"turns":3},{"damage":15,"enemies":"The Guardian","floor":16,"turns":14},{"damage":0,"enemies":"Spheric Guardian","floor":18,"turns":4},{"damage":17,"enemies":"3 Byrds","floor":21,"turns":7},{"damage":27,"enemies":"Slavers","floor":24,"turns":7},{"damage":0,"enemies":"Snake Plant","floor":27,"turns":1},{"damage":27,"enemies":"Gremlin Leader","floor":28,"turns":6},{"damage":16,"enemies":"Shelled Parasite and Fungi","floor":30,"turns":10},{"damage":3,"enemies":"Snecko","floor":31,"turns":6},{"damage":70,"enemies":"Collector","floor":33,"turns":9}],"seed_played":"-7701532000143215522","potions_obtained":[{"floor":2,"key":"SteroidPotion"},{"floor":4,"key":"SmokeBomb"},{"floor":7,"key":"EssenceOfSteel"},{"floor":16,"key":"DistilledChaos"},{"floor":28,"key":"Ancient Potion"},{"floor":30,"key":"Ancient Potion"},{"floor":31,"key":"SteroidPotion"}],"is_trial":false,"path_per_floor":["M","M","?","M","M","R","E","R","T","E","M","?","R","$","R","B",null,"M","$","?","M","T","R","E","R","T","M","E","R","M","M","R","B"],"character_chosen":"IRONCLAD","items_purchased":["War Paint","Explosive Potion"],"campfire_rested":3,"item_purchase_floors":[14,14],"current_hp_per_floor":[67,64,64,64,57,57,39,39,39,39,33,33,33,33,55,46,68,74,74,68,57,57,57,36,58,58,64,43,43,33,36,58,0,0],"gold":118,"neow_bonus":"UPGRADE_CARD","is_daily":false,"chose_seed":false,"campfire_upgraded":5,"win_rate":0.0,"timestamp":1614126956,"path_taken":["M","?","?","M","M","R","E","R","T","E","M","?","R","$","R","BOSS","M","$","?","M","?","R","E","R","T","M","E","R","M","M","R","BOSS"],"items_purchased_type":["Relic","Potion"],"build_version":"2020-12-22","purchased_purges":2,"victory":false,"max_hp_per_floor":[75,75,75,75,75,75,75,75,75,75,75,75,75,75,75,75,75,75,75,75,75,75,75,75,75,75,75,75,75,75,75,75,75,75],"relic_stats":{"counters":[16,94],"Mummified Hand":[11],"Dead Branch":[15],"Letter Opener":[25],"War Paint":["Flame Barrier","Shockwave"],"obtain_stats":[{"SlaversCollar":17,"Mummified Hand":22,"Dead Branch":24,"Oddly Smooth Stone":28,"Letter Opener":10,"War Paint":14,"Ancient Tea Set":26,"Burning Blood":0,"Unceasing Top":7,"Paper Frog":9},{"SlaversCollar":8,"Mummified Hand":10,"Dead Branch":11,"Oddly Smooth Stone":13,"Letter Opener":6,"War Paint":7,"Ancient Tea Set":11,"Burning Blood":0,"Unceasing Top":5,"Paper Frog":5},{"SlaversCollar":44,"Mummified Hand":55,"Dead Branch":62,"Oddly Smooth Stone":69,"Letter Opener":27,"War Paint":30,"Ancient Tea Set":62,"Burning Blood":0,"Unceasing Top":21,"Paper Frog":21}],"Burning Blood":90,"Unceasing Top":[3]},"card_choices":[{"not_picked":["Pommel Strike","Body Slam"],"picked":"Uppercut","floor":1},{"not_picked":["Flex","Carnage"],"picked":"Cleave","floor":2},{"not_picked":["True Grit","Heavy Blade","Headbutt"],"picked":"SKIP","floor":4},{"not_picked":["Armaments","Perfected Strike"],"picked":"Shockwave","floor":5},{"not_picked":["Clash","Disarm"],"picked":"Dropkick","floor":7},{"not_picked":["Feed","Clothesline"],"picked":"Metallicize","floor":10},{"not_picked":["Heavy Blade","Warcry"],"picked":"Flame Barrier","floor":11},{"not_picked":["Berserk","Fiend Fire"],"picked":"Bludgeon","floor":16},{"not_picked":["Anger+1","Iron Wave","Cleave"],"picked":"SKIP","floor":18},{"not_picked":["Flex+1","Bloodletting","Clash"],"picked":"SKIP","floor":21},{"not_picked":["Thunderclap","Heavy Blade+1"],"picked":"Ghostly Armor","floor":24},{"not_picked":["Sword Boomerang","Feed","Cleave"],"picked":"SKIP","floor":28},{"not_picked":["Spot Weakness","Combust"],"picked":"Power Through","floor":30},{"not_picked":["Disarm","Flex","Anger"],"picked":"SKIP","floor":31}],"player_experience":902877,"relics_obtained":[{"floor":7,"key":"Unceasing Top"},{"floor":9,"key":"Paper Frog"},{"floor":10,"key":"Letter Opener"},{"floor":22,"key":"Mummified Hand"},{"floor":24,"key":"Dead Branch"},{"floor":26,"key":"Ancient Tea Set"},{"floor":28,"key":"Oddly Smooth Stone"}],"event_choices":[{"cards_removed":["Strike_R"],"damage_healed":0,"gold_gain":0,"player_choice":"Card Removal","damage_taken":0,"max_hp_gain":0,"max_hp_loss":0,"event_name":"The Cleric","floor":3,"gold_loss":75},{"damage_healed":0,"gold_gain":150,"player_choice":"AGREE","damage_taken":0,"max_hp_gain":0,"max_hp_loss":0,"event_name":"Liars Game","floor":12,"gold_loss":0,"cards_obtained":["Doubt"]},{"damage_healed":0,"gold_gain":0,"player_choice":"Joined the Cult","damage_taken":6,"max_hp_gain":0,"max_hp_loss":0,"event_name":"Nest","floor":20,"gold_loss":0,"cards_obtained":["RitualDagger"]}],"is_beta":false,"boss_relics":[{"not_picked":["Pandora\u0027s Box","Runic Cube"],"picked":"SlaversCollar"}],"items_purged_floors":[14,19],"is_endless":false,"potions_floor_spawned":[2,4,7,16,28,30,31],"killed_by":"Collector","ascension_level":19}}