{"host":"jgl9m63d23sfproq","time":1614127649,"event":{"mods":["Act Like it!","Aspiration","Bard","BaseMod","Bossed Relics","Colored Map","Conspire","Dark Map","DeckTracker","Downfall","Friendly Minions","Gensokyo","Jedi Mod","Marisa¡]Ãú«B¡@Å]²z¨F¡^","Minty Spire (QoL Compilation)","Reliquary","Replay The Spire","Shop Mod","Smile Girya","StSLib","The Blackbeard","The Construct","The Jungle","The Mystic","The Runesmith","The Servant 0.9.4","Wide Potions","Yuyuko"],"gold_per_floor":[118,118,118,68,111,156,156,156,156,156,192,232,278,307,307,321,321],"floor_reached":16,"language":"ZHS","playtime":455,"items_purged":[],"score":135,"play_id":"91d19008-06f0-436e-9d2a-8a2c5c6dbe63","local_time":"20210224084729","is_ascension_mode":false,"campfire_choices":[{"floor":7,"key":"REST"},{"floor":10,"key":"REST"},{"floor":15,"key":"REST"}],"circlet_count":0,"master_deck":["Strike_G","Strike_G","Strike_G","Strike_G","Strike_G","Defend_G","Defend_G","Defend_G","Defend_G","Defend_G","Survivor","Neutralize","conspire:SpireCoStock","Slice","Accuracy","Neutralize","Glass Knife","Phantasmal Killer","Prepared"],"relics":["Ring of the Snake","aspiration:Nostalgia","m_SnakeCloak","White Beast Statue","reliquary:WeakTea","Nunchaku"],"acts_visited":["Exordium"],"potions_floor_usage":[6,13,16],"damage_taken":[{"damage":4,"enemies":"Cultist","floor":1,"turns":4},{"damage":2,"enemies":"conspire:RoseBush","floor":5,"turns":3},{"damage":61,"enemies":"Lagavulin","floor":6,"turns":10},{"damage":11,"enemies":"Small Slimes","floor":11,"turns":3},{"damage":0,"enemies":"3 Louse","floor":12,"turns":3},{"damage":0,"enemies":"Gremlin Nob","floor":13,"turns":2},{"damage":10,"enemies":"conspire:2 RoseBushes","floor":14,"turns":2},{"damage":50,"enemies":"Slime Boss","floor":16,"turns":11}],"seed_played":"4170517536874497122","potions_obtained":[{"floor":5,"key":"SteroidPotion"},{"floor":11,"key":"Fire Potion"},{"floor":12,"key":"Block Potion"},{"floor":13,"key":"Poison Potion"},{"floor":14,"key":"Elixir"}],"is_trial":false,"path_per_floor":["M","$","$","?","M","E","R","?","T","R","M","M","E","M","R","B"],"character_chosen":"THE_SILENT","items_purchased":[],"campfire_rested":3,"item_purchase_floors":[],"current_hp_per_floor":[66,66,66,66,64,3,24,24,24,45,34,34,34,24,45,0,0],"gold":321,"neow_bonus":"NOSTALGIA","is_daily":false,"chose_seed":false,"campfire_upgraded":0,"win_rate":0.0,"timestamp":1614127649,"path_taken":["M","?","$","?","M","E","R","?","T","R","M","M","E","M","R","BOSS"],"items_purchased_type":[],"build_version":"2020-12-22","purchased_purges":0,"victory":false,"max_hp_per_floor":[70,70,70,70,70,70,70,70,70,70,70,70,70,70,70,70,70],"card_choices":[{"not_picked":["Quick Slash","PiercingWail","Backflip"],"picked":"SKIP","floor":1},{"not_picked":["Poisoned Stab","ReplayTheSpireMod:The Works"],"picked":"Slice","floor":5},{"not_picked":["Expertise","Deadly Poison"],"picked":"Accuracy","floor":6},{"not_picked":["Leg Sweep","Blur"],"picked":"Phantasmal Killer","floor":11},{"not_picked":["Dash","Backflip","Flying Knee"],"picked":"SKIP","floor":12},{"not_picked":["Skewer","Eviscerate","ReplayTheSpireMod:Exploit Weakness"],"picked":"SKIP","floor":13},{"not_picked":["Replay:Bag of Tricks","Predator"],"picked":"Prepared","floor":14}],"player_experience":59843,"relics_obtained":[{"floor":6,"key":"White Beast Statue"},{"floor":9,"key":"reliquary:WeakTea"},{"floor":13,"key":"Nunchaku"}],"event_choices":[{"damage_healed":0,"gold_gain":0,"player_choice":"Invest 1","damage_taken":0,"max_hp_gain":0,"max_hp_loss":0,"event_name":"conspire:Investor","floor":4,"gold_loss":0},{"damage_healed":0,"gold_gain":0,"player_choice":"2 cards matched","damage_taken":0,"max_hp_gain":0,"max_hp_loss":0,"event_name":"Match and Keep!","floor":8,"gold_loss":0,"cards_obtained":["Neutralize","Glass Knife"]}],"is_beta":false,"boss_relics":[],"items_purged_floors":[],"is_endless":false,"potions_floor_spawned":[5,11,12,13,14],"killed_by":"Slime Boss","ascension_level":0}}