{"host":"6a9c3xws62y7efyw","time":1614148802,"event":{"mods":["BaseMod","Colored Map","Minty Spire (QoL Compilation)","Relic Stats","StSLib"],"gold_per_floor":[110,127,127,127,139,139,169,184,208,227,245,263,74,108,108,187,187,205,222,238,30,44,71,71,71,94,94,94],"floor_reached":27,"language":"ENG","playtime":1226,"items_purged":[],"score":594,"play_id":"8aef1598-8cb5-4208-a909-84ccff8fe7ef","local_time":"20210223224002","is_ascension_mode":true,"campfire_choices":[{"data":"Envenom","floor":6,"key":"SMITH"},{"floor":15,"key":"REST"},{"floor":24,"key":"REST"}],"circlet_count":0,"master_deck":["AscendersBane","Strike_G","Strike_G","Strike_G","Strike_G+1","Defend_G","Defend_G","Defend_G","Defend_G","Survivor+1","Neutralize","Envenom+1","Poisoned Stab","Dagger Spray","Cloak And Dagger","Backflip","Tools of the Trade","Leg Sweep","Underhanded Strike","Quick Slash","Burst","Backstab","Footwork","Crippling Poison","Corpse Explosion","Cloak And Dagger","Dagger Throw+1","Escape Plan"],"relics":["Ring of the Snake","Strawberry","Pen Nib","Bronze Scales","Runic Pyramid","Frozen Eye","Gambling Chip","Orichalcum"],"acts_visited":["Exordium","TheCity"],"potions_floor_usage":[7,7,12,14,16,23,23],"damage_taken":[{"damage":1,"enemies":"Jaw Worm","floor":1,"turns":5},{"damage":0,"enemies":"Small Slimes","floor":2,"turns":2},{"damage":0,"enemies":"Cultist","floor":5,"turns":3},{"damage":9,"enemies":"3 Sentries","floor":7,"turns":6},{"damage":1,"enemies":"Lots of Slimes","floor":8,"turns":4},{"damage":4,"enemies":"2 Fungi Beasts","floor":10,"turns":4},{"damage":0,"enemies":"Looter","floor":11,"turns":3},{"damage":3,"enemies":"Exordium Thugs","floor":12,"turns":4},{"damage":8,"enemies":"Gremlin Nob","floor":14,"turns":3},{"damage":0,"enemies":"The Guardian","floor":16,"turns":14},{"damage":8,"enemies":"2 Thieves","floor":18,"turns":3},{"damage":0,"enemies":"3 Byrds","floor":19,"turns":3},{"damage":1,"enemies":"Cultist and Chosen","floor":20,"turns":8},{"damage":10,"enemies":"Snake Plant","floor":22,"turns":5},{"damage":28,"enemies":"Book of Stabbing","floor":23,"turns":5},{"damage":15,"enemies":"Slavers","floor":27,"turns":1}],"seed_played":"2812669306341977259","potions_obtained":[{"floor":2,"key":"CultistPotion"},{"floor":4,"key":"AttackPotion"},{"floor":7,"key":"SkillPotion"},{"floor":10,"key":"Block Potion"},{"floor":14,"key":"FearPotion"},{"floor":16,"key":"CunningPotion"},{"floor":19,"key":"Energy Potion"}],"is_trial":false,"path_per_floor":["M","M","?","?","M","R","E","M","T","M","M","M","$","E","R","B",null,"M","M","M","$","M","E","R","?","T","E"],"character_chosen":"THE_SILENT","items_purchased":["Backstab","Footwork","Strength Potion","Frozen Eye","Escape Plan"],"campfire_rested":2,"item_purchase_floors":[13,13,13,21,21],"current_hp_per_floor":[43,43,23,23,23,23,21,20,20,16,16,13,13,5,26,26,61,53,53,52,52,42,14,35,14,14,0,0],"gold":94,"neow_bonus":"TRANSFORM_TWO_CARDS","is_daily":false,"chose_seed":false,"campfire_upgraded":1,"win_rate":0.0,"timestamp":1614148802,"path_taken":["M","M","?","?","M","R","E","?","T","M","M","M","$","E","R","BOSS","M","?","M","$","M","E","R","?","T","E"],"items_purchased_type":["Card","Card","Potion","Relic","Card"],"build_version":"2020-12-22","purchased_purges":0,"victory":false,"max_hp_per_floor":[66,66,66,66,66,66,73,73,73,73,73,73,73,73,73,73,73,73,73,73,73,73,73,73,78,78,78,78],"relic_stats":{"counters":[16,73],"Bronze Scales":[165],"Gambling Chip":[3],"Pen Nib":[9],"Orichalcum":[6],"obtain_stats":[{"Frozen Eye":21,"Strawberry":7,"Bronze Scales":14,"Gambling Chip":23,"Pen Nib":9,"Orichalcum":26,"Ring of the Snake":0,"Runic Pyramid":17},{"Frozen Eye":13,"Strawberry":4,"Bronze Scales":9,"Gambling Chip":15,"Pen Nib":5,"Orichalcum":15,"Ring of the Snake":0,"Runic Pyramid":10},{"Frozen Eye":62,"Strawberry":16,"Bronze Scales":34,"Gambling Chip":72,"Pen Nib":20,"Orichalcum":72,"Ring of the Snake":0,"Runic Pyramid":48}],"Ring of the Snake":[32]},"card_choices":[{"not_picked":["Backflip","Calculated Gamble"],"picked":"Dagger Spray","floor":1},{"not_picked":["Bane","Accuracy"],"picked":"Cloak And Dagger","floor":2},{"not_picked":["Endless Agony","Dagger Spray"],"picked":"Backflip","floor":5},{"not_picked":["Blade Dance","Underhanded Strike"],"picked":"Tools of the Trade","floor":7},{"not_picked":["Dodge and Roll","Deadly Poison"],"picked":"Leg Sweep","floor":8},{"not_picked":["Choke","Prepared"],"picked":"Underhanded Strike","floor":10},{"not_picked":["Dodge and Roll","Dagger Spray"],"picked":"Quick Slash","floor":11},{"not_picked":["Caltrops","Expertise"],"picked":"Burst","floor":12},{"not_picked":["Setup","Expertise"],"picked":"Crippling Poison","floor":14},{"not_picked":["Envenom","Venomology"],"picked":"Corpse Explosion","floor":16},{"not_picked":["PiercingWail+1","Backflip"],"picked":"Cloak And Dagger","floor":18},{"not_picked":["Dagger Spray","Bane","Sucker Punch"],"picked":"SKIP","floor":19},{"not_picked":["Bane","Slice"],"picked":"Dagger Throw+1","floor":20},{"not_picked":["Finisher","Setup","Backflip"],"picked":"SKIP","floor":22},{"not_picked":["Dagger Throw","Deadly Poison","Bane"],"picked":"SKIP","floor":23}],"player_experience":1583714,"relics_obtained":[{"floor":7,"key":"Strawberry"},{"floor":9,"key":"Pen Nib"},{"floor":14,"key":"Bronze Scales"},{"floor":23,"key":"Gambling Chip"},{"floor":26,"key":"Orichalcum"}],"event_choices":[{"damage_healed":0,"gold_gain":0,"player_choice":"Entered Light","damage_taken":20,"max_hp_gain":0,"max_hp_loss":0,"event_name":"Shining Light","floor":3,"gold_loss":0,"cards_upgraded":["Survivor","Strike_G"]},{"damage_healed":0,"gold_gain":0,"player_choice":"Got Potions","damage_taken":0,"max_hp_gain":0,"max_hp_loss":0,"event_name":"Lab","floor":4,"gold_loss":0},{"damage_healed":0,"gold_gain":0,"player_choice":"Shed Blood","damage_taken":26,"max_hp_gain":5,"max_hp_loss":0,"event_name":"Forgotten Altar","floor":25,"gold_loss":0}],"is_beta":false,"boss_relics":[{"not_picked":["Coffee Dripper","Ring of the Serpent"],"picked":"Runic Pyramid"}],"items_purged_floors":[],"is_endless":false,"potions_floor_spawned":[2,5,7,10,14,16,18,19],"killed_by":"Slavers","ascension_level":20}}