{"host":"soyfmymeou4emntr","time":1614139713,"event":{"mods":["BaseMod","Custom Start","Minty Spire (QoL Compilation)","Permanent Neow","Relic Sorter","Relic Stats","StSLib"],"gold_per_floor":[362,372,386,76,76,76,108,108,160,190,220,240,240,23,23,100,100,115,115,165,90,102,102,133,133,133,133,133,133,133,145,145,220,220,232,248,248,266,95,95,128,148,230,246,256,276,276,276],"floor_reached":47,"language":"ENG","playtime":3479,"items_purged":[],"score":1241,"play_id":"69b440a1-abb0-444d-9e7c-581c9d8f1440","local_time":"20210223210833","is_ascension_mode":true,"campfire_choices":[{"data":"Sadistic Nature","floor":6.0,"key":"SMITH"},{"floor":8.0,"key":"REST"},{"data":"Footwork","floor":13.0,"key":"SMITH"},{"floor":15.0,"key":"REST"},{"floor":23.0,"key":"REST"},{"data":"Leg Sweep","floor":25.0,"key":"SMITH"},{"floor":27.0,"key":"REST"},{"data":"Adrenaline","floor":29.0,"key":"SMITH"},{"data":"Sadistic Nature","floor":32.0,"key":"SMITH"},{"data":"Bouncing Flask","floor":40.0,"key":"SMITH"}],"circlet_count":0,"master_deck":["AscendersBane","Strike_G+1","Strike_G+1","Strike_G+1","Strike_G+1","Defend_G+1","Defend_G+1","Defend_G+1","Defend_G+1","Defend_G+1","Survivor","Neutralize+1","Cloak And Dagger","Quick Slash","Sucker Punch","Sadistic Nature+1","Poisoned Stab","Footwork+1","Poisoned Stab","Dagger Spray","Sadistic Nature+1","Adrenaline+1","Dash","PiercingWail+1","Leg Sweep+1","Backflip","Noxious Fumes+1","Dodge and Roll","Envenom+1","Caltrops+1","Tools of the Trade+1","Bouncing Flask+1","Leg Sweep+1","Wraith Form v2+1","Calculated Gamble"],"relics":["Ring of the Snake","Pen Nib","Dream Catcher","Nunchaku","Bottled Flame","Velvet Choker","Nilry\u0027s Codex","Ice Cream","Frozen Egg 2","SlaversCollar","Orrery","Omamori"],"acts_visited":["Exordium","TheCity","TheBeyond"],"potions_floor_usage":[47],"damage_taken":[{"damage":0.0,"enemies":"Cultist","floor":1.0,"turns":4.0},{"damage":0.0,"enemies":"2 Louse","floor":2.0,"turns":4.0},{"damage":3.0,"enemies":"Jaw Worm","floor":3.0,"turns":4.0},{"damage":23.0,"enemies":"Lagavulin","floor":7.0,"turns":8.0},{"damage":15.0,"enemies":"3 Sentries","floor":11.0,"turns":7.0},{"damage":3.0,"enemies":"Exordium Wildlife","floor":12.0,"turns":4.0},{"damage":0.0,"enemies":"Slime Boss","floor":16.0,"turns":6.0},{"damage":22.0,"enemies":"Spheric Guardian","floor":18.0,"turns":4.0},{"damage":4.0,"enemies":"Chosen","floor":22.0,"turns":4.0},{"damage":0.0,"enemies":"Gremlin Leader","floor":24.0,"turns":7.0},{"damage":0.0,"enemies":"3 Cultists","floor":31.0,"turns":3.0},{"damage":0.0,"enemies":"Champ","floor":33.0,"turns":11.0},{"damage":0.0,"enemies":"Orb Walker","floor":35.0,"turns":4.0},{"damage":15.0,"enemies":"3 Darklings","floor":36.0,"turns":4.0},{"damage":4.0,"enemies":"Transient","floor":38.0,"turns":6.0},{"damage":11.0,"enemies":"Nemesis","floor":41.0,"turns":5.0},{"damage":2.0,"enemies":"Sphere and 2 Shapes","floor":42.0,"turns":7.0},{"damage":4.0,"enemies":"Writhing Mass","floor":44.0,"turns":6.0},{"damage":21.0,"enemies":"Jaw Worm Horde","floor":45.0,"turns":4.0},{"damage":2,"enemies":"Sphere and 2 Shapes","floor":46,"turns":7},{"damage":8,"enemies":"Reptomancer","floor":47,"turns":3}],"seed_played":"-8185237036428912595","potions_obtained":[{"floor":7.0,"key":"Explosive Potion"},{"floor":11.0,"key":"Strength Potion"},{"floor":12.0,"key":"Poison Potion"},{"floor":24.0,"key":"AttackPotion"},{"floor":35.0,"key":"DuplicationPotion"},{"floor":38.0,"key":"Weak Potion"}],"is_trial":false,"path_per_floor":["M","M","M","$","?","R","E","R","T","?","E","M","R","$","R","B",null,"M","?","?","?","M","R","E","R","T","R","?","R","?","M","R","B",null,"M","M","?","M","$","R","E","M","T","M","M","M","E"],"character_chosen":"THE_SILENT","items_purchased":["Sadistic Nature","Poisoned Stab","Block Potion","Sadistic Nature","Orrery"],"campfire_rested":4,"item_purchase_floors":[4,4,4,14,39],"current_hp_per_floor":[44,44,41,41,41,41,18,37,37,37,22,19,19,19,38,38,59,37,16,16,16,12,31,31,31,31,50,50,50,50,50,50,50,62,62,47,47,43,43,43,32,30,30,26,5,3,0,0],"gold":276,"neow_bonus":"TWO_FIFTY_GOLD","is_daily":false,"chose_seed":false,"campfire_upgraded":6,"win_rate":0.0,"timestamp":1614139713,"path_taken":["M","M","?","$","?","R","E","R","T","?","E","M","R","$","R","BOSS","M","?","?","?","M","R","E","R","T","R","?","R","?","M","R","BOSS","M","M","?","M","$","R","E","M","T","?","M","M","E"],"items_purchased_type":["Card","Card","Potion","Card","Relic"],"build_version":"2020-12-22","purchased_purges":0,"victory":false,"max_hp_per_floor":[66,66,66,66,66,66,66,66,66,66,66,66,66,66,66,66,66,66,66,66,66,66,66,66,66,66,66,66,66,66,66,66,66,66,66,66,66,66,66,66,66,66,66,66,66,66,66,66],"relic_stats":{"Dream Catcher":3,"Nunchaku":[16],"counters":[21,112],"Pen Nib":[16],"obtain_stats":[{"Ice Cream":24,"SlaversCollar":34,"Dream Catcher":9,"Nunchaku":10,"Bottled Flame":11,"Nilry\u0027s Codex":19,"Velvet Choker":17,"Orrery":39,"Pen Nib":7,"Omamori":41,"Frozen Egg 2":26,"Ring of the Snake":0},{"Ice Cream":10,"SlaversCollar":12,"Dream Catcher":4,"Nunchaku":4,"Bottled Flame":5,"Nilry\u0027s Codex":8,"Velvet Choker":7,"Orrery":15,"Pen Nib":4,"Omamori":16,"Frozen Egg 2":10,"Ring of the Snake":0},{"Ice Cream":52,"SlaversCollar":66,"Dream Catcher":20,"Nunchaku":20,"Bottled Flame":27,"Nilry\u0027s Codex":41,"Velvet Choker":37,"Orrery":80,"Pen Nib":20,"Omamori":85,"Frozen Egg 2":52,"Ring of the Snake":0}],"Ring of the Snake":[42]},"card_choices":[{"not_picked":["Deflect","Dodge and Roll"],"picked":"Cloak And Dagger","floor":1.0},{"not_picked":["Distraction","Flying Knee"],"picked":"Quick Slash","floor":2.0},{"not_picked":["Prepared","Acrobatics"],"picked":"Sucker Punch","floor":3.0},{"not_picked":["Quick Slash","Eviscerate"],"picked":"Footwork","floor":7.0},{"not_picked":["Dagger Spray","Blur"],"picked":"Poisoned Stab","floor":11.0},{"not_picked":["Skewer","Slice"],"picked":"Dagger Spray","floor":12.0},{"not_picked":["After Image","Glass Knife"],"picked":"Adrenaline","floor":16.0},{"not_picked":["Endless Agony","Flying Knee","Quick Slash+1"],"picked":"SKIP","floor":18.0},{"not_picked":["Deadly Poison","Escape Plan"],"picked":"Dash","floor":22.0},{"not_picked":["Underhanded Strike+1","Infinite Blades"],"picked":"PiercingWail+1","floor":23.0},{"not_picked":["Sucker Punch","Quick Slash"],"picked":"Leg Sweep","floor":24.0},{"not_picked":["Slice","Prepared"],"picked":"Backflip","floor":27.0},{"not_picked":["Escape Plan","Underhanded Strike"],"picked":"Dodge and Roll","floor":31.0},{"not_picked":["Grand Finale","Bullet Time"],"picked":"Envenom+1","floor":33.0},{"not_picked":["Dagger Throw","Outmaneuver","Dodge and Roll"],"picked":"SKIP","floor":35.0},{"not_picked":["Blade Dance","Flying Knee"],"picked":"Caltrops+1","floor":36.0},{"not_picked":["Poisoned Stab","Deflect"],"picked":"Tools of the Trade+1","floor":38.0},{"not_picked":["Sucker Punch","Poisoned Stab+1"],"picked":"Bouncing Flask","floor":39.0},{"not_picked":["Flying Knee","Dagger Throw+1"],"picked":"Leg Sweep+1","floor":39.0},{"not_picked":["Crippling Poison","Eviscerate"],"picked":"Wraith Form v2+1","floor":41.0},{"not_picked":["Underhanded Strike","Finisher+1","Infinite Blades+1"],"picked":"SKIP","floor":42.0},{"not_picked":["Leg Sweep","Infinite Blades+1"],"picked":"Calculated Gamble","floor":44.0},{"not_picked":["Backstab","Dagger Spray+1","Reflex"],"picked":"SKIP","floor":45.0},{"not_picked":["Dodge and Roll","Dash","Heel Hook"],"picked":"SKIP","floor":46}],"player_experience":3518570,"relics_obtained":[{"floor":7.0,"key":"Pen Nib"},{"floor":9.0,"key":"Dream Catcher"},{"floor":11.0,"key":"Bottled Flame"},{"floor":19.0,"key":"Nilry\u0027s Codex"},{"floor":24.0,"key":"Ice Cream"},{"floor":26.0,"key":"Frozen Egg 2"},{"floor":41.0,"key":"Omamori"}],"event_choices":[{"damage_healed":0.0,"max_hp_gain":0.0,"max_hp_loss":0.0,"gold_gain":0.0,"event_name":"Liars Game","player_choice":"Ignored","floor":5.0,"gold_loss":0.0,"damage_taken":0.0},{"damage_healed":0.0,"max_hp_gain":0.0,"max_hp_loss":0.0,"gold_gain":30.0,"event_name":"Dead Adventurer","player_choice":"Searched \u00272\u0027 times","floor":10.0,"gold_loss":0.0,"damage_taken":0.0,"relics_obtained":["Nunchaku"]},{"damage_healed":0.0,"max_hp_gain":0.0,"max_hp_loss":0.0,"gold_gain":0.0,"event_name":"Cursed Tome","player_choice":"Obtained Book","floor":19.0,"gold_loss":0.0,"damage_taken":21.0},{"damage_healed":0.0,"max_hp_gain":0.0,"max_hp_loss":0.0,"gold_gain":50.0,"event_name":"Nest","player_choice":"Stole From Cult","floor":20.0,"gold_loss":0.0,"damage_taken":0.0},{"cards_removed":["Strike_G"],"damage_healed":0.0,"max_hp_gain":0.0,"max_hp_loss":0.0,"gold_gain":0.0,"event_name":"Beggar","player_choice":"Gave Gold","floor":21.0,"gold_loss":75.0,"damage_taken":0.0},{"damage_healed":0.0,"max_hp_gain":0.0,"max_hp_loss":0.0,"gold_gain":0.0,"event_name":"The Library","player_choice":"Read","floor":28.0,"gold_loss":0.0,"damage_taken":0.0,"cards_obtained":["Noxious Fumes"]},{"damage_healed":0.0,"max_hp_gain":0.0,"max_hp_loss":0.0,"gold_gain":0.0,"event_name":"Back to Basics","player_choice":"Simplicity","floor":30.0,"gold_loss":0.0,"damage_taken":0.0,"cards_upgraded":["Strike_G","Strike_G","Strike_G","Strike_G","Defend_G","Defend_G","Defend_G","Defend_G","Defend_G"]},{"damage_healed":0.0,"max_hp_gain":0.0,"max_hp_loss":0.0,"gold_gain":0.0,"event_name":"Upgrade Shrine","player_choice":"Upgraded","floor":37.0,"gold_loss":0.0,"damage_taken":0.0,"cards_upgraded":["Neutralize"]}],"is_beta":false,"boss_relics":[{"not_picked":["Sozu","Tiny House"],"picked":"Velvet Choker"},{"not_picked":["Pandora\u0027s Box","HoveringKite"],"picked":"SlaversCollar"}],"items_purged_floors":[],"is_endless":false,"potions_floor_spawned":[7,11,12,24,35,38,42],"killed_by":"Reptomancer","ascension_level":20}}