{"host":"4xh8v5undae39mue","time":1614200393,"event":{"mods":["AchievementEnabler","BaseMod","Minty Spire (QoL Compilation)"],"gold_per_floor":[116,132,12,27,27,27,62,62,62,94,94,107,33,52,52,155,155,166,176,176,176],"floor_reached":20,"language":"ENG","playtime":1671,"items_purged":[],"score":230,"play_id":"d13b00da-a68a-442f-8a5f-29195419d5d0","local_time":"20210224155953","is_ascension_mode":true,"campfire_choices":[{"data":"Choke","floor":6,"key":"SMITH"},{"data":"Catalyst","floor":8,"key":"SMITH"},{"floor":11,"key":"REST"},{"floor":15,"key":"REST"}],"circlet_count":0,"master_deck":["Survivor","Neutralize","Normality","Endless Agony","Catalyst+1","PiercingWail","Poisoned Stab","Setup+1","Choke+1","Heel Hook","Footwork","Sucker Punch","Bouncing Flask","Die Die Die","Adrenaline","Terror","Caltrops","Heel Hook","Terror","Calculated Gamble","Venomology","All Out Attack","Backflip","Poisoned Stab","Bane"],"relics":["Ring of the Snake","Pocketwatch","Paper Crane","Tough Bandages","Pandora\u0027s Box"],"acts_visited":["Exordium","TheCity"],"potions_floor_usage":[7,10,14,14,16,16,19],"damage_taken":[{"damage":0,"enemies":"Cultist","floor":1,"turns":4},{"damage":2,"enemies":"Jaw Worm","floor":2,"turns":5},{"damage":7,"enemies":"Small Slimes","floor":4,"turns":4},{"damage":31,"enemies":"Lagavulin","floor":7,"turns":6},{"damage":25,"enemies":"3 Sentries","floor":10,"turns":9},{"damage":0,"enemies":"3 Louse","floor":12,"turns":4},{"damage":3,"enemies":"Lots of Slimes","floor":14,"turns":4},{"damage":34,"enemies":"Slime Boss","floor":16,"turns":13},{"damage":7,"enemies":"3 Byrds","floor":18,"turns":3},{"damage":36,"enemies":"Shell Parasite","floor":19,"turns":5},{"damage":12,"enemies":"Masked Bandits","floor":20,"turns":2}],"seed_played":"6650144755538483268","potions_obtained":[{"floor":4,"key":"Swift Potion"},{"floor":7,"key":"Ancient Potion"},{"floor":10,"key":"Fire Potion"},{"floor":12,"key":"Ancient Potion"},{"floor":14,"key":"Swift Potion"},{"floor":18,"key":"SpeedPotion"}],"is_trial":false,"path_per_floor":["M","M","$","M","?","R","E","R","T","E","R","M","$","M","R","B",null,"M","M","?"],"character_chosen":"THE_SILENT","items_purchased":["Setup","Block Potion","Bouncing Flask"],"campfire_rested":2,"item_purchase_floors":[3,3,13],"current_hp_per_floor":[70,68,68,61,61,61,30,30,30,5,26,26,26,23,44,10,55,48,12,0,0],"gold":176,"neow_bonus":"TRANSFORM_TWO_CARDS","is_daily":false,"chose_seed":false,"campfire_upgraded":2,"win_rate":0.0,"timestamp":1614200393,"path_taken":["M","M","$","M","?","R","E","R","T","E","R","M","?","M","R","BOSS","M","M","?"],"items_purchased_type":["Card","Potion","Card"],"build_version":"2020-12-22","purchased_purges":0,"victory":false,"max_hp_per_floor":[70,70,70,70,70,70,70,70,70,70,70,70,70,70,70,70,70,70,70,70,70],"card_choices":[{"not_picked":["Quick Slash","Underhanded Strike"],"picked":"PiercingWail","floor":1},{"not_picked":["All Out Attack","Deflect"],"picked":"Poisoned Stab","floor":2},{"not_picked":["Flechettes","Flying Knee"],"picked":"Choke","floor":4},{"not_picked":["Endless Agony","Choke"],"picked":"Heel Hook","floor":7},{"not_picked":["Dagger Throw","Sucker Punch"],"picked":"Footwork","floor":10},{"not_picked":["Cloak And Dagger","Flechettes"],"picked":"Sucker Punch","floor":12},{"not_picked":["Slice","Blade Dance"],"picked":"Die Die Die","floor":14},{"not_picked":["Phantasmal Killer","Glass Knife"],"picked":"Adrenaline","floor":16},{"not_picked":["Cloak And Dagger","Masterful Stab+1"],"picked":"Poisoned Stab","floor":18},{"not_picked":["Predator","Outmaneuver"],"picked":"Bane","floor":19}],"player_experience":258431,"relics_obtained":[{"floor":7,"key":"Pocketwatch"},{"floor":9,"key":"Paper Crane"},{"floor":10,"key":"Tough Bandages"}],"event_choices":[{"damage_healed":0,"gold_gain":0,"player_choice":"Forge","damage_taken":0,"max_hp_gain":0,"max_hp_loss":0,"event_name":"Accursed Blacksmith","floor":5,"gold_loss":0,"cards_upgraded":["Setup"]},{"damage_healed":0,"gold_gain":0,"player_choice":"Fought Bandits","damage_taken":0,"max_hp_gain":0,"max_hp_loss":0,"event_name":"Masked Bandits","floor":20,"gold_loss":0}],"is_beta":false,"boss_relics":[{"not_picked":["Ectoplasm","SlaversCollar"],"picked":"Pandora\u0027s Box"}],"items_purged_floors":[],"is_endless":false,"potions_floor_spawned":[4,7,10,12,14,18],"killed_by":"Masked Bandits","ascension_level":5}}