{"host":"djiix4i1c37u08ye","time":1614139397,"event":{"mods":["Act Like it!","BaseMod","Better Altar","Better Match","Better Skull","Better Third Choice","Bossed Relics","Colored Map","Gold Saver","Minty Spire (QoL Compilation)","Pale of the Ancients","Rare Cards Sparkle","Replay The Spire","Spicy Shops","StSLib","The Animator","The Blue Laboratory","Wandering Minibosses"],"gold_per_floor":[163,221,279,1,1,99,180,296,296,296,400,52,139,214,214,214,214,214,214,514,514,558,7,61,119,176,269,354,474,474,474,474,474,43,137,137,458,458,502,584,47,98,98,0,122,214,266,388,478,595,695,170,326,232,306,322,282,90,90,168,168,191,191,225],"floor_reached":65,"language":"ENG","playtime":8013,"items_purged":[],"score":1911,"play_id":"e0129002-4bb2-4cd8-8064-8ed2a9fe6c5d","local_time":"20210223230317","daily_mods":["Draft","Vintage","Red Cards","Blue Cards","Colorless Cards","Heirloom","Time Dilation","Flight","DeadlyEvents","Elite Swarm","Midas"],"is_ascension_mode":false,"campfire_choices":[{"floor":19.0,"key":"REST"},{"floor":31.0,"key":"REST"},{"data":"Seeing Red","floor":36.0,"key":"SMITH"}],"circlet_count":0,"master_deck":["Sweeping Beam","Iron Wave","animator:Shigure","Stack","animator:GuildGirl","Sunder","animator:Gillette","animator:DolaRiku","animator:Spearman","animator:ElricAlphonse","animator:Pride","Seeing Red+1","Iron Wave","Conserve Battery","Capacitor","Cold Snap","Conserve Battery+1","Carnage","animator:ShinjiMatou","HandOfGreed","Enlightenment","Crow Ritual","Mirror Shield","animator:Kira","animator:PinaCoLada+1","animator:Ainz","animator:Tatsumaki","animator:Scar+1","Secret Weapon","animator:Emilia","Buffer","Whirlwind","Storm","animator:OrikoMikuni+1","Discovery","Pot Of Greed+1","Pot Of Greed+1","Pot Of Greed+1","animator:Wiz","Pot Of Greed+1","Creative AI","animator:Elesis","animator:Arpeggio","The Bomb","Impervious+1","Replay:Parry","Madness+1","Madness+1","animator:Greed","animator:Saitama+1","Echo Form","Pot Of Greed+1","Hologram+1","Hologram+1","Swift Strike","animator:Curse_Dizziness","Sword Boomerang+1","Hello World","animator:Kaijin"],"relics":["FrozenCore","Ring of Chaos","Replay:PocketPolymizer","Anchor","The Courier","Pondfish Scales","ReplayTheSpireMod:ShopPack","NeowsBlessing","Darkstone Periapt","Mummified Hand","Eternal Feather","Du-Vu Doll","NeowsBlessing","Blue Candle","Medical Kit","ReplayTheSpireMod:TigerMarble","Happy Flower","Replay:Wax Seal","SlaversCollar","StrikeDummy","Replay:Multitool","Shuriken","Carrot","Grinning Jar","ReplayTheSpireMod:Shallot","Singing Bowl","Counterbalance","Mirror","Blue Doll","TheAbacus","Replay:Bandana","Kunai","Toxic Egg 2","Letter Opener","Toolbox","Symbiotic Virus","Pet Ghost","Replay:Bottled Eggs","Replay:Bottled Flurry","Red Mask","Divine Protection","Onion Ring","Gremlin Food","Potion Belt","Replay:Bottled Snecko","Pantograph","Strawberry","Runic Capacitor","Guide Book","paleoftheancients:Timepiece","White Beast Statue","ReplayTheSpireMod:CursedCoin","Unceasing Top","paleoftheancients:SoulOfTheHexaghost","Boot","GremlinMask","ReplayFunnel"],"acts_visited":["Exordium","TheCity","TheBeyond","paleoftheancients:PaleOfTheAncients"],"potions_floor_usage":[54,55,55,56,56,60,60,60,60,64,64,64,64,64,64],"damage_taken":[{"damage":0.0,"enemies":"Small Slimes","floor":1.0,"turns":3.0},{"damage":0.0,"enemies":"2 Louse","floor":2.0,"turns":2.0},{"damage":0.0,"enemies":"Cultist","floor":3.0,"turns":2.0},{"damage":0.0,"enemies":"Gremlin Nob","floor":6.0,"turns":1.0},{"damage":0.0,"enemies":"Replay:BlueRogue","floor":7.0,"turns":1.0},{"damage":0.0,"enemies":"3 Sentries","floor":8.0,"turns":1.0},{"damage":0.0,"enemies":"Lagavulin","floor":11.0,"turns":1.0},{"damage":0.0,"enemies":"Gremlin Nob","floor":13.0,"turns":1.0},{"damage":0.0,"enemies":"Lagavulin","floor":14.0,"turns":1.0},{"damage":19.0,"enemies":"The Guardian","floor":20.0,"turns":7.0},{"damage":0.0,"enemies":"2 Thieves","floor":22.0,"turns":3.0},{"damage":0.0,"enemies":"Spheric Guardian","floor":24.0,"turns":3.0},{"damage":4.0,"enemies":"Snecko","floor":25.0,"turns":4.0},{"damage":0.0,"enemies":"3 Cultists","floor":26.0,"turns":3.0},{"damage":9.0,"enemies":"Book of Stabbing","floor":27.0,"turns":4.0},{"damage":15.0,"enemies":"Gremlin Leader","floor":28.0,"turns":5.0},{"damage":0.0,"enemies":"Slavers","floor":29.0,"turns":4.0},{"damage":0.0,"enemies":"Replay:Snechameleon","floor":35.0,"turns":5.0},{"damage":25.0,"enemies":"Collector","floor":37.0,"turns":7.0},{"damage":3.0,"enemies":"3 Darklings","floor":39.0,"turns":4.0},{"damage":13.0,"enemies":"3 Shapes","floor":40.0,"turns":3.0},{"damage":3.0,"enemies":"Maw","floor":42.0,"turns":5.0},{"damage":3.0,"enemies":"R_Hoarder","floor":45.0,"turns":5.0},{"damage":0.0,"enemies":"Nemesis","floor":46.0,"turns":5.0},{"damage":0.0,"enemies":"Reptomancer","floor":48.0,"turns":3.0},{"damage":0.0,"enemies":"Jaw Worm Horde","floor":49.0,"turns":4.0},{"damage":0.0,"enemies":"R_Hoarder","floor":50.0,"turns":4.0},{"damage":0.0,"enemies":"Giant Head","floor":51.0,"turns":7.0},{"damage":16,"enemies":"Time Eater","floor":54,"turns":9},{"damage":63,"enemies":"Time Eater","floor":55,"turns":7},{"damage":124,"enemies":"Time Eater","floor":56,"turns":6},{"damage":0,"enemies":"Time Eater","floor":60,"turns":6},{"damage":5,"enemies":"paleoftheancients:N","floor":64,"turns":12}],"seed_played":"-1173341127415941265","potions_obtained":[{"floor":3.0,"key":"Elixir"},{"floor":7.0,"key":"blueLaboratory:HummingbirdPotion"},{"floor":11.0,"key":"LifebloodPotion"},{"floor":22.0,"key":"blueLaboratory:BottledHope"},{"floor":26.0,"key":"FearPotion"},{"floor":28.0,"key":"Flashbang"},{"floor":29.0,"key":"FocusPotion"},{"floor":40.0,"key":"blueLaboratory:CoolantVial"},{"floor":42.0,"key":"Explosive Potion"},{"floor":48.0,"key":"blueLaboratory:RelayPotion"},{"floor":49.0,"key":"FearPotion"},{"floor":57,"key":"LifebloodPotion"},{"floor":57,"key":"SteroidPotion"},{"floor":57,"key":"blueLaboratory:ForbiddenFruitJuice"},{"floor":59,"key":"blueLaboratory:PolymorphPotion"},{"floor":59,"key":"Elixir"},{"floor":60,"key":"blueLaboratory:BubblePotion"}],"is_trial":true,"path_per_floor":["M","M","M","$","WH","E","E","E","T","WH","E","$","E","E","R_BF","PTL","R_BF","PTL","R","B",null,"M","$","M","M","M","E","E","E","T","R","WH","?","$","E","R_BF","B",null,"M","M","$","M","?","R","E","E","T","E","M","E","E","$","R_BF","B","M","M","?","$","R","M","R","T","?","B",null],"character_chosen":"DEFECT","items_purchased":["Cold Snap","ReplayTheSpireMod:ShopPack","Conserve Battery+1","Carnage","animator:ShinjiMatou","Medical Kit","animator:Tatsumaki","animator:Scar+1","ReplayTheSpireMod:TigerMarble","blueLaboratory:CreativityPotion","Replay:Multitool","Whirlwind","Storm","animator:OrikoMikuni+1","Discovery","Blue Doll","animator:Arpeggio","TheAbacus","Replay:Bandana","Toolbox","Symbiotic Virus","Replay:Parry","Pet Ghost","Replay:Bottled Eggs","Runic Capacitor","Guide Book","blueLaboratory:Moonshine","SneckoOil","Energy Potion","Hologram+1","Swift Strike","ReplayTheSpireMod:CursedCoin","Unceasing Top","Sword Boomerang+1","Hello World","animator:Kaijin"],"campfire_rested":2,"item_purchase_floors":[4,4,4,4,4,12,12,12,12,12,23,23,23,23,23,34,34,34,34,41,41,41,41,41,52,52,52,52,52,52,52,58,58,58,58,58],"current_hp_per_floor":[75,75,75,75,75,75,75,75,75,75,75,75,75,75,75,75,75,75,75,56,75,75,75,75,71,71,62,47,47,47,75,82,82,82,82,82,60,82,79,66,72,69,58,85,82,84,84,84,84,84,93,93,99,108,77,68,68,74,107,114,114,114,114,112],"gold":225,"neow_bonus":"TEN_PERCENT_HP_BONUS","is_daily":false,"chose_seed":false,"campfire_upgraded":1,"win_rate":0.0,"timestamp":1614139397,"path_taken":["M","M","M","$","WH","E","E","E","T","WH","E","$","E","E","R_BF","PTL","R_BF","PTL","R","BOSS","M","$","M","M","M","E","E","E","T","R","WH","?","$","E","R_BF","BOSS","M","M","$","M","?","R","E","E","T","E","M","E","E","$","R_BF","BOSS","M","M","?","$","R","M","R","T","?","BOSS"],"items_purchased_type":["Card","Relic","Card","Card","Card","Relic","Card","Card","Relic","Potion","Relic","Card","Card","Card","Card","Relic","Card","Relic","Relic","Relic","Relic","Card","Relic","Relic","Relic","Relic","Potion","Potion","Potion","Card","Card","Relic","Relic","Card","Card","Card"],"build_version":"2020-12-22","purchased_purges":0,"victory":true,"max_hp_per_floor":[75,75,75,75,75,75,75,75,75,75,75,75,75,75,75,75,75,75,75,75,75,75,75,75,75,75,75,75,75,75,75,82,82,82,82,82,82,82,82,82,88,88,88,88,88,90,90,90,90,90,99,99,99,108,108,108,108,114,114,114,114,114,114,114],"card_choices":[{"not_picked":["Steam","Body Slam"],"picked":"Sweeping Beam","floor":0.0},{"not_picked":["Perfected Strike","Beam Cell"],"picked":"Iron Wave","floor":0.0},{"not_picked":["Thunderclap","Go for the Eyes"],"picked":"animator:Shigure","floor":0.0},{"not_picked":["animator:Shuna","animator:TukaLunaMarceau"],"picked":"Stack","floor":0.0},{"not_picked":["Dropkick","animator:DolaCouronne"],"picked":"animator:GuildGirl","floor":0.0},{"not_picked":["Cleave","Redo"],"picked":"Sunder","floor":0.0},{"not_picked":["animator:Benimaru","Body Slam"],"picked":"animator:Gillette","floor":0.0},{"not_picked":["Headbutt","Pommel Strike"],"picked":"animator:DolaRiku","floor":0.0},{"not_picked":["Warcry","Perfected Strike"],"picked":"animator:Spearman","floor":0.0},{"not_picked":["animator:GazelDwargon","Hologram"],"picked":"animator:ElricAlphonse","floor":0.0},{"not_picked":["animator:ChaikaBohdan","Sweeping Beam"],"picked":"animator:Pride","floor":0.0},{"not_picked":["Rampage","Entrench"],"picked":"Seeing Red","floor":0.0},{"not_picked":["Crystallizer","animator:SilverFang"],"picked":"Iron Wave","floor":0.0},{"not_picked":["animator:GuildGirl","animator:Raven"],"picked":"Conserve Battery","floor":0.0},{"not_picked":["Hologram","animator:Ciel"],"picked":"Capacitor","floor":0.0},{"not_picked":["Secret Weapon","Thinking Ahead"],"picked":"HandOfGreed","floor":4.0},{"not_picked":["Replay:Parry","Deep Breath"],"picked":"Enlightenment","floor":4.0},{"not_picked":["ReplayTheSpireMod:Trickstab","Master of Strategy"],"picked":"Crow Ritual","floor":4.0},{"not_picked":["animator:MadokaKaname","animator:PinaCoLada"],"picked":"Mirror Shield","floor":6.0},{"not_picked":["animator:HigakiRinne","animator:FeridBathory"],"picked":"animator:Kira","floor":7.0},{"not_picked":["Chrysalis","Amplify"],"picked":"animator:PinaCoLada","floor":8.0},{"not_picked":["Brutality","ReplayTheSpireMod:Necrogeddon"],"picked":"animator:Ainz","floor":11.0},{"not_picked":["animator:HououinKyouma","Replay:Many Hands"],"picked":"Secret Weapon","floor":13.0},{"not_picked":["Corruption","animator:Guren"],"picked":"animator:Emilia","floor":14.0},{"not_picked":["Juggernaut","animator:Albedo"],"picked":"Buffer","floor":20.0},{"not_picked":["Double Tap","animator:Saitama"],"picked":"animator:Wiz","floor":27.0},{"not_picked":["animator:FeridBathory","Reboot"],"picked":"Creative AI","floor":28.0},{"not_picked":["Biased Cognition","animator:HomuraAkemi"],"picked":"animator:Elesis","floor":29.0},{"not_picked":["Reboot","Mirror Shield"],"picked":"The Bomb","floor":35.0},{"not_picked":["Seek","ReplayTheSpireMod:Necrogeddon"],"picked":"Impervious","floor":37.0},{"not_picked":["Sadistic Nature","Meteor Strike"],"picked":"animator:Greed","floor":45.0},{"not_picked":["Sadistic Nature","Thunder Strike","Demonic Infusion+1"],"picked":"Singing Bowl","floor":46.0},{"not_picked":["animator:Kyubey+1","Hyperbeam"],"picked":"animator:Saitama+1","floor":48.0},{"not_picked":["Impervious+1","Crow Ritual"],"picked":"Echo Form","floor":50.0},{"not_picked":["animator:HomuraAkemi+1","Replay:Many Hands+1","Amplify+1"],"picked":"Singing Bowl","floor":51}],"player_experience":651409,"relics_obtained":[{"floor":1.0,"key":"Anchor"},{"floor":2.0,"key":"The Courier"},{"floor":3.0,"key":"Pondfish Scales"},{"floor":6.0,"key":"Darkstone Periapt"},{"floor":7.0,"key":"Mummified Hand"},{"floor":8.0,"key":"Eternal Feather"},{"floor":9.0,"key":"Du-Vu Doll"},{"floor":11.0,"key":"Blue Candle"},{"floor":13.0,"key":"Happy Flower"},{"floor":14.0,"key":"Replay:Wax Seal"},{"floor":22.0,"key":"StrikeDummy"},{"floor":24.0,"key":"Shuriken"},{"floor":25.0,"key":"Carrot"},{"floor":26.0,"key":"Grinning Jar"},{"floor":27.0,"key":"ReplayTheSpireMod:Shallot"},{"floor":28.0,"key":"Singing Bowl"},{"floor":29.0,"key":"Counterbalance"},{"floor":30.0,"key":"Mirror"},{"floor":35.0,"key":"Kunai"},{"floor":39.0,"key":"Toxic Egg 2"},{"floor":40.0,"key":"Letter Opener"},{"floor":42.0,"key":"Replay:Bottled Flurry"},{"floor":45.0,"key":"Divine Protection"},{"floor":46.0,"key":"Onion Ring"},{"floor":47.0,"key":"Gremlin Food"},{"floor":48.0,"key":"Potion Belt"},{"floor":49.0,"key":"Replay:Bottled Snecko"},{"floor":50.0,"key":"Pantograph"},{"floor":51,"key":"Strawberry"},{"floor":55,"key":"White Beast Statue"},{"floor":60,"key":"paleoftheancients:SoulOfTheHexaghost"},{"floor":60,"key":"Boot"},{"floor":62,"key":"ReplayFunnel"}],"event_choices":[{"damage_healed":0.0,"max_hp_gain":0.0,"max_hp_loss":0.0,"gold_gain":0.0,"event_name":"betterThird:BetterWriting","player_choice":"Adaptability","floor":33.0,"gold_loss":0.0,"damage_taken":0.0},{"damage_healed":0.0,"max_hp_gain":0.0,"max_hp_loss":0.0,"gold_gain":0.0,"event_name":"Winding Halls","player_choice":"Embrace Madness","floor":43.0,"gold_loss":0.0,"damage_taken":11.0,"cards_obtained":["Madness","Madness"]},{"damage_healed":0.0,"max_hp_gain":0.0,"max_hp_loss":0.0,"gold_gain":0.0,"event_name":"Tomb of Lord Red Mask","player_choice":"Paid","floor":44.0,"gold_loss":98.0,"damage_taken":0.0,"relics_obtained":["Red Mask"]},{"damage_healed":0,"gold_gain":0,"player_choice":"Bought 3 Potions","damage_taken":0,"max_hp_gain":0,"max_hp_loss":0,"event_name":"The Woman in Blue","floor":57,"gold_loss":0},{"damage_healed":0,"gold_gain":0,"player_choice":"Trade","damage_taken":0,"relics_obtained":["GremlinMask"],"max_hp_gain":0,"max_hp_loss":0,"event_name":"FaceTrader","floor":61,"gold_loss":0}],"is_beta":false,"boss_relics":[{"not_picked":["Philosopher\u0027s Stone","Empty Cage"],"picked":"SlaversCollar"},{"not_picked":["Runic Pyramid","Replay:Bronze Core"],"picked":"FrozenCore"}],"items_purged_floors":[],"is_endless":false,"potions_floor_spawned":[3,7,11,22,26,28,29,40,42,48,49,56,60],"ascension_level":0}}