{"host":"7t8rqoeeopyy0nh0","time":1614209699,"event":{"mods":["AchievementEnabler","Aspiration","BaseMod","Better Third Choice","BetterRewards","Colored Map","Colored Powertips","Conspire","Downfall","Hubris","Minty Spire (QoL Compilation)","Permanent Neow","Quick Restart","Random Character Button","Rare Cards Sparkle","Reliquary","Replay The Spire","StSLib"],"gold_per_floor":[133,170,203,228,250,295,295,315,342,342,342,342,370,370,394,0,0,89,89,121,121,135,146,146,179,179,213,240,240,240],"floor_reached":29,"language":"ENG","playtime":1011,"items_purged":[],"score":683,"play_id":"c915380c-e2c5-42ca-8f92-0cdf31e34b37","local_time":"20210224183459","is_ascension_mode":true,"campfire_choices":[{"floor":10,"key":"REST"},{"floor":14,"key":"REST"},{"floor":17,"key":"DIG"},{"floor":26,"key":"REST"}],"circlet_count":0,"master_deck":["AscendersBane","Strike_G","Strike_G","Strike_G","Strike_G","Defend_G","Defend_G","Defend_G","Defend_G","Defend_G+1","Survivor","Neutralize+1","Unload","Footwork","Bane","Slice+1","Crippling Poison","Noxious Fumes","Leg Sweep","Quick Slash+1","Poisoned Stab+1","PiercingWail","Cloak And Dagger","Poisoned Strike","Storm of Steel+1","ReplayTheSpireMod:Speed Training+1","Backflip+1","Deflect+1","Dagger Throw+1","Acrobatics+1"],"relics":["Ring of the Snake","FossilizedHelix","Calipers","Membership Card","Nunchaku","Replay:Multitool","Gremlin Food","Toxic Egg 2","hubris:CuriousFeather","Replay:Wax Seal","conspire:RoyalGoblet","Nloth\u0027s Gift","Pen Nib","Toy Ornithopter","Whetstone"],"acts_visited":["Exordium","TheCity"],"potions_floor_usage":[6,8,15,15,25,25],"damage_taken":[{"damage":0,"enemies":"Cultist","floor":1,"turns":3},{"damage":0,"enemies":"Small Slimes","floor":2,"turns":3},{"damage":0,"enemies":"Jaw Worm","floor":3,"turns":3},{"damage":11,"enemies":"3 Louse","floor":5,"turns":3},{"damage":0,"enemies":"Replay:BlueRogue","floor":6,"turns":8},{"damage":0,"enemies":"Lots of Slimes","floor":8,"turns":5},{"damage":0,"enemies":"Looter","floor":13,"turns":4},{"damage":4,"enemies":"Exordium Thugs","floor":15,"turns":4},{"damage":17,"enemies":"The Guardian","floor":18,"turns":11},{"damage":22,"enemies":"conspire:FuzzyDice","floor":20,"turns":7},{"damage":25,"enemies":"Spheric Guardian","floor":22,"turns":6},{"damage":0,"enemies":"Centurion and Healer","floor":23,"turns":9},{"damage":5,"enemies":"Book of Stabbing","floor":25,"turns":6},{"damage":15,"enemies":"conspire:Head Lice","floor":27,"turns":11},{"damage":9,"enemies":"Book of Stabbing","floor":29,"turns":2}],"seed_played":"4922248951824347262","potions_obtained":[{"floor":1,"key":"Weak Potion"},{"floor":6,"key":"Dexterity Potion"},{"floor":8,"key":"Adrenaline Potion"},{"floor":13,"key":"sneckomod:MuddlingPotion"},{"floor":20,"key":"LiquidBronze"},{"floor":24,"key":"Flashbang"},{"floor":24,"key":"SneckoOil"}],"is_trial":false,"path_per_floor":["M","M","M","T","M","E","?","M","T","R","PTL","PTL","M","R","M","$","R","B",null,"M","?","M","M","?","E","R","E","T","E"],"character_chosen":"THE_SILENT","items_purchased":["FossilizedHelix","Replay:Bandana","Unload","Membership Card","Footwork","Toxic Egg 2","hubris:CuriousFeather","Poisoned Strike","SpeedPotion"],"campfire_rested":3,"item_purchase_floors":[0,0,0,0,0,16,16,16,16],"current_hp_per_floor":[23,23,23,23,12,12,12,12,12,31,31,31,31,50,46,46,46,29,57,35,35,10,10,10,5,24,9,9,0,0],"gold":240,"neow_bonus":"","is_daily":false,"chose_seed":false,"campfire_upgraded":0,"win_rate":0.0,"timestamp":1614209699,"path_taken":["M","M","M","?","M","E","?","M","T","R","PTL","PTL","M","R","?","$","R","BOSS","M","?","?","M","?","E","R","E","T","E"],"items_purchased_type":["Relic","Relic","Card","Relic","Card","Relic","Relic","Card","Potion"],"build_version":"2020-12-22","purchased_purges":0,"victory":false,"max_hp_per_floor":[66,66,66,66,66,66,66,66,66,66,66,66,66,66,66,66,66,66,66,66,66,66,66,66,66,66,66,66,66,66],"card_choices":[{"not_picked":["Acrobatics","Caltrops"],"picked":"Slice","floor":1},{"not_picked":["ReplayTheSpireMod:Scrap Shanks","All Out Attack"],"picked":"Crippling Poison","floor":2},{"not_picked":["Underhanded Strike","PiercingWail"],"picked":"Noxious Fumes","floor":3},{"not_picked":["Reflex","Riddle With Holes"],"picked":"Leg Sweep","floor":5},{"not_picked":["Fluid Movement","Dagger Spray"],"picked":"Quick Slash","floor":6},{"not_picked":["Underhanded Strike","Outmaneuver"],"picked":"Poisoned Stab","floor":8},{"not_picked":["Dodge and Roll","Sucker Punch"],"picked":"PiercingWail","floor":13},{"not_picked":["Heel Hook","ReplayTheSpireMod:Exploit Weakness"],"picked":"Cloak And Dagger","floor":15},{"not_picked":["Glass Knife","Phantasmal Killer+1"],"picked":"Storm of Steel+1","floor":18},{"not_picked":["Poisoned Stab","hubris:Sniper+1"],"picked":"ReplayTheSpireMod:Speed Training+1","floor":20},{"not_picked":["ReplayTheSpireMod:Scrap Shanks","Dagger Throw"],"picked":"Backflip+1","floor":22},{"not_picked":["Cloak And Dagger+1","Setup+1"],"picked":"Deflect+1","floor":23},{"not_picked":["Flying Knee","ReplayTheSpireMod:Exploit Weakness+1"],"picked":"Dagger Throw+1","floor":25},{"not_picked":["Eviscerate+1","hubris:SlightOfHand+1"],"picked":"Acrobatics+1","floor":27}],"player_experience":453706,"relics_obtained":[{"floor":4,"key":"Nunchaku"},{"floor":6,"key":"Replay:Multitool"},{"floor":9,"key":"Gremlin Food"},{"floor":17,"key":"Replay:Wax Seal"},{"floor":25,"key":"Pen Nib"},{"floor":27,"key":"Toy Ornithopter"},{"floor":28,"key":"Whetstone"}],"event_choices":[{"cards_removed":["Strike_G"],"damage_healed":0,"gold_gain":0,"player_choice":"Purged","damage_taken":0,"max_hp_gain":0,"max_hp_loss":0,"event_name":"Purifier","floor":7,"gold_loss":0},{"damage_healed":0,"gold_gain":0,"player_choice":"Traded Relic","damage_taken":0,"relics_obtained":["Nloth\u0027s Gift"],"max_hp_gain":0,"max_hp_loss":0,"event_name":"N\u0027loth","floor":21,"relics_lost":["Replay:Bandana"],"gold_loss":0},{"damage_healed":0,"gold_gain":0,"player_choice":"Got Potions","damage_taken":0,"max_hp_gain":0,"max_hp_loss":0,"event_name":"Lab","floor":24,"gold_loss":0}],"is_beta":false,"boss_relics":[{"not_picked":["Painkiller Herb","ReplayTheSpireMod:DimensionalGlitch"],"picked":"conspire:RoyalGoblet"}],"items_purged_floors":[],"is_endless":false,"potions_floor_spawned":[1,6,8,13,20,22],"killed_by":"Book of Stabbing","ascension_level":15}}