{"host":"x039aayur7qovk2d","time":1614146577,"event":{"mods":["AchievementEnabler","BaseMod","Block Reminder","Colored Map","Colored Powertips","DeckTracker","Googly Eyes","Highlight Path","Minty Spire (QoL Compilation)","Permanent Neow","Quick Restart","Rare Cards Sparkle","Relic Sorter","Relic Stats"],"gold_per_floor":[110,120,120,120,45,77,77,77,77,77,77],"floor_reached":10,"language":"ENG","playtime":323,"items_purged":["Normality"],"score":64,"play_id":"16ee5eb1-5d9b-4e69-ab1c-139283212f1b","local_time":"20210223220257","is_ascension_mode":false,"campfire_choices":[{"floor":8.0,"key":"REST"}],"circlet_count":0,"master_deck":["Strike_R","Strike_R","Strike_R","Strike_R","Strike_R+1","Defend_R","Defend_R+1","Defend_R","Bash","Violence","Uppercut","Iron Wave","Double Tap","Pommel Strike"],"relics":["Burning Blood","Kunai","Art of War"],"acts_visited":["Exordium"],"potions_floor_usage":[],"damage_taken":[{"damage":0.0,"enemies":"Small Slimes","floor":1.0,"turns":3.0},{"damage":3.0,"enemies":"Jaw Worm","floor":2.0,"turns":3.0},{"damage":53.0,"enemies":"Lagavulin","floor":6.0,"turns":7.0},{"damage":0,"enemies":"Gremlin Nob","floor":10,"turns":1}],"seed_played":"-3131561533545619282","potions_obtained":[{"floor":2.0,"key":"SpeedPotion"}],"is_trial":false,"path_per_floor":["M","M","?","?","$","E","?","R","T","E"],"character_chosen":"IRONCLAD","items_purchased":[],"campfire_rested":1,"item_purchase_floors":[],"current_hp_per_floor":[80,80,64,64,64,17,5,29,29,29,29],"gold":77,"neow_bonus":"RANDOM_COLORLESS_2","is_daily":false,"chose_seed":false,"campfire_upgraded":0,"win_rate":0.0,"timestamp":1614146577,"path_taken":["M","M","?","?","$","E","?","R","T","E"],"items_purchased_type":[],"build_version":"2020-12-22","purchased_purges":1,"victory":false,"max_hp_per_floor":[80,80,80,80,80,80,80,80,80,80,80],"relic_stats":{"counters":[4,13],"Art of War":[0],"Kunai":[0],"obtain_stats":[{"Art of War":7,"Kunai":6,"Burning Blood":0},{"Art of War":3,"Kunai":3,"Burning Blood":0},{"Art of War":13,"Kunai":13,"Burning Blood":0}],"Burning Blood":9},"card_choices":[{"not_picked":["Apotheosis","Mayhem"],"picked":"Violence","floor":0.0},{"not_picked":["Shrug It Off","Blood for Blood"],"picked":"Uppercut","floor":1.0},{"not_picked":["Fire Breathing","True Grit"],"picked":"Iron Wave","floor":2.0},{"not_picked":["Body Slam","Shrug It Off"],"picked":"Pommel Strike","floor":6.0}],"player_experience":119478,"relics_obtained":[{"floor":6.0,"key":"Kunai"}],"event_choices":[{"damage_healed":0.0,"max_hp_gain":0.0,"max_hp_loss":0.0,"gold_gain":0.0,"event_name":"Shining Light","player_choice":"Entered Light","floor":3.0,"gold_loss":0.0,"damage_taken":16.0,"cards_upgraded":["Defend_R","Strike_R"]},{"damage_healed":0.0,"max_hp_gain":0.0,"max_hp_loss":0.0,"gold_gain":0.0,"cards_transformed":["Defend_R"],"event_name":"Living Wall","player_choice":"Change","floor":4.0,"gold_loss":0.0,"damage_taken":0.0,"cards_obtained":["Double Tap"]},{"damage_healed":0.0,"max_hp_gain":0.0,"max_hp_loss":0.0,"gold_gain":0.0,"event_name":"Scrap Ooze","player_choice":"Success","floor":7.0,"gold_loss":0.0,"damage_taken":12.0,"relics_obtained":["Art of War"]}],"is_beta":false,"boss_relics":[],"items_purged_floors":[5],"is_endless":false,"potions_floor_spawned":[2],"killed_by":"Gremlin Nob","ascension_level":0}}