{"host":"hbrjinenk1akq1dy","time":1614168756,"event":{"mods":["AchievementEnabler","BaseMod","Bestiary","Colored Map","Colored Powertips","Curses Come First","Highlight Path","Minty Spire (QoL Compilation)","Permanent Neow","Quick Restart","StSLib","SuperFastMode"],"gold_per_floor":[112,112,132,307,322,347,347,381,381,381,400,400,435,447,447,551,551,564,479,499,511,101,126,126,140,166,199,212,212,212,223,223,322,322,342,342,358,369,419,449,31,0,23,42,42,62,62,81,81,81],"floor_reached":51,"language":"ENG","playtime":3939,"items_purged":["Doubt","Defend_P"],"score":977,"play_id":"c7d8a3ae-f8df-4232-a53e-48d6325f170f","local_time":"20210224201236","is_ascension_mode":true,"campfire_choices":[{"data":"Eruption","floor":7.0,"key":"SMITH"},{"data":"WindmillStrike","floor":12.0,"key":"SMITH"},{"data":"EmptyFist","floor":15.0,"key":"SMITH"},{"data":"TalkToTheHand","floor":24.0,"key":"SMITH"},{"floor":30.0,"key":"REST"},{"data":"SashWhip","floor":32.0,"key":"SMITH"},{"data":"Blasphemy","floor":45,"key":"SMITH"},{"data":"Master of Strategy","floor":47,"key":"SMITH"},{"data":"Wireheading","floor":49,"key":"SMITH"}],"circlet_count":0,"master_deck":["Strike_P+1","Strike_P+1","Defend_P","Defend_P","Eruption+1","Vigilance","FlurryOfBlows","FearNoEvil","EmptyFist+1","WindmillStrike+1","Protect","ClearTheMind","Blasphemy+1","CutThroughFate+1","Worship+1","SashWhip+1","TalkToTheHand+1","InnerPeace","DevaForm","Devotion+1","Halt+1","SpiritShield+1","Fasting2+1","TalkToTheHand+1","Wireheading+1","Master of Strategy+1","ThirdEye+1","CutThroughFate+1","FearNoEvil+1"],"relics":["HolyWater","Gambling Chip","Bag of Marbles","The Courier","Pen Nib","Blue Candle","Whetstone","Matryoshka","Pear","Oddly Smooth Stone","Art of War","Omamori","Dream Catcher","Dead Branch","White Beast Statue","Lantern","Astrolabe","InkBottle","CaptainsWheel","Akabeko","Frozen Eye","Red Mask"],"acts_visited":["Exordium","TheCity","TheBeyond"],"potions_floor_usage":[],"damage_taken":[{"damage":3.0,"enemies":"Small Slimes","floor":1.0,"turns":4.0},{"damage":0.0,"enemies":"2 Louse","floor":3.0,"turns":2.0},{"damage":2.0,"enemies":"Jaw Worm","floor":5.0,"turns":2.0},{"damage":8.0,"enemies":"Gremlin Nob","floor":6.0,"turns":3.0},{"damage":20.0,"enemies":"3 Sentries","floor":8.0,"turns":5.0},{"damage":4.0,"enemies":"Blue Slaver","floor":11.0,"turns":3.0},{"damage":1.0,"enemies":"Lagavulin","floor":13.0,"turns":2.0},{"damage":0.0,"enemies":"3 Louse","floor":14.0,"turns":1.0},{"damage":0.0,"enemies":"Slime Boss","floor":16.0,"turns":5.0},{"damage":4.0,"enemies":"3 Byrds","floor":18.0,"turns":3.0},{"damage":6.0,"enemies":"Spheric Guardian","floor":20.0,"turns":3.0},{"damage":8.0,"enemies":"Chosen and Byrds","floor":21.0,"turns":4.0},{"damage":16.0,"enemies":"Slavers","floor":23.0,"turns":4.0},{"damage":0.0,"enemies":"Snecko","floor":25.0,"turns":3.0},{"damage":29.0,"enemies":"Gremlin Leader","floor":27.0,"turns":4.0},{"damage":0.0,"enemies":"Shelled Parasite and Fungi","floor":28.0,"turns":2.0},{"damage":0.0,"enemies":"Centurion and Healer","floor":31.0,"turns":3.0},{"damage":14.0,"enemies":"Collector","floor":33.0,"turns":4.0},{"damage":4.0,"enemies":"3 Shapes","floor":35.0,"turns":6.0},{"damage":0.0,"enemies":"3 Darklings","floor":37.0,"turns":2.0},{"damage":0,"enemies":"Writhing Mass","floor":38,"turns":5},{"damage":0,"enemies":"Mind Bloom Boss Battle","floor":39,"turns":4},{"damage":0,"enemies":"Giant Head","floor":40,"turns":8},{"damage":0,"enemies":"Jaw Worm Horde","floor":44,"turns":3},{"damage":8,"enemies":"Sphere and 2 Shapes","floor":46,"turns":5},{"damage":3,"enemies":"Transient","floor":48,"turns":5},{"damage":36,"enemies":"Awakened One","floor":50,"turns":11}],"seed_played":"594521699122379512","potions_obtained":[{"floor":3.0,"key":"FearPotion"},{"floor":6.0,"key":"Weak Potion"},{"floor":14.0,"key":"SpeedPotion"},{"floor":16.0,"key":"DuplicationPotion"},{"floor":23.0,"key":"Dexterity Potion"},{"floor":28.0,"key":"Ancient Potion"},{"floor":31.0,"key":"FearPotion"},{"floor":33.0,"key":"GamblersBrew"},{"floor":35.0,"key":"Energy Potion"},{"floor":37.0,"key":"ColorlessPotion"},{"floor":38,"key":"PowerPotion"}],"is_trial":false,"path_per_floor":["M","?","M","?","M","E","R","E","T","T","M","R","E","M","R","B",null,"M","?","M","M","$","E","R","M","T","E","M","T","R","M","R","B",null,"M","?","M","M","?","E","$","?","T","M","R","M","R","M","R","B",null],"character_chosen":"WATCHER","items_purchased":["TalkToTheHand","Pear","Oddly Smooth Stone","Wireheading","Frozen Eye","Master of Strategy"],"campfire_rested":1,"item_purchase_floors":[22,22,22,41,41,41],"current_hp_per_floor":[62,67,67,67,65,57,57,37,37,37,33,33,32,32,32,32,70,66,66,60,52,62,46,46,46,46,17,17,17,41,41,41,27,80,76,76,76,76,76,76,76,76,76,76,76,68,68,65,65,29],"gold":81,"neow_bonus":"ONE_RARE_RELIC","is_daily":false,"chose_seed":false,"campfire_upgraded":8,"win_rate":0.0,"timestamp":1614168756,"path_taken":["M","?","M","?","M","E","R","E","T","?","M","R","E","?","R","BOSS","M","?","M","M","$","E","R","M","T","E","M","?","R","M","R","BOSS","M","?","M","?","?","E","$","?","T","M","R","M","R","M","R","BOSS"],"items_purchased_type":["Card","Relic","Relic","Card","Relic","Card"],"build_version":"2020-12-22","purchased_purges":2,"victory":true,"max_hp_per_floor":[65,70,70,70,70,70,70,70,70,70,70,70,70,70,70,70,70,70,70,70,70,80,80,80,80,80,80,80,80,80,80,80,80,80,80,80,80,80,80,80,80,80,80,80,80,80,80,80,80,80],"card_choices":[{"not_picked":["FollowUp","SashWhip"],"picked":"FlurryOfBlows","floor":1.0},{"not_picked":["Evaluate","ClearTheMind"],"picked":"FearNoEvil","floor":3.0},{"not_picked":["Study","FlyingSleeves"],"picked":"EmptyFist","floor":5.0},{"not_picked":["Halt","SignatureMove","Pray"],"picked":"SKIP","floor":6.0},{"not_picked":["SandsOfTime","Evaluate"],"picked":"WindmillStrike","floor":8.0},{"not_picked":["ForeignInfluence","Pray","ReachHeaven"],"picked":"SKIP","floor":11.0},{"not_picked":["Adaptation","Devotion"],"picked":"Protect","floor":13.0},{"not_picked":["Pray","CrushJoints"],"picked":"ClearTheMind","floor":14.0},{"not_picked":["Ragnarok","LessonLearned"],"picked":"Blasphemy","floor":16.0},{"not_picked":["FearNoEvil","Crescendo"],"picked":"CutThroughFate+1","floor":18.0},{"not_picked":["FlyingSleeves","DeceiveReality"],"picked":"Worship+1","floor":20.0},{"not_picked":["BowlingBash","Halt"],"picked":"SashWhip","floor":21.0},{"not_picked":["ReachHeaven","JustLucky","WreathOfFlame"],"picked":"SKIP","floor":23.0},{"not_picked":["SashWhip","CutThroughFate","Perseverance"],"picked":"SKIP","floor":25.0},{"not_picked":["Perseverance","Devotion"],"picked":"InnerPeace","floor":27.0},{"not_picked":["JustLucky+1","SandsOfTime","LikeWater"],"picked":"SKIP","floor":28.0},{"not_picked":["Consecrate+1","Pray","EmptyBody"],"picked":"SKIP","floor":31.0},{"not_picked":["Devotion","Blasphemy"],"picked":"DevaForm","floor":33.0},{"not_picked":["SashWhip","ClearTheMind","Indignation"],"picked":"SKIP","floor":35.0},{"not_picked":["SignatureMove+1","ReachHeaven","PathToVictory+1"],"picked":"SKIP","floor":37.0},{"not_picked":["Perseverance+1","SignatureMove+1"],"picked":"Fasting2+1","floor":38},{"not_picked":["Adaptation","Prostrate+1"],"picked":"TalkToTheHand+1","floor":39},{"not_picked":["PathToVictory+1","BowlingBash","Evaluate"],"picked":"SKIP","floor":40},{"not_picked":["Study+1","ClearTheMind"],"picked":"ThirdEye+1","floor":44},{"not_picked":["Halt+1","Meditate+1"],"picked":"CutThroughFate+1","floor":46},{"not_picked":["EmptyFist","Collect+1"],"picked":"FearNoEvil+1","floor":48}],"player_experience":263959,"relics_obtained":[{"floor":6.0,"key":"Bag of Marbles"},{"floor":8.0,"key":"The Courier"},{"floor":9.0,"key":"Pen Nib"},{"floor":10.0,"key":"Blue Candle"},{"floor":13.0,"key":"Whetstone"},{"floor":23.0,"key":"Art of War"},{"floor":26.0,"key":"Omamori"},{"floor":26.0,"key":"Dream Catcher"},{"floor":27.0,"key":"Dead Branch"},{"floor":29.0,"key":"White Beast Statue"},{"floor":29.0,"key":"Lantern"},{"floor":39,"key":"CaptainsWheel"},{"floor":40,"key":"Akabeko"}],"event_choices":[{"damage_healed":0.0,"max_hp_gain":5.0,"max_hp_loss":0.0,"gold_gain":0.0,"event_name":"Big Fish","player_choice":"Donut","floor":2.0,"gold_loss":0.0,"damage_taken":0.0},{"damage_healed":0.0,"max_hp_gain":0.0,"max_hp_loss":0.0,"gold_gain":175.0,"event_name":"Liars Game","player_choice":"AGREE","floor":4.0,"gold_loss":0.0,"damage_taken":0.0,"cards_obtained":["Doubt"]},{"damage_healed":0.0,"max_hp_gain":0.0,"max_hp_loss":0.0,"gold_gain":0.0,"event_name":"Addict","player_choice":"Obtained Relic","floor":19.0,"gold_loss":85.0,"damage_taken":0.0,"relics_obtained":["Matryoshka"]},{"damage_healed":0.0,"max_hp_gain":0.0,"max_hp_loss":0.0,"gold_gain":0.0,"event_name":"WeMeetAgain","player_choice":"Gave Potion","floor":36.0,"gold_loss":0.0,"damage_taken":0.0,"relics_obtained":["InkBottle"]},{"damage_healed":0,"gold_gain":0,"player_choice":"Fight","damage_taken":0,"max_hp_gain":0,"max_hp_loss":0,"event_name":"MindBloom","floor":39,"gold_loss":0},{"damage_healed":0,"gold_gain":0,"player_choice":"Paid","damage_taken":0,"relics_obtained":["Red Mask"],"max_hp_gain":0,"max_hp_loss":0,"event_name":"Tomb of Lord Red Mask","floor":42,"gold_loss":31}],"is_beta":false,"boss_relics":[{"not_picked":["Busted Crown","Velvet Choker"],"picked":"HolyWater"},{"not_picked":["Cursed Key","VioletLotus"],"picked":"Astrolabe"}],"items_purged_floors":[22,41],"is_endless":false,"potions_floor_spawned":[3,6,14,16,23,28,31,33,35,37,38,39,40,44,46,48],"ascension_level":4}}