{"host":"gcjbq24aew6ut89u","time":1614148109,"event":{"mods":["BaseMod","Colored Powertips","Highlight Path","KomeijiMod","Lobotomy","Marisa£®ÏF”Í°°ƒß¿Ì…≥£©","Minty Spire (QoL Compilation)","Replay The Spire","Shop Mod","StSLib","The Jungle","Waifu the Spire"],"gold_per_floor":[115,115,115,190,204,230,74,74,74,109,34,62,62,27,27,127,127,145,145,145,96,6,6,35,35,35,45,45,60,60,95,95,191,191,211,211,211,228,74,101,74,88,115,115,165,182,182,214,214,214],"floor_reached":51,"language":"ZHS","playtime":5566,"items_purged":["Strike_B"],"score":841,"play_id":"e2aa38d9-5540-44a3-ba01-f8b2d64eccf8","local_time":"20210224142829","is_ascension_mode":true,"campfire_choices":[{"data":"Buffer","floor":8.0,"key":"SMITH"},{"floor":13.0,"key":"REST"},{"data":"Zap","floor":15.0,"key":"SMITH"},{"data":"White Noise","floor":23.0,"key":"SMITH"},{"data":"Amplify","floor":25,"key":"SMITH"},{"floor":28,"key":"REST"},{"floor":32,"key":"REST"},{"floor":44,"key":"REST"},{"floor":47,"key":"REST"},{"floor":49,"key":"REST"}],"circlet_count":0,"master_deck":["Defend_B+1","Defend_B+1","Defend_B+1","Zap+1","Dualcast+1","Defragment","Sunder","Buffer+1","Coolheaded+1","Skim","Amplify+1","Multi-Cast+1","Leap+1","ReplayTheSpireMod:System Scan+1","White Noise+1","Chill","Glacier+1","Core Surge+1","Creative AI+1","Madness","Madness+1","Creative AI","Hologram"],"relics":["Nuclear Battery","Ring of Panic","Nunchaku","Matryoshka","Replay:PocketPolymizer","HoshigumaDish","Replay:Grab Bag","Sozu","SlaversCollar","Astrolabe","theJungle:WildStrawberry","theJungle:ParSnip","Gremlin Food","Toy Ornithopter","Replay:Ringing Soul","Carrot","Replay:Fungal Core","ClockworkSouvenir","Kunai","Orichalcum","Omamori","KyoryuNoHagoromo","MealTicket"],"acts_visited":["Exordium","Exordium","TheBeyond"],"potions_floor_usage":[],"damage_taken":[{"damage":0.0,"enemies":"Small Slimes","floor":1.0,"turns":3.0},{"damage":5.0,"enemies":"Jaw Worm","floor":5.0,"turns":5.0},{"damage":39.0,"enemies":"Lagavulin","floor":6.0,"turns":8.0},{"damage":0.0,"enemies":"Replay:BlueRogue","floor":10.0,"turns":5.0},{"damage":9.0,"enemies":"3 Sentries","floor":12.0,"turns":9.0},{"damage":18.0,"enemies":"Slime Boss","floor":16.0,"turns":10.0},{"damage":5.0,"enemies":"theJungle:Flameango_and_Byrd","floor":18.0,"turns":8.0},{"damage":0.0,"enemies":"theJungle:2_Phrogs","floor":24.0,"turns":10.0},{"damage":0,"enemies":"theJungle:MUSHROOMGANG","floor":27,"turns":5},{"damage":28,"enemies":"theJungle:JungleHuntersEncounter","floor":29,"turns":14},{"damage":10,"enemies":"theJungle:MamaSnecko","floor":31,"turns":14},{"damage":67,"enemies":"theJungle:TotemBoss","floor":33,"turns":13},{"damage":1,"enemies":"Orb Walker","floor":35,"turns":7},{"damage":0,"enemies":"3 Shapes","floor":38,"turns":9},{"damage":19,"enemies":"R_Hoarder","floor":40,"turns":16},{"damage":60,"enemies":"Transient","floor":42,"turns":5},{"damage":17,"enemies":"Mind Bloom Boss Battle","floor":45,"turns":6},{"damage":17,"enemies":"Writhing Mass","floor":46,"turns":7},{"damage":6,"enemies":"Nemesis","floor":48,"turns":8},{"damage":15,"enemies":"Time Eater","floor":50,"turns":10}],"seed_played":"6251284581042902170","potions_obtained":[{"floor":5.0,"key":"DistilledChaos"},{"floor":10.0,"key":"UndeadPotion"},{"floor":16.0,"key":"Doom Potion"}],"is_trial":false,"path_per_floor":["M","?","?","?","M","E","$","R","T","E","$","E","R","?","R","B",null,"M","?","?","$","?","R","E","R","T","M","R","M","$","E","R","B",null,"M","?","?","M","$","E","$","M","T","R","?","M","R","E","R","B",null],"character_chosen":"DEFECT","items_purchased":["Buffer","White Noise","ClockworkSouvenir","Hologram"],"campfire_rested":6,"item_purchase_floors":[7,21,39,41],"current_hp_per_floor":[75,80,80,69,64,25,25,25,25,25,25,16,40,60,60,42,80,75,70,63,63,63,63,63,63,63,66,94,66,66,59,88,24,101,100,90,90,93,93,74,77,17,17,50,33,16,49,43,76,61],"gold":214,"neow_bonus":"BOSS_RELIC","is_daily":false,"chose_seed":false,"campfire_upgraded":4,"win_rate":0.0,"timestamp":1614148109,"path_taken":["M","?","?","?","M","E","?","R","T","E","$","E","R","?","R","BOSS","M","?","?","$","?","R","E","R","T","M","R","?","?","E","R","BOSS","M","?","?","M","?","E","$","M","T","R","?","M","R","E","R","BOSS"],"items_purchased_type":["Card","Card","Relic","Card"],"build_version":"2020-12-22","purchased_purges":1,"victory":true,"max_hp_per_floor":[75,80,80,80,80,80,80,80,80,80,80,80,80,80,80,80,80,80,85,92,92,92,92,92,92,92,95,95,95,95,98,98,101,101,101,104,104,107,107,107,110,110,110,110,110,110,110,110,110,110],"card_choices":[{"not_picked":["Hologram","Compile Driver"],"picked":"Panic Button","floor":1.0},{"not_picked":["Go for the Eyes","Streamline"],"picked":"Defragment","floor":5.0},{"not_picked":["Doom and Gloom","Conserve Battery"],"picked":"Sunder","floor":6.0},{"not_picked":["Hello World","ReplayTheSpireMod:Omega Cannon","Fusion"],"picked":"SKIP","floor":10.0},{"not_picked":["Sweeping Beam","Beam Cell"],"picked":"Coolheaded","floor":12.0},{"not_picked":["All For One","Fission"],"picked":"Amplify","floor":16.0},{"not_picked":["Hologram+1","Darkness","Steam"],"picked":"SKIP","floor":18.0},{"not_picked":["Go for the Eyes","Melter","Redo+1"],"picked":"SKIP","floor":24.0},{"not_picked":["BootSequence","Beam Cell+1"],"picked":"Glacier","floor":27},{"not_picked":["Self Repair","Go for the Eyes","Compile Driver"],"picked":"SKIP","floor":29},{"not_picked":["Steam Power+1","Turbo"],"picked":"Core Surge","floor":31},{"not_picked":["Amplify","Seek"],"picked":"Creative AI","floor":33},{"not_picked":["Gash+1","Sweeping Beam+1","Panic Button"],"picked":"SKIP","floor":35},{"not_picked":["Reprogram+1","Stack+1"],"picked":"Creative AI","floor":38},{"not_picked":["Compile Driver","Genetic Algorithm","Conserve Battery+1"],"picked":"SKIP","floor":40},{"not_picked":["Gash","Beam Cell+1","Panic Button"],"picked":"SKIP","floor":42},{"not_picked":["Conserve Battery+1","Leap+1","Sweeping Beam+1"],"picked":"SKIP","floor":46},{"not_picked":["Glacier","Amplify","Coolheaded+1"],"picked":"SKIP","floor":48}],"player_experience":60936,"relics_obtained":[{"floor":3.0,"key":"Ring of Panic"},{"floor":6.0,"key":"Nunchaku"},{"floor":9.0,"key":"Matryoshka"},{"floor":10.0,"key":"Replay:PocketPolymizer"},{"floor":12.0,"key":"HoshigumaDish"},{"floor":24.0,"key":"Gremlin Food"},{"floor":26,"key":"Toy Ornithopter"},{"floor":26,"key":"Replay:Ringing Soul"},{"floor":31,"key":"Carrot"},{"floor":40,"key":"Kunai"},{"floor":43,"key":"Orichalcum"},{"floor":43,"key":"Omamori"},{"floor":45,"key":"KyoryuNoHagoromo"},{"floor":48,"key":"MealTicket"}],"event_choices":[{"damage_healed":0.0,"max_hp_gain":5.0,"max_hp_loss":0.0,"gold_gain":0.0,"event_name":"Big Fish","player_choice":"Donut","floor":2.0,"gold_loss":0.0,"damage_taken":0.0},{"damage_healed":0.0,"max_hp_gain":0.0,"max_hp_loss":0.0,"gold_gain":75.0,"event_name":"World of Goop","player_choice":"Gather Gold","floor":4.0,"gold_loss":0.0,"damage_taken":11.0},{"damage_healed":20.0,"max_hp_gain":0.0,"max_hp_loss":0.0,"gold_gain":0.0,"event_name":"The Cleric","player_choice":"Healed","floor":14.0,"gold_loss":35.0,"damage_taken":0.0},{"damage_healed":0,"gold_gain":0,"player_choice":"Embrace Madness","damage_taken":13,"max_hp_gain":0,"max_hp_loss":0,"event_name":"Winding Halls","floor":36,"gold_loss":0,"cards_obtained":["Madness","Madness"]},{"cards_removed":["Defend_B"],"damage_healed":0,"gold_gain":0,"player_choice":"Removed Skill","damage_taken":0,"max_hp_gain":0,"max_hp_loss":0,"event_name":"Falling","floor":37,"gold_loss":0},{"damage_healed":0,"gold_gain":0,"player_choice":"Fight","damage_taken":0,"max_hp_gain":0,"max_hp_loss":0,"event_name":"MindBloom","floor":45,"gold_loss":0}],"is_beta":false,"boss_relics":[{"not_picked":["Coffee Dripper","Replay:Wanted Poster"],"picked":"Replay:Grab Bag"},{"not_picked":["Runic Dome","Fusion Hammer"],"picked":"Sozu"},{"not_picked":["Velvet Choker","Busted Crown"],"picked":"SlaversCollar"},{"not_picked":["Empty Cage","Kintsugi"],"picked":"Astrolabe"},{"not_picked":["Replay:Bronze Core","Abe\u0027s Treasure"],"picked":"Replay:Fungal Core"}],"items_purged_floors":[11],"is_endless":false,"potions_floor_spawned":[5,10,16,18,29,33,38,45],"ascension_level":1}}