{"host":"ormi09wwzv7sq47a","time":1614169335,"event":{"mods":["2.2 Compatiblity","AchievementEnabler","Act Like it!","BaseMod","Bestiary","Better Altar","Better Note","Better Sensory Stone","Better Silent Start","Better Skull","Better Third Choice","Better Vampires","BetterRewards","Block Reminder","Card Forge","Colored Map","Colored Powertips","Curses Come First","DeckTracker","Downfall","Highlight Path","Minty Spire (QoL Compilation)","Permanent Neow","Quick Restart","Rare Cards Sparkle","Relic Stats","Shop Mod","StSLib","The Jungle"],"gold_per_floor":[115,127,141,106,106,106,135,135,135,209,219,239,253,284,284,284,284],"floor_reached":16,"language":"ENG","playtime":875,"items_purged":["Strike_G"],"score":185,"play_id":"24f6f6d7-79b2-4633-a180-1fc0cdcc2142","local_time":"20210224092215","is_ascension_mode":true,"campfire_choices":[{"floor":6,"key":"REST"},{"floor":8,"key":"REST"},{"floor":15,"key":"REST"}],"circlet_count":0,"master_deck":["AscendersBane","Strike_G","Strike_G","Strike_G","Defend_G","Defend_G","Defend_G","Defend_G","Survivor","Neutralize","Backflip","Bane","Flying Knee","Adrenaline","Deadly Poison","Poisoned Stab","Escape Plan","Backflip"],"relics":["Ring of the Snake","Hammer of Thor","Seething Fire","Anvil of the Gods","Torii","Guardian:GemstoneGun","Turnip","Question Card","Matryoshka","Letter Opener","Oddly Smooth Stone"],"acts_visited":["Exordium"],"potions_floor_usage":[7,14,14,16],"damage_taken":[{"damage":1,"enemies":"2 Louse","floor":1,"turns":4},{"damage":1,"enemies":"Jaw Worm","floor":2,"turns":6},{"damage":1,"enemies":"Cultist","floor":3,"turns":5},{"damage":46,"enemies":"Gremlin Nob","floor":7,"turns":7},{"damage":1,"enemies":"3 Louse","floor":11,"turns":5},{"damage":0,"enemies":"Blue Slaver","floor":12,"turns":3},{"damage":0,"enemies":"Gremlin Gang","floor":13,"turns":3},{"damage":11,"enemies":"Lagavulin","floor":14,"turns":4},{"damage":13,"enemies":"Slime Boss","floor":16,"turns":7}],"seed_played":"-3103744498460936470","potions_obtained":[{"floor":3,"key":"SpeedPotion"},{"floor":7,"key":"Swift Potion"},{"floor":11,"key":"sneckomod:MuddlingPotion"},{"floor":12,"key":"DistilledChaos"},{"floor":14,"key":"Weak Potion"}],"is_trial":false,"path_per_floor":["M","M","M","?","?","R","E","R","T","T","M","M","M","E","R","B"],"character_chosen":"THE_SILENT","items_purchased":["Torii"],"campfire_rested":3,"item_purchase_floors":[0],"current_hp_per_floor":[28,27,26,26,26,47,1,22,22,22,21,21,21,10,31,18,18],"gold":284,"neow_bonus":"","is_daily":false,"chose_seed":false,"campfire_upgraded":0,"win_rate":0.0,"timestamp":1614169335,"path_taken":["M","M","M","?","?","R","E","R","T","?","M","M","M","E","R","BOSS"],"items_purchased_type":["Relic"],"build_version":"2020-12-22","purchased_purges":1,"victory":false,"max_hp_per_floor":[70,70,70,70,70,70,70,70,70,70,70,70,70,70,70,70,70],"relic_stats":{"Torii":11,"counters":[96,485],"Turnip":[4],"Letter Opener":[294],"Question Card":17,"obtain_stats":[{"Gremlin Horn":26,"Hammer of Thor":0,"Whetstone":6,"Ginger":0,"Old Coin":9,"Centennial Puzzle":6,"Lizard Tail":2,"Strawberry":0,"MealTicket":11,"Kunai":45,"Dead Branch":0,"Oddly Smooth Stone":14,"Pen Nib":7,"Letter Opener":28,"Question Card":24,"Akabeko":21,"SlaversCollar":34,"Anvil of the Gods":0,"MutagenicStrength":29,"Bird Faced Urn":0,"Molten Egg 2":43,"StrikeDummy":12,"Ring of the Serpent":34,"Torii":0,"theJungle:Flamango":22,"SacredBark":17,"Snake Skull":2,"Bag of Preparation":19,"theJungle:WildPear":21,"Incense Burner":36,"Empty Cage":17,"ClockworkSouvenir":0,"Nunchaku":2,"Matryoshka":9,"WristBlade":17,"Pantograph":22,"Red Mask":39,"InkBottle":38,"Ring of the Snake":0,"Potion Belt":40,"The Specimen":9,"Golden Idol":3,"Guardian:GemstoneGun":0,"Omamori":30,"Seething Fire":0,"MawBank":9,"Mercury Hourglass":27,"Peace Pipe":0,"Anchor":8,"Turnip":0,"Art of War":9,"Bag of Marbles":12,"Membership Card":0,"Toy Ornithopter":26},{"Gremlin Horn":30,"Hammer of Thor":0,"Whetstone":24,"Ginger":62,"Old Coin":66,"Centennial Puzzle":46,"Lizard Tail":63,"Strawberry":12,"MealTicket":18,"Kunai":39,"Dead Branch":57,"Oddly Smooth Stone":95,"Pen Nib":3,"Letter Opener":54,"Question Card":73,"Akabeko":30,"SlaversCollar":77,"Anvil of the Gods":0,"MutagenicStrength":54,"Bird Faced Urn":57,"Molten Egg 2":38,"StrikeDummy":5,"Ring of the Serpent":33,"Torii":87,"theJungle:Flamango":72,"SacredBark":71,"Snake Skull":1,"Bag of Preparation":72,"theJungle:WildPear":72,"Incense Burner":79,"Empty Cage":7,"ClockworkSouvenir":57,"Nunchaku":20,"Matryoshka":91,"WristBlade":28,"Pantograph":30,"Red Mask":80,"InkBottle":80,"Ring of the Snake":0,"Potion Belt":38,"The Specimen":3,"Golden Idol":14,"Guardian:GemstoneGun":87,"Omamori":55,"Seething Fire":0,"MawBank":24,"Mercury Hourglass":54,"Peace Pipe":42,"Anchor":24,"Turnip":87,"Art of War":16,"Bag of Marbles":49,"Membership Card":42,"Toy Ornithopter":54},{"Gremlin Horn":150,"Hammer of Thor":0,"Whetstone":127,"Ginger":321,"Old Coin":337,"Centennial Puzzle":241,"Lizard Tail":324,"Strawberry":61,"MealTicket":99,"Kunai":196,"Dead Branch":296,"Oddly Smooth Stone":478,"Pen Nib":13,"Letter Opener":279,"Question Card":368,"Akabeko":150,"SlaversCollar":388,"Anvil of the Gods":0,"MutagenicStrength":279,"Bird Faced Urn":296,"Molten Egg 2":190,"StrikeDummy":24,"Ring of the Serpent":166,"Torii":441,"theJungle:Flamango":363,"SacredBark":355,"Snake Skull":4,"Bag of Preparation":363,"theJungle:WildPear":363,"Incense Burner":397,"Empty Cage":40,"ClockworkSouvenir":296,"Nunchaku":112,"Matryoshka":463,"WristBlade":143,"Pantograph":150,"Red Mask":401,"InkBottle":401,"Ring of the Snake":0,"Potion Belt":190,"The Specimen":13,"Golden Idol":69,"Guardian:GemstoneGun":441,"Omamori":284,"Seething Fire":0,"MawBank":127,"Mercury Hourglass":279,"Peace Pipe":218,"Anchor":127,"Turnip":441,"Art of War":79,"Bag of Marbles":251,"Membership Card":218,"Toy Ornithopter":279}],"Ring of the Snake":[135]},"card_choices":[{"not_picked":["Acrobatics","Caltrops"],"picked":"Backflip","floor":1},{"not_picked":["Dodge and Roll","Acrobatics"],"picked":"Bane","floor":2},{"not_picked":["PiercingWail","Prepared"],"picked":"Flying Knee","floor":3},{"not_picked":["Quick Slash","Cloak And Dagger"],"picked":"Adrenaline","floor":7},{"not_picked":["Dodge and Roll","Sucker Punch","Dagger Throw"],"picked":"Deadly Poison","floor":11},{"not_picked":["Flechettes","Quick Slash","Dodge and Roll"],"picked":"Poisoned Stab","floor":12},{"not_picked":["Deflect","Dagger Throw","Dagger Spray"],"picked":"Escape Plan","floor":13},{"not_picked":["Tools of the Trade","Prepared","Blade Dance"],"picked":"Backflip","floor":14}],"player_experience":1157170,"relics_obtained":[{"floor":7,"key":"Question Card"},{"floor":9,"key":"Matryoshka"},{"floor":10,"key":"Letter Opener"},{"floor":14,"key":"Oddly Smooth Stone"}],"event_choices":[{"damage_healed":0,"gold_gain":0,"player_choice":"Left","damage_taken":0,"max_hp_gain":0,"max_hp_loss":0,"event_name":"betterThird:BetterGoop","floor":4,"gold_loss":35},{"damage_healed":0,"gold_gain":0,"player_choice":"LEAVE","damage_taken":0,"max_hp_gain":0,"max_hp_loss":0,"event_name":"betterThird:BetterScrap","floor":5,"gold_loss":0,"cards_obtained":["Reinforced Body"]}],"is_beta":false,"boss_relics":[],"items_purged_floors":[0],"is_endless":false,"potions_floor_spawned":[3,7,11,12,14],"killed_by":"Slime Boss","ascension_level":13}}