{"host":"k9oowrpcbuktvpbv","time":1614154226,"event":{"mods":["Act Like it!","BaseMod","CapriCore","Energized Spire","Gensokyo","GifTheSpireLib","Halation","Hallownest","Hubris","Koishi","Minty Spire (QoL Compilation)","Reimu??????","Relic Stats","Reliquary","Replay The Spire","StSLib","The Animator","The Immortal","The Senshi"],"gold_per_floor":[368,208,225,225,225,225,225,225],"floor_reached":7,"language":"ENG","playtime":308,"items_purged":[],"score":41,"play_id":"ea08b864-0f2e-4645-ab80-7e5b38e45472","local_time":"20210224091026","is_ascension_mode":true,"campfire_choices":[{"data":"FantasyMoon:ReiMu","floor":6,"key":"SMITH"}],"circlet_count":0,"master_deck":["Strike_Lin:ReiMu","Strike_Lin:ReiMu","Strike_Lin:ReiMu","Strike_Lin:ReiMu","Defend_Lin:ReiMu","Defend_Lin:ReiMu","Defend_Lin:ReiMu","Defend_Lin:ReiMu","Stagnation:ReiMu","theSenshi:SailorBlock+1","Defend_G","SpreadBorder2:ReiMu","Gensokyo:BlemishedSteel","WonderfulDomain:ReiMu+1","FantasyMoon:ReiMu+1"],"relics":["FlyPower:ReiMu","Happy Flower","War Paint"],"acts_visited":["Exordium"],"potions_floor_usage":[7],"damage_taken":[{"damage":8,"enemies":"Gensokyo:Gryphon","floor":1,"turns":7},{"damage":5,"enemies":"Gensokyo:3_Fairies","floor":3,"turns":9},{"damage":19,"enemies":"Gensokyo:Mamizou","floor":7,"turns":11}],"seed_played":"-8022181716029329893","potions_obtained":[{"floor":3,"key":"Explosive Potion"}],"is_trial":false,"path_per_floor":["M","COS","M","?","?","R","E"],"character_chosen":"REIMU","items_purchased":[],"campfire_rested":0,"item_purchase_floors":[],"current_hp_per_floor":[57,57,52,52,52,52,33,33],"gold":225,"neow_bonus":"TWO_FIFTY_GOLD","is_daily":false,"chose_seed":false,"campfire_upgraded":1,"win_rate":0.0,"timestamp":1614154226,"path_taken":["M","COS","M","?","?","R","E"],"items_purchased_type":[],"build_version":"2020-12-22","purchased_purges":0,"victory":false,"max_hp_per_floor":[65,65,65,65,65,65,65,65],"relic_stats":{"Happy Flower":[3],"counters":[3,27],"War Paint":["theSenshi:SailorBlock","WonderfulDomain:ReiMu"],"obtain_stats":[{"Happy Flower":4,"War Paint":7,"FlyPower:ReiMu":0},{"Happy Flower":2,"War Paint":3,"FlyPower:ReiMu":0},{"Happy Flower":16,"War Paint":17,"FlyPower:ReiMu":0}]},"card_choices":[{"not_picked":["Intuition:ReiMu","EmergencyTakeOff:ReiMu"],"picked":"SpreadBorder2:ReiMu","floor":1},{"not_picked":["InherentArray:ReiMu","AlertArray:ReiMu"],"picked":"WonderfulDomain:ReiMu","floor":3}],"player_experience":178655,"relics_obtained":[],"event_choices":[],"is_beta":false,"boss_relics":[],"items_purged_floors":[],"is_endless":false,"potions_floor_spawned":[3],"killed_by":"Gensokyo:Mamizou","ascension_level":1}}