{"host":"2mn14zkn87997iwg","time":1614167169,"event":{"mods":["AchievementEnabler","BaseMod","Colored Map","DeckTracker","Hermit","Keyboard Shortcuts","Marisa£¨Ùöéë¡¡Øª×âÞÞ£©","Minty Spire (QoL Compilation)","Quick Restart","StSLib","SuperFastMode","everything is the same but u backflip on backflip"],"gold_per_floor":[110,110,126,145,155,155,169,201,201,219,235,235,254,254,254,254,254],"floor_reached":16,"language":"KOR","playtime":935,"items_purged":[],"score":122,"play_id":"20082f0d-961a-427e-a25c-511b582655bf","local_time":"20210224204609","is_ascension_mode":true,"campfire_choices":[{"data":"Phantasmal Killer","floor":6.0,"key":"SMITH"},{"floor":15,"key":"REST"}],"circlet_count":0,"master_deck":["Strike_G","Strike_G","Strike_G","Strike_G","Defend_G","Defend_G","Defend_G","Defend_G","Survivor","Neutralize","Phantasmal Killer+1","Dagger Spray","Dagger Throw","Reflex","Slice","Tactician","Endless Agony"],"relics":["Ring of the Snake","Centennial Puzzle","Matryoshka"],"acts_visited":["Exordium"],"potions_floor_usage":[8,13,16],"damage_taken":[{"damage":3.0,"enemies":"Small Slimes","floor":1.0,"turns":4.0},{"damage":1.0,"enemies":"Cultist","floor":3.0,"turns":3.0},{"damage":6.0,"enemies":"Jaw Worm","floor":4.0,"turns":4.0},{"damage":1.0,"enemies":"Blue Slaver","floor":5.0,"turns":2.0},{"damage":0.0,"enemies":"Gremlin Gang","floor":7.0,"turns":3.0},{"damage":12,"enemies":"Lagavulin","floor":8,"turns":4},{"damage":1,"enemies":"Looter","floor":10,"turns":3},{"damage":4,"enemies":"2 Fungi Beasts","floor":11,"turns":3},{"damage":0,"enemies":"Gremlin Gang","floor":13,"turns":3},{"damage":54,"enemies":"Hexaghost","floor":16,"turns":11}],"seed_played":"-6047072181031418830","potions_obtained":[{"floor":1.0,"key":"Swift Potion"},{"floor":3.0,"key":"AttackPotion"},{"floor":5.0,"key":"SteroidPotion"},{"floor":11,"key":"CunningPotion"}],"is_trial":false,"path_per_floor":["M","?","M","M","M","R","M","E","T","M","M","?","M","$","R","B"],"character_chosen":"THE_SILENT","items_purchased":[],"campfire_rested":1,"item_purchase_floors":[],"current_hp_per_floor":[67,67,66,60,59,59,59,47,47,46,42,35,35,35,56,2,2],"gold":254,"neow_bonus":"ONE_RANDOM_RARE_CARD","is_daily":false,"chose_seed":false,"campfire_upgraded":1,"win_rate":0.0,"timestamp":1614167169,"path_taken":["M","?","M","M","M","R","M","E","T","M","?","?","M","$","R","BOSS"],"items_purchased_type":[],"build_version":"2020-12-22","purchased_purges":0,"victory":false,"max_hp_per_floor":[70,70,70,70,70,70,70,70,70,70,70,70,70,70,70,70,70],"card_choices":[{"not_picked":["Terror","Crippling Poison"],"picked":"Dagger Spray","floor":1.0},{"not_picked":["Expertise","Bouncing Flask","Outmaneuver"],"picked":"SKIP","floor":3.0},{"not_picked":["Escape Plan","Backflip"],"picked":"Dagger Throw","floor":4.0},{"not_picked":["Underhanded Strike","Dodge and Roll"],"picked":"Reflex","floor":5.0},{"not_picked":["Dash","Skewer","Underhanded Strike"],"picked":"SKIP","floor":7.0},{"not_picked":["All Out Attack","Deflect"],"picked":"Slice","floor":8},{"not_picked":["Bane","Noxious Fumes","Underhanded Strike"],"picked":"SKIP","floor":10},{"not_picked":["Dagger Throw","Dodge and Roll"],"picked":"Tactician","floor":11},{"not_picked":["PiercingWail","Tactician"],"picked":"Endless Agony","floor":13}],"player_experience":74449,"relics_obtained":[{"floor":8,"key":"Centennial Puzzle"},{"floor":9,"key":"Matryoshka"}],"event_choices":[{"cards_removed":["Defend_G"],"damage_healed":0.0,"max_hp_gain":0.0,"max_hp_loss":0.0,"gold_gain":0.0,"event_name":"Purifier","player_choice":"Purged","floor":2.0,"gold_loss":0.0,"damage_taken":0.0},{"cards_removed":["Strike_G"],"damage_healed":0,"gold_gain":0,"player_choice":"Card Removal","damage_taken":7,"max_hp_gain":0,"max_hp_loss":0,"event_name":"Golden Wing","floor":12,"gold_loss":0}],"is_beta":false,"boss_relics":[],"items_purged_floors":[],"is_endless":false,"potions_floor_spawned":[1,3,5,11],"killed_by":"Hexaghost","ascension_level":3}}