{"host":"miczq86z2i77lhk7","time":1614205203,"event":{"mods":["AchievementEnabler","BaseMod","Colored Map","Colored Powertips","Downfall","Highlight Path","Minty Spire (QoL Compilation)","StSLib"],"gold_per_floor":[114,39,54,54,69,69,169,169,244,244,259,274,304,319,319,419,419,434,434,449,449,474,504,504,519,519,130,145,145,175,190,190,290,290,305,320,320,320,45,45,75,88,138,153,153,192,192,216,216,216],"floor_reached":51,"language":"ENG","playtime":3350,"items_purged":["Slimebound:Strike_Slimebound","Slimebound:Defend_Slimebound","Slimebound:Defend_Slimebound"],"score":870,"play_id":"d856a5c1-d0bd-43ff-8d8d-617d2db8d765","local_time":"20210224232003","daily_mods":["Allstar","Time Dilation","Terminal"],"is_ascension_mode":false,"campfire_choices":[{"data":"Sadistic Nature","floor":6.0,"key":"SMITH"},{"data":"Slimebound:LivingWall","floor":8,"key":"SMITH"},{"data":"Slimebound:Schlurp","floor":10,"key":"SMITH"},{"data":"Mind Blast","floor":15,"key":"SMITH"},{"data":"Slimebound:RainOfGoop","floor":24,"key":"SMITH"},{"data":"Slimebound:GoopSpray","floor":29,"key":"SMITH"},{"data":"Slimebound:Strike_Slimebound","floor":32,"key":"PURGE"},{"data":"Slimebound:Recycling","floor":40,"key":"SMITH"},{"data":"Slimebound:Strike_Slimebound+1","floor":47,"key":"PURGE"},{"data":"Slimebound:Defend_Slimebound+1","floor":49,"key":"PURGE"}],"circlet_count":0,"master_deck":["Slimebound:Tackle+1","Slimebound:Defend_Slimebound+1","Slimebound:Split+1","Slimebound:CorrosiveSpit+1","Good Instincts+1","Mind Blast+1","Dramatic Entrance+1","Chrysalis+1","Sadistic Nature+1","Slimebound:Schlurp+1","Slimebound:LivingWall+1","Slimebound:GoopSpray+1","Slimebound:ItLooksTasty+1","Slimebound:Repurpose+1","Slimebound:RainOfGoop+1","Slimebound:RallyTheTroops+1","Slimebound:SlimeSpikes+1","Slimebound:SamplingLick+1","Slimebound:SplitMire+1","Slimebound:SplitSpecialist+1","Slimebound:LevelUp+1","Slimebound:TongueLash+1","Slimebound:TagTeam+1","Slimebound:SplitBruiser+1","Slimebound:Recycling+1","Master of Strategy+1","Slimebound:HauntingLick+1","Slimebound:HauntingLick+1","Slimebound:HauntingLick+1","Slimebound:HauntingLick+1"],"relics":["Slimebound:AbsorbEndCombat","Slimebound:MaxSlimesRelic","Mummified Hand","Coffee Dripper","Enchiridion","Gremlin Horn","Guardian:PocketSentry","Peace Pipe","Blood Vial","Strawberry","Oddly Smooth Stone","Philosopher\u0027s Stone","Guardian:BottledAnomaly","Toxic Egg 2","hexamod:Sixitude","Akabeko","Mark of the Bloom","CeramicFish"],"acts_visited":["Exordium","TheCity","TheBeyond"],"potions_floor_usage":[20,27,42],"damage_taken":[{"damage":3.0,"enemies":"Cultist","floor":1.0,"turns":2.0},{"damage":1.0,"enemies":"Jaw Worm","floor":3.0,"turns":3.0},{"damage":0.0,"enemies":"2 Louse","floor":5.0,"turns":1.0},{"damage":0,"enemies":"Blue Slaver","floor":11,"turns":2},{"damage":3,"enemies":"3 Louse","floor":12,"turns":2},{"damage":0,"enemies":"Lagavulin","floor":13,"turns":4},{"damage":0,"enemies":"Looter","floor":14,"turns":2},{"damage":2,"enemies":"The Guardian","floor":16,"turns":6},{"damage":0,"enemies":"Spheric Guardian","floor":18,"turns":4},{"damage":0,"enemies":"2 Thieves","floor":20,"turns":3},{"damage":3,"enemies":"Book of Stabbing","floor":23,"turns":3},{"damage":0,"enemies":"Snecko","floor":25,"turns":2},{"damage":0,"enemies":"Centurion and Healer","floor":28,"turns":2},{"damage":0,"enemies":"Slavers","floor":30,"turns":2},{"damage":0,"enemies":"Snake Plant","floor":31,"turns":2},{"damage":0,"enemies":"Automaton","floor":33,"turns":5},{"damage":0,"enemies":"3 Shapes","floor":35,"turns":2},{"damage":0,"enemies":"3 Darklings","floor":36,"turns":2},{"damage":5,"enemies":"Giant Head","floor":41,"turns":5},{"damage":0,"enemies":"2 Orb Walkers","floor":42,"turns":3},{"damage":0,"enemies":"Maw","floor":44,"turns":4},{"damage":0,"enemies":"Reptomancer","floor":46,"turns":2},{"damage":0,"enemies":"Jaw Worm Horde","floor":48,"turns":1},{"damage":4,"enemies":"Time Eater","floor":50,"turns":3}],"seed_played":"1986488565424594500","potions_obtained":[{"floor":3.0,"key":"Regen Potion"},{"floor":12,"key":"Slimebound:SlimyTonguePotion"},{"floor":16,"key":"EssenceOfSteel"},{"floor":23,"key":"DistilledChaos"},{"floor":28,"key":"BlessingOfTheForge"},{"floor":30,"key":"EntropicBrew"},{"floor":44,"key":"sneckomod:MuddlingPotion"},{"floor":46,"key":"Swift Potion"}],"is_trial":false,"path_per_floor":["M","$","M","$","M","R","?","R","T","R","M","M","E","M","R","B",null,"M","?","M","?","T","E","R","M","T","$","M","R","E","M","R","B",null,"M","M","?","?","$","R","E","?","T","M","?","E","R","M","R","B",null],"character_chosen":"SLIMEBOUND","items_purchased":["Slimebound:SplitSpecialist","Fruit Juice","Strawberry","Guardian:BottledAnomaly"],"campfire_rested":0,"item_purchase_floors":[27,27,27,39],"current_hp_per_floor":[61,61,61,60,59,58,57,56,55,54,53,50,51,50,49,48,47,46,30,44,43,42,41,40,39,38,49,48,47,46,45,44,43,42,41,40,39,38,37,36,31,34,33,32,31,30,29,28,27,23],"gold":216,"neow_bonus":"","is_daily":true,"chose_seed":false,"campfire_upgraded":7,"win_rate":0.0,"timestamp":1614205203,"path_taken":["M","?","M","$","M","R","?","R","T","R","?","M","E","M","R","BOSS","M","?","M","?","?","E","R","M","T","$","M","R","E","M","R","BOSS","M","M","?","?","$","R","E","?","T","M","?","E","R","M","R","BOSS"],"items_purchased_type":["Card","Potion","Relic","Relic"],"build_version":"2020-12-22","purchased_purges":3,"victory":true,"max_hp_per_floor":[63,62,61,60,59,58,57,56,55,54,53,52,51,50,49,48,47,46,45,44,43,42,41,40,39,38,49,48,47,46,45,44,43,42,41,40,39,38,37,36,35,34,33,32,31,30,29,28,27,26],"card_choices":[{"not_picked":["Slimebound:SlimeTap","Slimebound:PressTheAttack"],"picked":"Slimebound:Schlurp","floor":1.0},{"not_picked":["Slimebound:FormOfPuddle","Slimebound:ComboTackle"],"picked":"Slimebound:PressTheAttack","floor":3.0},{"not_picked":["Slimebound:DivideAndConquer","Slimebound:Dissolve"],"picked":"Slimebound:LivingWall","floor":5.0},{"not_picked":["Slimebound:GoopTackle","Slimebound:FinishingTackle"],"picked":"Slimebound:GoopSpray","floor":11},{"not_picked":["Slimebound:SlimeBrawl","Slimebound:SpikyOuterGoop"],"picked":"Slimebound:ItLooksTasty","floor":12},{"not_picked":["Slimebound:RollThrough","Slimebound:LivingWall"],"picked":"Slimebound:Repurpose","floor":13},{"not_picked":["Slimebound:LivingWall","Slimebound:Equalize"],"picked":"Slimebound:RainOfGoop","floor":14},{"not_picked":["Slimebound:MinionMaster","Slimebound:CheckThePlaybook"],"picked":"Slimebound:RallyTheTroops","floor":16},{"not_picked":["Slimebound:ForwardTackle","Slimebound:Schlurp"],"picked":"Slimebound:SlimeSpikes+1","floor":18},{"not_picked":["Slimebound:GoopTackle","Slimebound:SlimeTap"],"picked":"Slimebound:SamplingLick+1","floor":20},{"not_picked":["Slimebound:LivingWall","Slimebound:ItLooksTasty","Slimebound:Chomp"],"picked":"SKIP","floor":23},{"not_picked":["Slimebound:SplitAcid","Slimebound:Nibble"],"picked":"Slimebound:SplitMire+1","floor":25},{"not_picked":["Slimebound:FinishingTackle","Slimebound:SlimeSpikes+1"],"picked":"Slimebound:LevelUp","floor":28},{"not_picked":["Slimebound:FirmFortitude","Slimebound:ComboTackle+1"],"picked":"Slimebound:TongueLash","floor":30},{"not_picked":["Slimebound:GoopSpray","Slimebound:LivingWall","Slimebound:Equalize"],"picked":"SKIP","floor":31},{"not_picked":["Slimebound:SlimeSlap","Slimebound:MassRepurpose"],"picked":"Slimebound:TagTeam","floor":33},{"not_picked":["Slimebound:LeechingTouch","Slimebound:PressTheAttack"],"picked":"Slimebound:SplitBruiser+1","floor":35},{"not_picked":["Slimebound:ItLooksTasty","Slimebound:SplitBruiser+1"],"picked":"Slimebound:Recycling","floor":36},{"not_picked":["Metamorphosis","Discovery"],"picked":"Master of Strategy","floor":38},{"not_picked":["Slimebound:GoopTackle","Slimebound:GoopSpray+1","Slimebound:LeechEnergy"],"picked":"SKIP","floor":41},{"not_picked":["Slimebound:Schlurp+1","Slimebound:SamplingLick+1"],"picked":"Slimebound:HauntingLick+1","floor":42},{"not_picked":["Slimebound:ViciousTackle","Slimebound:SplitSpecialist+1"],"picked":"Slimebound:HauntingLick+1","floor":44},{"not_picked":["Slimebound:Chomp","Slimebound:AcidTongue+1"],"picked":"Slimebound:HauntingLick+1","floor":46},{"not_picked":["Slimebound:ComboTackle+1","Slimebound:OneTwoCombo"],"picked":"Slimebound:HauntingLick+1","floor":48}],"player_experience":98787,"relics_obtained":[{"floor":9,"key":"Slimebound:MaxSlimesRelic"},{"floor":13,"key":"Mummified Hand"},{"floor":19,"key":"Enchiridion"},{"floor":22,"key":"Guardian:PocketSentry"},{"floor":23,"key":"Peace Pipe"},{"floor":26,"key":"Blood Vial"},{"floor":30,"key":"Oddly Smooth Stone"},{"floor":41,"key":"Toxic Egg 2"},{"floor":42,"key":"hexamod:Sixitude"},{"floor":43,"key":"Akabeko"},{"floor":46,"key":"CeramicFish"}],"event_choices":[{"damage_healed":0.0,"max_hp_gain":0.0,"max_hp_loss":0.0,"gold_gain":100.0,"event_name":"Golden Shrine","player_choice":"Pray","floor":7.0,"gold_loss":0.0,"damage_taken":0.0},{"damage_healed":0,"gold_gain":0,"player_choice":"Obtained Book","damage_taken":16,"max_hp_gain":0,"max_hp_loss":0,"event_name":"Cursed Tome","floor":19,"gold_loss":0},{"damage_healed":0,"gold_gain":0,"player_choice":"Opened","damage_taken":0,"relics_obtained":["Gremlin Horn"],"max_hp_gain":0,"max_hp_loss":0,"event_name":"The Mausoleum","floor":21,"gold_loss":0},{"cards_removed":["Slimebound:PressTheAttack"],"damage_healed":0,"gold_gain":0,"player_choice":"Removed Attack","damage_taken":0,"max_hp_gain":0,"max_hp_loss":0,"event_name":"Falling","floor":37,"gold_loss":0},{"damage_healed":0,"gold_gain":0,"player_choice":"Memory 1","damage_taken":0,"max_hp_gain":0,"max_hp_loss":0,"event_name":"SensoryStone","floor":38,"gold_loss":0},{"damage_healed":0,"gold_gain":0,"player_choice":"Fight","damage_taken":0,"max_hp_gain":0,"max_hp_loss":0,"event_name":"Mysterious Sphere","floor":42,"gold_loss":0},{"damage_healed":0,"gold_gain":0,"player_choice":"Upgrade","damage_taken":0,"relics_obtained":["Mark of the Bloom"],"max_hp_gain":0,"max_hp_loss":0,"event_name":"MindBloom","floor":45,"gold_loss":0,"cards_upgraded":["Slimebound:Strike_Slimebound","Slimebound:Tackle","Slimebound:Defend_Slimebound","Slimebound:Defend_Slimebound","Slimebound:Split","Slimebound:CorrosiveSpit","Good Instincts","Dramatic Entrance","Chrysalis","Slimebound:ItLooksTasty","Slimebound:Repurpose","Slimebound:RallyTheTroops","Slimebound:SplitSpecialist","Slimebound:LevelUp","Slimebound:TongueLash","Slimebound:TagTeam","Master of Strategy"]}],"is_beta":false,"boss_relics":[{"not_picked":["bronze:MakeshiftBattery","Sozu"],"picked":"Coffee Dripper"},{"not_picked":["Pandora\u0027s Box","Calling Bell"],"picked":"Philosopher\u0027s Stone"}],"items_purged_floors":[2,27,39],"is_endless":false,"potions_floor_spawned":[3,12,16,23,28,30,33,35,41,44,46],"ascension_level":0}}