{"host":"rm0ctv8qd8mnbkg1","time":1614183226,"event":{"mods":["Act Like it!","Aspiration","BaseMod","Beaked The Cultist","BetterRewards","Colored Map","DNKmod","Dark Map","Defuse TimeMaze Blight","Friendly Minions","Gensokyo","Hubris","Library of Ruina","Library of Ruina Extra","Marisa????????","Minty Spire (QoL Compilation)","MostiFishMod","Permanent Neow","Rare Cards Sparkle","Relic Sorter","Reliquary","Replay The Spire","Ruina","RumiaBox-????????","Shade Mod","Shop Mod","Spicy Shops","Spire Arcade","StSLib","The Animator","The Construct","The Servant 0.9.4","TheVacant","Wandering Minibosses","??????REMEMod"],"gold_per_floor":[10016,9666,9678,9215,9228,9228,9259,9259,9259,9293,9293,9293,9309,9309,9309,9414,9414,9433,9433,9447,9467,8671,8671,8748,7061,7061,7180,7223,7223,7268,6892,6892,7100,7100,7154,7214,7214,7214,6804,6858,6987,6011,6011,6011,6044,6102,6160,6183,6183,6263,6263],"floor_reached":52,"language":"ENG","playtime":1657,"items_purged":[],"score":962,"play_id":"044c0905-73ad-435d-9f06-09b87f580dc9","local_time":"20210224161346","is_ascension_mode":false,"campfire_choices":[{"data":"ViolentFlame","floor":6,"key":"SMITH"},{"data":"TendonChords","floor":8,"key":"SMITH"},{"data":"DarkCloud","floor":15,"key":"SMITH"},{"data":"SunsetBlade","floor":23,"key":"SMITH"},{"data":"SnakesPrey","floor":29,"key":"SMITH"},{"data":"ForTheFamily","floor":32,"key":"SMITH"},{"data":"FleshFillet","floor":44,"key":"SMITH"},{"data":"LeRegole","floor":49,"key":"SMITH"}],"circlet_count":0,"master_deck":["LightDefense","LightAttack","LightAttack","LightAttack","LightDefense","LightDefense","LightDefense+1","ChargeAndCover","FocusedStrikes","LeRegole+1","SinglePointStab","SharpenedBlade+1","Guardian_lor","SilentMist","UpbeatPerformance","SteelKnuckles+1","ViolentFlame+1","TendonChords+1","BizarreAttack","DarkCloud+1","EmotionalTurbulence","HandlingWork","Reload","FrontalAssault+1","SunsetBlade+1","FierceCharge+1","SnakesPrey+1","ForTheFamily+1","ruina:Mimicry","SuanNi","Parry2","ScatteringSlash","DarkCloud","ruina:GoldRush","SavageMode","Decapitation","DarkCloud+1","FleshFillet+1","GuidanceOfTheGears","Diversion","WillBeTasty+1","SnakesPrey+1","SharpenedBlade","DesperateStruggle","SunsetBlade","SpearedSweep","Parry2"],"relics":["PageOfLibrarian","REME_ComplimentaryCards","DaveBox","GreenFoldingFan","aspiration:Nostalgia","Uniform","PreservedInsect","SSSystem","Durian","Replay:Multitool","hubris:TinFlute","Bag of Marbles","aspiration:SecretTechniqueScroll","Sling","reliquary:Knoch","Replay:Bandana","Gremlin Horn","PageOfLittleHelper","ClockworkSouvenir","BirthdayGift-Tetrahedron","Art of War","OriginationStaff","wanderingMiniBosses:OtherGremlinHorn","Replay:Wax Seal","Ring of Chaos","ReplayFunnel","War Paint","Blue Doll","HandDrill","reliquary:PartyBalloon","Boot","Bottled Flame","Mercury Hourglass","Dream Catcher"],"acts_visited":["Exordium","Exordium","TheBeyond"],"potions_floor_usage":[33,50],"damage_taken":[{"damage":4,"enemies":"Small Slimes","floor":1,"turns":2},{"damage":4,"enemies":"Cultist","floor":3,"turns":2},{"damage":2,"enemies":"2 Louse","floor":5,"turns":1},{"damage":4,"enemies":"Gremlin Nob","floor":7,"turns":2},{"damage":14,"enemies":"Lagavulin","floor":10,"turns":3},{"damage":2,"enemies":"Gremlin Gang","floor":13,"turns":1},{"damage":503,"enemies":"Hexaghost","floor":16,"turns":5},{"damage":29,"enemies":"ruina:BadWolf","floor":18,"turns":4},{"damage":3,"enemies":"ruina:Nosferatu","floor":20,"turns":2},{"damage":4,"enemies":"ruina:3_Scarecrows","floor":21,"turns":2},{"damage":11,"enemies":"ruina:ServantOfWrath","floor":24,"turns":2},{"damage":10,"enemies":"ruina:Nos_and_Bat","floor":27,"turns":3},{"damage":2,"enemies":"ruina:KingOfGreed","floor":28,"turns":1},{"damage":3,"enemies":"ruina:KnightOfDespair","floor":30,"turns":1},{"damage":3,"enemies":"ruina:Red_and_Wolf","floor":33,"turns":2},{"damage":13,"enemies":"3 Shapes","floor":35,"turns":1},{"damage":2,"enemies":"3 Darklings","floor":36,"turns":1},{"damage":2,"enemies":"Nemesis","floor":40,"turns":1},{"damage":8,"enemies":"Transient","floor":41,"turns":3},{"damage":6,"enemies":"Spire Growth","floor":45,"turns":2},{"damage":19,"enemies":"4 Shapes","floor":46,"turns":2},{"damage":4,"enemies":"Maw","floor":47,"turns":3},{"damage":15,"enemies":"Awakened One","floor":50,"turns":4}],"seed_played":"1226021319638726360","potions_obtained":[{"floor":5,"key":"Energy Potion"},{"floor":13,"key":"SteroidPotion"},{"floor":18,"key":"Venom Potion"},{"floor":20,"key":"Dexterity Potion"}],"is_trial":false,"path_per_floor":["M","$","M","$","M","R","E","R","T","E","R","?","M","?","R","B",null,"M","?","M","M","$","R","E","$","T","M","M","R","M","$","R","B",null,"M","M","?","?","$","E","M","$","T","R","M","M","M","T","R","B",null,null],"character_chosen":"Librarian","items_purchased":["PreservedInsect","SharpenedBlade+1","SSSystem","SilentMist","UpbeatPerformance","SteelKnuckles","Durian","Sling","SunsetBlade","reliquary:Knoch","Replay:Bandana","Gremlin Horn","FierceCharge","ClockworkSouvenir","BirthdayGift-Tetrahedron","ForTheFamily","Art of War","ruina:Mimicry","Replay:Wax Seal","DarkCloud","ruina:GoldRush","GuidanceOfTheGears","ReplayFunnel","War Paint","Diversion","Blue Doll","SharpenedBlade","HandDrill","reliquary:PartyBalloon","Boot","DesperateStruggle","Bottled Flame"],"campfire_rested":0,"item_purchase_floors":[2,2,2,4,4,4,4,22,22,22,22,22,22,25,25,25,25,25,31,31,31,39,39,39,39,42,42,42,42,42,42,42],"current_hp_per_floor":[1000,1000,1003,1008,1015,1015,1013,1013,1013,1012,1015,1015,1015,1015,1015,527,1016,1000,1000,1007,1008,1008,1008,1010,1010,1010,1011,1007,1007,1014,1014,1014,1023,1030,1009,1009,1009,1009,1009,1008,1008,1008,1008,1008,1012,1003,1024,1024,1016,1016,1016],"gold":6263,"neow_bonus":"NOSTALGIA","is_daily":false,"chose_seed":false,"campfire_upgraded":8,"win_rate":0.0,"timestamp":1614183226,"path_taken":["M","$","M","$","M","R","E","R","T","E","R","?","M","?","R","BOSS","M","?","?","M","$","R","E","$","T","M","M","R","M","?","R","BOSS","M","?","?","?","$","E","M","$","T","R","?","M","M","?","R","BOSS"],"items_purchased_type":["Relic","Card","Relic","Card","Card","Card","Relic","Relic","Card","Relic","Relic","Relic","Card","Relic","Relic","Card","Relic","Card","Relic","Card","Card","Card","Relic","Relic","Card","Relic","Card","Relic","Relic","Relic","Card","Relic"],"build_version":"2020-12-22","purchased_purges":0,"victory":true,"max_hp_per_floor":[1003,1003,1010,1015,1019,1015,1013,1015,1015,1012,1015,1015,1021,1021,1015,1016,1016,1008,1008,1019,1008,1008,1016,1024,1024,1024,1011,1007,1016,1023,1023,1023,1030,1030,1009,1009,1009,1009,1009,1008,1147,1147,1147,1016,1014,1024,1024,1024,1016,1016,1016],"card_choices":[{"not_picked":["GaleKick","EnergyBeam","DesperateStruggle","Leap_lor","EnergyCycle","Outburst","WillOfThePrescript","ProselytesBlade"],"picked":"SinglePointStab","floor":1},{"not_picked":["CoordinatedAssault","FervidEmotions","ToOvercomeCrisis","AbsorbImpact","SnakesPrey","SpearedSweep","MindWhip","GuardingStance"],"picked":"Guardian_lor","floor":3},{"not_picked":["HighKick","FaintMemories","ShockingBlow","UnavoidableGaze","PinpointShot","Feast","Bvapour","Concentration"],"picked":"ViolentFlame","floor":5},{"not_picked":["HiddenBlade","BlowItUp","HeavyPeaks","FlyingSword","AsThePrescriptOrders","WillBeTasty","SkitterAway","SmokingPipe"],"picked":"TendonChords","floor":7},{"not_picked":["Pound","RhinoRam","CoordinatedAssault","AssaultOrder","BlowItUp","DaringDecision","BurningFlash","Bvapour"],"picked":"BizarreAttack","floor":10},{"not_picked":["StartinOutLightly","Parry","OpportunitySpotted","HighKick","WillOfThePrescript","GuidanceOfTheGears","FlyingSword","ButterflySlash"],"picked":"DarkCloud","floor":13},{"not_picked":["Transpierce","ScratchThat"],"picked":"EmotionalTurbulence","floor":16},{"not_picked":["SharpenedBlade","SunsetBlade+1","CircusKnives+1","Parry2","GaleKick+1","WrathOfTorment+1","Track","Parry"],"picked":"HandlingWork","floor":18},{"not_picked":["FrontalAssault","Outburst+1","Eradication","SerpentSwordTechnique","HiddenBlade","EnergyShield","FeatherShield","CircusKnives+1"],"picked":"Reload","floor":20},{"not_picked":["WillOfThePrescript","GuidanceOfTheGears","CombatPreparation","TendonChords","YouOnlyLiveOnce","BackAttack","EnergyShield+1","RulesOfTheBackstreets"],"picked":"FrontalAssault+1","floor":21},{"not_picked":["Faith","EnergyCycle+1","ChargeUp","DefenseOrder","NightInTheBackstreets","SilentNight","QuickSuppression","SharpSwipe+1"],"picked":"SnakesPrey","floor":24},{"not_picked":["EnergyStrike","WillOfThePrescript","Parry","WildCard","ElectricShock","FeatherShield","ClassAndRespect+1","CumulusWall"],"picked":"SuanNi","floor":27},{"not_picked":["EnergyCycle","FleetFootsteps","Collision","Outburst+1","SteelKnuckles+1","RatsGuideToSurvival+1","TimeForALittleTest","SinglePointStab+1"],"picked":"Parry2","floor":28},{"not_picked":["ClassAndRespect","SpearedSweep","DestructiveImpact","MultiBlock","StructuralAnalysis+1","SteelKnuckles","GrazeTheGrass","AutomatedMovement"],"picked":"ScatteringSlash","floor":30},{"not_picked":["MirageStorm","SuanNi"],"picked":"SavageMode","floor":33},{"not_picked":["Multislash","WillOfThePrescript","MultiHit","SnakesPrey+1","NightInTheBackstreets+1","EnergyShield","Outburst","FlyingSword+1"],"picked":"Decapitation","floor":35},{"not_picked":["ChiWen+1","UpbeatPerformance","GrazeTheGrass","Faith","EnergyStrike+1","Punishment","Eliminate+1","FierceCharge+1"],"picked":"DarkCloud+1","floor":36},{"not_picked":["BackAttack+1","Endure","BackstreetsDash+1","GrazeTheGrass","DirtyBlow+1","Leap_lor+1","BlowItUp","Overcharge"],"picked":"WillBeTasty+1","floor":40},{"not_picked":["SmokingPipe","Faith","FeatherShield+1","ConcentratedFire","FleetEdge+1","BlazingStrike","Overcharge+1","Leap_lor+1"],"picked":"SnakesPrey+1","floor":41},{"not_picked":["Rewind+1","IdentifyWeakpoint+1","EnergyCycle","SmokingPipe","SparkingSpear+1","BiAn","EndlessBattle","LoosenUp+1"],"picked":"SunsetBlade","floor":45},{"not_picked":["ButterflySlash+1","HiddenBlade+1","HandleRequest","ShrineToMusic+1","Outburst+1","CoordinatedAssault","WaitUp","EndlessBattle+1"],"picked":"SpearedSweep","floor":46},{"not_picked":["RushDown","VenomousFangs+1","Punishment","ShockRound","CutIn+1","UnavoidableGaze","QuickAttack+1","SinglePointStab+1"],"picked":"Parry2","floor":47}],"player_experience":306700,"relics_obtained":[{"floor":7,"key":"Replay:Multitool"},{"floor":9,"key":"hubris:TinFlute"},{"floor":10,"key":"Bag of Marbles"},{"floor":24,"key":"PageOfLittleHelper"},{"floor":26,"key":"OriginationStaff"},{"floor":27,"key":"wanderingMiniBosses:OtherGremlinHorn"},{"floor":43,"key":"Mercury Hourglass"},{"floor":48,"key":"Dream Catcher"}],"event_choices":[{"damage_healed":0,"gold_gain":0,"player_choice":"Leave","damage_taken":0,"max_hp_gain":0,"max_hp_loss":0,"event_name":"The Cleric","floor":12,"gold_loss":0},{"cards_removed":["Dodge"],"damage_healed":0,"gold_gain":0,"player_choice":"Removed Skill","damage_taken":0,"max_hp_gain":0,"max_hp_loss":0,"event_name":"Falling","floor":37,"gold_loss":0},{"damage_healed":0,"gold_gain":0,"player_choice":"1 cards matched","damage_taken":0,"max_hp_gain":0,"max_hp_loss":0,"event_name":"Match and Keep!","floor":38,"gold_loss":0,"cards_obtained":["FleshFillet"]}],"is_beta":false,"boss_relics":[{"not_picked":["reliquary:KinkedSpring","reliquary:RedPaperclip"],"picked":"aspiration:SecretTechniqueScroll"},{"not_picked":["ChiXiaoBlade","hubris:CrackedHourglass"],"picked":"Ring of Chaos"}],"items_purged_floors":[],"is_endless":false,"potions_floor_spawned":[1,5,13,18,20,30,33,36,46,47],"ascension_level":0}}