{"host":"1dhlu4qzehvrzpot","time":1614183698,"event":{"mods":["2.2 Compatiblity","AchievementEnabler","BaseMod","Block Reminder","Minty Spire (QoL Compilation)","Permanent Neow","Quick Restart","Rare Cards Sparkle","Relic Stats","Say the Spire","Slay-I","StSLib","SuperFastMode"],"gold_per_floor":[114,114,128,141,141,173,273,273,273],"floor_reached":8,"language":"ENG","playtime":114,"items_purged":[],"score":92,"play_id":"e680db25-f7d6-4597-a54d-d5fa653ab205","local_time":"20210224172138","is_ascension_mode":true,"campfire_choices":[],"circlet_count":0,"master_deck":["AscendersBane","Strike_B","Strike_B","Strike_B","Strike_B","Defend_B","Defend_B","Defend_B","Defend_B","Zap","Dualcast","Dramatic Entrance","Gash","White Noise","Skim"],"relics":["Cracked Core","Mango","Bottled Flame"],"acts_visited":["Exordium"],"potions_floor_usage":[6,6],"damage_taken":[{"damage":0,"enemies":"Small Slimes","floor":1,"turns":2},{"damage":1,"enemies":"Cultist","floor":3,"turns":3},{"damage":12,"enemies":"Jaw Worm","floor":4,"turns":2},{"damage":38,"enemies":"Gremlin Nob","floor":6,"turns":5},{"damage":30,"enemies":"3 Sentries","floor":8,"turns":4}],"seed_played":"2062517115613158226","potions_obtained":[{"floor":2,"key":"ColorlessPotion"},{"floor":2,"key":"Block Potion"}],"is_trial":false,"path_per_floor":["M","?","M","M","?","E","?","E"],"character_chosen":"DEFECT","items_purchased":[],"campfire_rested":0,"item_purchase_floors":[],"current_hp_per_floor":[68,68,67,55,66,28,28,0,0],"gold":273,"neow_bonus":"RANDOM_COLORLESS","is_daily":false,"chose_seed":false,"campfire_upgraded":0,"win_rate":0.0,"timestamp":1614183698,"path_taken":["M","?","?","M","?","E","?","E"],"items_purchased_type":[],"build_version":"2020-12-22","purchased_purges":0,"victory":false,"max_hp_per_floor":[75,75,75,75,89,89,89,89,89],"relic_stats":{"counters":[5,16],"obtain_stats":[{"Bottled Flame":6,"Mango":5,"Cracked Core":0},{"Bottled Flame":4,"Mango":3,"Cracked Core":0},{"Bottled Flame":12,"Mango":7,"Cracked Core":0}]},"card_choices":[{"not_picked":["Deep Breath","Forethought"],"picked":"Dramatic Entrance","floor":0},{"not_picked":["Rebound","Conserve Battery"],"picked":"Gash","floor":1},{"not_picked":["Barrage","Rebound"],"picked":"White Noise","floor":3},{"not_picked":["Defragment","Barrage"],"picked":"Skim","floor":4},{"not_picked":["Loop","Heatsinks","Turbo"],"picked":"SKIP","floor":6}],"player_experience":568109,"relics_obtained":[{"floor":6,"key":"Bottled Flame"}],"event_choices":[{"damage_healed":0,"gold_gain":0,"player_choice":"Got Potions","damage_taken":0,"max_hp_gain":0,"max_hp_loss":0,"event_name":"Lab","floor":2,"gold_loss":0},{"damage_healed":0,"gold_gain":0,"player_choice":"Success","damage_taken":3,"relics_obtained":["Mango"],"max_hp_gain":0,"max_hp_loss":0,"event_name":"Scrap Ooze","floor":5,"gold_loss":0},{"damage_healed":0,"gold_gain":100,"player_choice":"Pray","damage_taken":0,"max_hp_gain":0,"max_hp_loss":0,"event_name":"Golden Shrine","floor":7,"gold_loss":0}],"is_beta":false,"boss_relics":[],"items_purged_floors":[],"is_endless":false,"potions_floor_spawned":[],"killed_by":"3 Sentries","ascension_level":13}}