{"host":"i0avyit1s6jb1siw","time":1614159171,"event":{"mods":["BaseMod","DeckTracker","Dota2Spire","Minty Spire (QoL Compilation)","Quick Restart","StSLib","SuperFastMode"],"gold_per_floor":[99,99,99,99,99,99,99,15,15,15,15,15,0,0,0,0,0,0,0,0,0,0,0,0,0,0,0,0,0,0,0,0],"floor_reached":31,"language":"ENG","playtime":522,"items_purged":[],"score":518,"play_id":"d00affa8-ec06-406d-900c-5e29bd7d5b4c","local_time":"20210224103251","is_ascension_mode":true,"campfire_choices":[{"data":"Adaptation","floor":11.0,"key":"SMITH"},{"floor":16.0,"key":"REST"},{"data":"Meditate","floor":17.0,"key":"SMITH"},{"data":"Adaptation","floor":25.0,"key":"SMITH"}],"circlet_count":0,"master_deck":["AscendersBane","Strike_P","Strike_P","Strike_P","Strike_P+1","Defend_P","Defend_P","Defend_P","Defend_P","Eruption+1","Vigilance","Weave","BowlingBash+1","Meditate+1","ThirdEye","Adaptation+1","FlurryOfBlows","EmptyFist","Ragnarok","Prostrate","Adaptation+1","Wallop","EmptyBody"],"relics":["Ectoplasm","Blood Vial","Bloody Idol","Whetstone","Dota2Spire:Butterfly","Dota2Spire:HeartOfTarrasque","Regal Pillow","Runic Pyramid","Shovel","Gremlin Horn","Happy Flower"],"acts_visited":["Exordium","TheCity"],"potions_floor_usage":[],"damage_taken":[{"damage":7.0,"enemies":"Cultist","floor":1.0,"turns":3.0},{"damage":1.0,"enemies":"2 Louse","floor":4.0,"turns":3.0},{"damage":35.0,"enemies":"3 Sentries","floor":6.0,"turns":7.0},{"damage":7.0,"enemies":"Jaw Worm","floor":7.0,"turns":3.0},{"damage":14.0,"enemies":"Gremlin Nob","floor":12.0,"turns":4.0},{"damage":4.0,"enemies":"Looter","floor":13.0,"turns":3.0},{"damage":7.0,"enemies":"3 Louse","floor":15.0,"turns":3.0},{"damage":6.0,"enemies":"Hexaghost","floor":18.0,"turns":8.0},{"damage":21.0,"enemies":"Shell Parasite","floor":20.0,"turns":2.0},{"damage":0.0,"enemies":"Chosen","floor":21.0,"turns":2.0},{"damage":38.0,"enemies":"Slavers","floor":26.0,"turns":5.0},{"damage":12,"enemies":"Snake Plant","floor":31,"turns":3}],"seed_played":"-8375622961293178113","potions_obtained":[{"floor":6.0,"key":"Explosive Potion"},{"floor":7.0,"key":"Block Potion"},{"floor":15.0,"key":"PowerPotion"},{"floor":26.0,"key":"SneckoOil"}],"is_trial":false,"path_per_floor":["M","T","?","M","?","E","M","$","T","T","R","E","M","$","M","R","R","B",null,"M","M","?","?","?","R","E","?","T","T","$","M"],"character_chosen":"WATCHER","items_purchased":["Adaptation"],"campfire_rested":1,"item_purchase_floors":[8],"current_hp_per_floor":[54,54,54,55,55,22,17,17,17,25,25,13,11,11,6,42,42,42,63,44,46,46,46,46,46,10,10,10,10,10,0,0],"gold":0,"neow_bonus":"BOSS_RELIC","is_daily":false,"chose_seed":false,"campfire_upgraded":3,"win_rate":0.0,"timestamp":1614159171,"path_taken":["M","?","?","M","?","E","M","$","T","T","R","E","M","$","?","R","R","BOSS","M","M","?","?","?","R","E","?","T","T","$","M"],"items_purchased_type":["Card"],"build_version":"2020-12-22","purchased_purges":0,"victory":false,"max_hp_per_floor":[68,68,68,68,62,62,62,62,62,70,70,70,70,70,70,70,70,70,70,70,70,70,70,70,70,70,70,70,70,70,70,70],"card_choices":[{"not_picked":["Crescendo","Study"],"picked":"Weave","floor":1.0},{"not_picked":["CutThroughFate","Vengeance"],"picked":"BowlingBash","floor":4.0},{"not_picked":["Collect","EmptyMind"],"picked":"Meditate","floor":6.0},{"not_picked":["Evaluate","ClearTheMind"],"picked":"ThirdEye","floor":7.0},{"not_picked":["Wish","Study","Devotion"],"picked":"SKIP","floor":12.0},{"not_picked":["Pray","Consecrate"],"picked":"FlurryOfBlows","floor":13.0},{"not_picked":["FollowUp","SignatureMove"],"picked":"EmptyFist","floor":15.0},{"not_picked":["Devotion","MasterReality"],"picked":"Ragnarok","floor":18.0},{"not_picked":["ThirdEye","Pray"],"picked":"Prostrate","floor":20.0},{"not_picked":["Sanctity","Evaluate"],"picked":"Adaptation","floor":21.0},{"not_picked":["ForeignInfluence","Conclude"],"picked":"EmptyBody","floor":26.0}],"player_experience":2494668,"relics_obtained":[{"floor":2.0,"key":"Blood Vial"},{"floor":6.0,"key":"Whetstone"},{"floor":9.0,"key":"Dota2Spire:Butterfly"},{"floor":10.0,"key":"Dota2Spire:HeartOfTarrasque"},{"floor":12.0,"key":"Regal Pillow"},{"floor":26.0,"key":"Shovel"},{"floor":28.0,"key":"Gremlin Horn"},{"floor":29.0,"key":"Happy Flower"}],"event_choices":[{"damage_healed":0.0,"max_hp_gain":0.0,"max_hp_loss":0.0,"gold_gain":0.0,"event_name":"Living Wall","player_choice":"Grow","floor":3.0,"gold_loss":0.0,"damage_taken":0.0,"cards_upgraded":["Eruption"]},{"damage_healed":0.0,"max_hp_gain":0.0,"max_hp_loss":6.0,"gold_gain":0.0,"event_name":"Golden Idol","player_choice":"Lose Max HP","floor":5.0,"gold_loss":0.0,"damage_taken":0.0,"relics_obtained":["Golden Idol"]},{"damage_healed":0.0,"max_hp_gain":0.0,"max_hp_loss":0.0,"gold_gain":0.0,"event_name":"Forgotten Altar","player_choice":"Gave Idol","floor":22.0,"relics_lost":["Golden Idol"],"gold_loss":0.0,"damage_taken":0.0,"relics_obtained":["Bloody Idol"]},{"damage_healed":0.0,"max_hp_gain":0.0,"max_hp_loss":0.0,"gold_gain":0.0,"event_name":"The Mausoleum","player_choice":"Ignored","floor":23.0,"gold_loss":0.0,"damage_taken":0.0},{"damage_healed":0.0,"max_hp_gain":0.0,"max_hp_loss":0.0,"gold_gain":0.0,"event_name":"The Library","player_choice":"Read","floor":24.0,"gold_loss":0.0,"damage_taken":0.0,"cards_obtained":["Wallop"]},{"damage_healed":0.0,"max_hp_gain":0.0,"max_hp_loss":0.0,"gold_gain":50.0,"event_name":"Nest","player_choice":"Stole From Cult","floor":27.0,"gold_loss":0.0,"damage_taken":0.0}],"is_beta":false,"boss_relics":[{"not_picked":["Philosopher\u0027s Stone","Calling Bell"],"picked":"Runic Pyramid"}],"items_purged_floors":[],"is_endless":false,"potions_floor_spawned":[6,7,15,26],"killed_by":"Snake Plant","ascension_level":20}}