{"host":"7i9kzfgwpge1zarj","time":1614181563,"event":{"mods":["BaseMod","Colored Map","Minty Spire (QoL Compilation)","Permanent Neow","Relic Stats","StSLib"],"gold_per_floor":[112,112,62,109,124,155,155,23,23,23,52,62,62,75,75,172,172,189,207,218,35,46,75,75,108,134,59,59,59],"floor_reached":28,"language":"ENG","playtime":1517,"items_purged":["ForeignInfluence"],"score":378,"play_id":"db8f9165-6d20-48c5-89bc-b2173bb19b60","local_time":"20210224104603","is_ascension_mode":true,"campfire_choices":[{"data":"EmptyFist","floor":10,"key":"SMITH"},{"data":"ReachHeaven","floor":13,"key":"SMITH"},{"data":"Vigilance","floor":15,"key":"SMITH"},{"floor":24,"key":"REST"}],"circlet_count":0,"master_deck":["Eruption","Vigilance+1","FlurryOfBlows","EmptyFist+1","SandsOfTime+1","Dark Shackles","CutThroughFate","JustLucky","ReachHeaven+1","Scrawl","TalkToTheHand","FearNoEvil","Alpha","CutThroughFate","Adaptation","Nirvana","EmptyBody+1","InnerPeace","LikeWater","WheelKick","Omniscience","Wallop"],"relics":["Philosopher\u0027s Stone","Art of War","PreservedInsect","Ice Cream","Turnip","Pandora\u0027s Box","Unceasing Top","Girya","Centennial Puzzle"],"acts_visited":["Exordium","TheCity"],"potions_floor_usage":[16,20,23,25],"damage_taken":[{"damage":0,"enemies":"Cultist","floor":1,"turns":4},{"damage":0,"enemies":"2 Louse","floor":5,"turns":2},{"damage":16,"enemies":"Lagavulin","floor":6,"turns":5},{"damage":11,"enemies":"3 Sentries","floor":11,"turns":3},{"damage":2,"enemies":"Jaw Worm","floor":12,"turns":2},{"damage":10,"enemies":"Exordium Thugs","floor":14,"turns":3},{"damage":25,"enemies":"The Guardian","floor":16,"turns":5},{"damage":0,"enemies":"Spheric Guardian","floor":18,"turns":2},{"damage":12,"enemies":"2 Thieves","floor":19,"turns":2},{"damage":2,"enemies":"3 Cultists","floor":20,"turns":3},{"damage":15,"enemies":"Centurion and Healer","floor":22,"turns":3},{"damage":23,"enemies":"Slavers","floor":23,"turns":4},{"damage":6,"enemies":"Book of Stabbing","floor":25,"turns":3},{"damage":24,"enemies":"Snecko","floor":28,"turns":3}],"seed_played":"-3729315688059121989","potions_obtained":[{"floor":6,"key":"LiquidMemories"},{"floor":14,"key":"SkillPotion"},{"floor":16,"key":"BottledMiracle"},{"floor":18,"key":"Energy Potion"},{"floor":23,"key":"SteroidPotion"},{"floor":25,"key":"BottledMiracle"}],"is_trial":false,"path_per_floor":["M","?","?","T","M","E","?","$","T","R","E","M","R","M","R","B",null,"M","M","M","$","M","E","R","E","T","?","M"],"character_chosen":"WATCHER","items_purchased":["Dark Shackles","CutThroughFate","LikeWater","WheelKick"],"campfire_rested":1,"item_purchase_floors":[8,8,21,21],"current_hp_per_floor":[65,70,70,70,70,54,54,54,54,54,43,41,41,31,31,6,59,59,47,45,45,30,7,30,24,24,24,0,0],"gold":59,"neow_bonus":"BOSS_RELIC","is_daily":false,"chose_seed":false,"campfire_upgraded":3,"win_rate":0.0,"timestamp":1614181563,"path_taken":["M","?","?","?","?","E","?","?","T","R","E","M","R","M","R","BOSS","M","?","M","$","M","E","R","E","T","?","M"],"items_purchased_type":["Card","Card","Card","Card"],"build_version":"2020-12-22","purchased_purges":1,"victory":false,"max_hp_per_floor":[72,77,77,77,77,77,77,77,77,77,77,77,77,77,77,77,77,77,77,77,77,77,77,77,77,77,77,77,77],"relic_stats":{"Centennial Puzzle":[0],"counters":[14,44],"Pandora\u0027s Box":["TalkToTheHand","FearNoEvil","ForeignInfluence","Alpha","CutThroughFate","Adaptation","Vengeance"],"PreservedInsect":112,"Turnip":[1],"Art of War":[2],"obtain_stats":[{"Ice Cream":9,"Girya":25,"Centennial Puzzle":26,"Philosopher\u0027s Stone":0,"Pandora\u0027s Box":17,"PreservedInsect":6,"Turnip":11,"Art of War":4,"PureWater":0,"Unceasing Top":23},{"Ice Cream":3,"Girya":13,"Centennial Puzzle":13,"Philosopher\u0027s Stone":0,"Pandora\u0027s Box":7,"PreservedInsect":3,"Turnip":4,"Art of War":1,"PureWater":0,"Unceasing Top":12},{"Ice Cream":11,"Girya":41,"Centennial Puzzle":41,"Philosopher\u0027s Stone":0,"Pandora\u0027s Box":24,"PreservedInsect":11,"Turnip":14,"Art of War":4,"PureWater":0,"Unceasing Top":38}],"Unceasing Top":[0]},"card_choices":[{"not_picked":["SignatureMove","FearNoEvil"],"picked":"FlurryOfBlows","floor":1},{"not_picked":["FlurryOfBlows","DeceiveReality"],"picked":"EmptyFist","floor":5},{"not_picked":["BowlingBash","SashWhip"],"picked":"SandsOfTime","floor":6},{"not_picked":["MasterReality","EmptyBody"],"picked":"JustLucky","floor":11},{"not_picked":["CrushJoints","BowlingBash"],"picked":"ReachHeaven","floor":12},{"not_picked":["BowlingBash","Swivel","FollowUp"],"picked":"SKIP","floor":14},{"not_picked":["Vault","Establishment"],"picked":"Scrawl","floor":16},{"not_picked":["WindmillStrike","Halt+1"],"picked":"Nirvana","floor":18},{"not_picked":["Prostrate","SandsOfTime"],"picked":"EmptyBody+1","floor":19},{"not_picked":["Swivel","SashWhip"],"picked":"InnerPeace","floor":20},{"not_picked":["FearNoEvil+1","Adaptation","CutThroughFate"],"picked":"SKIP","floor":22},{"not_picked":["Protect","Judgement"],"picked":"Omniscience","floor":23},{"not_picked":["ClearTheMind","CrushJoints"],"picked":"Wallop","floor":25}],"player_experience":590882,"relics_obtained":[{"floor":4,"key":"Art of War"},{"floor":6,"key":"PreservedInsect"},{"floor":9,"key":"Ice Cream"},{"floor":11,"key":"Turnip"},{"floor":23,"key":"Unceasing Top"},{"floor":25,"key":"Girya"},{"floor":26,"key":"Centennial Puzzle"}],"event_choices":[{"damage_healed":0,"gold_gain":0,"player_choice":"Donut","damage_taken":0,"max_hp_gain":5,"max_hp_loss":0,"event_name":"Big Fish","floor":2,"gold_loss":0},{"cards_removed":["Defend_P"],"damage_healed":0,"gold_gain":0,"player_choice":"Card Removal","damage_taken":0,"max_hp_gain":0,"max_hp_loss":0,"event_name":"The Cleric","floor":3,"gold_loss":50},{"damage_healed":0,"gold_gain":0,"player_choice":"Grow","damage_taken":0,"max_hp_gain":0,"max_hp_loss":0,"event_name":"Living Wall","floor":7,"gold_loss":0,"cards_upgraded":["SandsOfTime"]},{"cards_removed":["Vengeance"],"damage_healed":0,"gold_gain":0,"player_choice":"Gave Gold","damage_taken":0,"max_hp_gain":0,"max_hp_loss":0,"event_name":"Beggar","floor":27,"gold_loss":75}],"is_beta":false,"boss_relics":[{"not_picked":["Velvet Choker","Tiny House"],"picked":"Pandora\u0027s Box"}],"items_purged_floors":[21],"is_endless":false,"potions_floor_spawned":[6,14,16,18,23,25],"killed_by":"Snecko","ascension_level":6}}