{"host":"4wbfffuiqd9v0v1t","time":1614202376,"event":{"mods":["BaseMod","Bestiary","Highlight Path","Minty Spire (QoL Compilation)","Relic Stats","StSLib","ojb\u0027s Better Paths Mod","ojb\u0027s Info Mod"],"gold_per_floor":[115,115,125,142,160,192,212,212,238,73,98,112,112,146,146,224,224,236,247,227,59,59,59,94,94,94,94,122,139,139,139,139,213,213,233,72,97,0,48,80,80,108,108,136,136,136,168,187,187,187,187],"floor_reached":52,"language":"ENG","playtime":5053,"items_purged":[],"score":2269,"play_id":"281c2788-7f93-4f6d-9786-40443c267fce","local_time":"20210224163256","is_ascension_mode":true,"campfire_choices":[{"data":"Neutralize","floor":8.0,"key":"SMITH"},{"data":"Crippling Poison","floor":13.0,"key":"SMITH"},{"data":"Discovery","floor":15.0,"key":"SMITH"},{"data":"Immolate","floor":23.0,"key":"SMITH"},{"data":"Burst","floor":25.0,"key":"SMITH"},{"data":"Endless Agony","floor":27.0,"key":"PURGE"},{"data":"Bite","floor":30.0,"key":"PURGE"},{"data":"Defend_G","floor":32.0,"key":"PURGE"},{"data":"Demon Form","floor":41.0,"key":"SMITH"},{"data":"Feel No Pain","floor":49,"key":"SMITH"}],"circlet_count":0,"master_deck":["AscendersBane","Defend_G","Defend_G","Survivor","Neutralize+1","Corpse Explosion+1","Glass Knife+1","Finisher+1","Blade Dance","Crippling Poison+1","Backflip","PiercingWail","Discovery+1","Immolate+1","Steam","Outmaneuver+1","Burst+1","Backstab+1","Adrenaline","Terror","Bite","Bite","Bite","Bite","Adrenaline","Demon Form+1","Adrenaline","PiercingWail","Panacea","Madness","Madness","Feel No Pain+1"],"relics":["Astrolabe","Lantern","Bag of Preparation","PrismaticShard","Centennial Puzzle","Boot","Runic Pyramid","Orrery","Mummified Hand","Peace Pipe","Potion Belt","Cursed Key","DollysMirror","The Specimen","Red Mask","Dead Branch","Art of War","CaptainsWheel","Bronze Scales","Nunchaku"],"acts_visited":["TheCity","TheBeyond"],"potions_floor_usage":[48],"damage_taken":[{"damage":0.0,"enemies":"2 Louse","floor":1.0,"turns":2.0},{"damage":0.0,"enemies":"Jaw Worm","floor":3.0,"turns":3.0},{"damage":0.0,"enemies":"Cultist","floor":4.0,"turns":2.0},{"damage":1.0,"enemies":"Looter","floor":5.0,"turns":3.0},{"damage":17.0,"enemies":"Gremlin Nob","floor":6.0,"turns":4.0},{"damage":0.0,"enemies":"Exordium Wildlife","floor":7.0,"turns":2.0},{"damage":7.0,"enemies":"3 Sentries","floor":11.0,"turns":3.0},{"damage":0.0,"enemies":"3 Louse","floor":12.0,"turns":2.0},{"damage":15.0,"enemies":"Lagavulin","floor":14.0,"turns":4.0},{"damage":6.0,"enemies":"Hexaghost","floor":16.0,"turns":7.0},{"damage":0.0,"enemies":"3 Byrds","floor":18.0,"turns":2.0},{"damage":0.0,"enemies":"Chosen","floor":19.0,"turns":2.0},{"damage":0.0,"enemies":"Gremlin Leader","floor":24.0,"turns":3.0},{"damage":6.0,"enemies":"Slavers","floor":28.0,"turns":4.0},{"damage":0.0,"enemies":"3 Cultists","floor":29.0,"turns":2.0},{"damage":4.0,"enemies":"Collector","floor":33.0,"turns":5.0},{"damage":0.0,"enemies":"3 Darklings","floor":35.0,"turns":1.0},{"damage":0.0,"enemies":"Mind Bloom Boss Battle","floor":37.0,"turns":3.0},{"damage":16.0,"enemies":"2 Orb Walkers","floor":39.0,"turns":3.0},{"damage":14.0,"enemies":"Nemesis","floor":40.0,"turns":3.0},{"damage":7.0,"enemies":"Giant Head","floor":42.0,"turns":6.0},{"damage":0,"enemies":"Nemesis","floor":44,"turns":5},{"damage":9,"enemies":"Giant Head","floor":47,"turns":6},{"damage":0,"enemies":"3 Shapes","floor":48,"turns":3},{"damage":14,"enemies":"Time Eater","floor":50,"turns":7},{"damage":0,"enemies":"Awakened One","floor":51,"turns":6}],"seed_played":"8961457918341721067","potions_obtained":[{"floor":1.0,"key":"BlessingOfTheForge"},{"floor":3.0,"key":"DuplicationPotion"},{"floor":5.0,"key":"Weak Potion"},{"floor":11.0,"key":"DuplicationPotion"},{"floor":12.0,"key":"EntropicBrew"},{"floor":33.0,"key":"CultistPotion"},{"floor":35.0,"key":"EssenceOfSteel"},{"floor":37.0,"key":"PowerPotion"},{"floor":42,"key":"Block Potion"},{"floor":48,"key":"Weak Potion"}],"is_trial":false,"path_per_floor":["M","?","M","M","M","E","M","R","T","$","E","M","R","E","R","B",null,"M","M","?","$","?","R","E","R","T","R","E","M","R","?","R","B",null,"M","$","?","?","?","E","R","E","T","E","?","?","E","M","R","B","B",null],"character_chosen":"THE_SILENT","items_purchased":["PrismaticShard","Orrery","DollysMirror"],"campfire_rested":0,"item_purchase_floors":[10,21,36],"current_hp_per_floor":[59,64,64,64,63,46,46,46,46,46,39,39,39,24,24,18,58,58,58,58,58,49,49,49,49,49,49,47,47,47,47,47,49,49,49,49,49,49,39,33,33,34,34,40,31,31,30,36,36,30,40],"gold":187,"neow_bonus":"BOSS_RELIC","is_daily":false,"chose_seed":false,"campfire_upgraded":7,"win_rate":0.0,"timestamp":1614202376,"path_taken":["M","?","M","M","M","E","M","R","T","$","E","M","R","E","R","BOSS","M","M","?","?","?","R","E","R","T","R","E","?","R","?","R","BOSS","M","$","?","?","?","E","R","E","T","E","?","?","E","M","R","BOSS","BOSS"],"items_purchased_type":["Relic","Relic","Relic"],"build_version":"2020-12-22","purchased_purges":0,"victory":true,"max_hp_per_floor":[66,71,71,71,71,71,71,71,71,71,71,71,71,71,71,71,71,71,71,71,71,49,49,49,49,49,49,49,49,49,49,49,49,49,49,49,49,49,49,49,49,49,49,49,49,49,49,49,49,49,49],"relic_stats":{"counters":[26,93],"Astrolabe":["Corpse Explosion","Glass Knife","Finisher"],"Dead Branch":[93],"Bag of Preparation":[41],"Boot":[69],"Cursed Key":0,"Peace Pipe":3,"Centennial Puzzle":[27],"Nunchaku":[4],"Mummified Hand":[22],"Bronze Scales":[69],"Art of War":[4],"obtain_stats":[{"Potion Belt":28,"Lantern":6,"The Specimen":37,"Astrolabe":0,"Dead Branch":39,"Bag of Preparation":9,"PrismaticShard":10,"Boot":14,"Cursed Key":34,"Peace Pipe":26,"Centennial Puzzle":11,"CaptainsWheel":42,"Nunchaku":47,"Mummified Hand":24,"DollysMirror":36,"Bronze Scales":44,"Orrery":21,"Red Mask":38,"Art of War":40,"Ring of the Snake":0,"Runic Pyramid":17},{"Potion Belt":14,"Lantern":5,"The Specimen":18,"Astrolabe":0,"Dead Branch":19,"Bag of Preparation":6,"PrismaticShard":6,"Boot":9,"Cursed Key":16,"Peace Pipe":13,"Centennial Puzzle":7,"CaptainsWheel":21,"Nunchaku":23,"Mummified Hand":13,"DollysMirror":17,"Bronze Scales":22,"Orrery":12,"Red Mask":18,"Art of War":20,"Ring of the Snake":0,"Runic Pyramid":10},{"Potion Belt":43,"Lantern":14,"The Specimen":54,"Astrolabe":0,"Dead Branch":57,"Bag of Preparation":16,"PrismaticShard":16,"Boot":25,"Cursed Key":50,"Peace Pipe":39,"Centennial Puzzle":19,"CaptainsWheel":66,"Nunchaku":77,"Mummified Hand":39,"DollysMirror":51,"Bronze Scales":71,"Orrery":36,"Red Mask":54,"Art of War":60,"Ring of the Snake":0,"Runic Pyramid":32}]},"card_choices":[{"not_picked":["Crippling Poison","Dodge and Roll"],"picked":"Blade Dance","floor":1.0},{"not_picked":["Expertise","Flying Knee","Prepared"],"picked":"SKIP","floor":3.0},{"not_picked":["Expertise","Flying Knee","Prepared"],"picked":"SKIP","floor":3.0},{"not_picked":["Deflect","Finisher"],"picked":"Endless Agony","floor":4.0},{"not_picked":["Prepared","Bouncing Flask"],"picked":"Crippling Poison","floor":5.0},{"not_picked":["Deflect","Quick Slash"],"picked":"Backflip","floor":6.0},{"not_picked":["Reflex","Distraction"],"picked":"PiercingWail","floor":7.0},{"not_picked":["Underhanded Strike","Collect"],"picked":"Discovery","floor":11.0},{"not_picked":["Caltrops","Acrobatics","PiercingWail"],"picked":"SKIP","floor":12.0},{"not_picked":["Underhanded Strike","Deflect","Recycle"],"picked":"SKIP","floor":14.0},{"not_picked":["Creative AI","Brutality"],"picked":"Immolate","floor":16.0},{"not_picked":["Clash","Force Field"],"picked":"Steam","floor":18.0},{"not_picked":["PiercingWail","Havoc"],"picked":"Outmaneuver+1","floor":19.0},{"not_picked":["Quick Slash","Rage"],"picked":"Burst","floor":21.0},{"not_picked":["ForeignInfluence","Thunderclap"],"picked":"Backstab+1","floor":21.0},{"not_picked":["Deflect","Poisoned Stab"],"picked":"Adrenaline","floor":21.0},{"not_picked":["Infernal Blade","Conserve Battery+1"],"picked":"Terror","floor":21.0},{"not_picked":["PathToVictory","Redo","Poisoned Stab"],"picked":"SKIP","floor":24.0},{"not_picked":["Setup","WreathOfFlame","Acrobatics"],"picked":"SKIP","floor":28.0},{"not_picked":["Deflect","Swift Strike","Acrobatics"],"picked":"SKIP","floor":29.0},{"not_picked":["Establishment","Corpse Explosion"],"picked":"Demon Form","floor":33.0},{"not_picked":["SashWhip","Deep Breath","Whirlwind"],"picked":"SKIP","floor":35.0},{"not_picked":["Conclude","CarveReality"],"picked":"PiercingWail","floor":40.0},{"not_picked":["Havoc","Discovery"],"picked":"Catalyst","floor":42},{"not_picked":["Poisoned Stab","Finisher"],"picked":"Panacea","floor":44},{"not_picked":["Headbutt","FlurryOfBlows+1"],"picked":"Feel No Pain","floor":47},{"not_picked":["Prostrate","Sentinel+1","Deep Breath"],"picked":"SKIP","floor":48}],"player_experience":174270,"relics_obtained":[{"floor":6.0,"key":"Lantern"},{"floor":9.0,"key":"Bag of Preparation"},{"floor":11.0,"key":"Centennial Puzzle"},{"floor":14.0,"key":"Boot"},{"floor":24.0,"key":"Mummified Hand"},{"floor":26.0,"key":"Peace Pipe"},{"floor":28.0,"key":"Potion Belt"},{"floor":37.0,"key":"The Specimen"},{"floor":39.0,"key":"Dead Branch"},{"floor":40.0,"key":"Art of War"},{"floor":42,"key":"CaptainsWheel"},{"floor":44,"key":"Bronze Scales"},{"floor":47,"key":"Nunchaku"}],"event_choices":[{"damage_healed":0.0,"max_hp_gain":5.0,"max_hp_loss":0.0,"gold_gain":0.0,"event_name":"Big Fish","player_choice":"Donut","floor":2.0,"gold_loss":0.0,"damage_taken":0.0},{"damage_healed":0.0,"max_hp_gain":0.0,"max_hp_loss":0.0,"gold_gain":0.0,"event_name":"The Woman in Blue","player_choice":"Bought 1 Potion","floor":20.0,"gold_loss":0.0,"damage_taken":0.0},{"damage_healed":0.0,"max_hp_gain":0.0,"max_hp_loss":22.0,"gold_gain":0.0,"event_name":"Vampires","player_choice":"Became a vampire","floor":22.0,"gold_loss":0.0,"damage_taken":0.0,"cards_obtained":["Bite","Bite","Bite","Bite","Bite"]},{"damage_healed":0.0,"max_hp_gain":0.0,"max_hp_loss":0.0,"gold_gain":0.0,"event_name":"Duplicator","player_choice":"Copied","floor":31.0,"gold_loss":0.0,"damage_taken":0.0,"cards_obtained":["Adrenaline"]},{"damage_healed":0.0,"max_hp_gain":0.0,"max_hp_loss":0.0,"gold_gain":0.0,"event_name":"MindBloom","player_choice":"Fight","floor":37.0,"gold_loss":0.0,"damage_taken":0.0},{"damage_healed":0.0,"max_hp_gain":0.0,"max_hp_loss":0.0,"gold_gain":0.0,"event_name":"Tomb of Lord Red Mask","player_choice":"Paid","floor":38.0,"gold_loss":97.0,"damage_taken":0.0,"relics_obtained":["Red Mask"]},{"damage_healed":0.0,"max_hp_gain":0.0,"max_hp_loss":0.0,"gold_gain":0.0,"event_name":"Mysterious Sphere","player_choice":"Fight","floor":39.0,"gold_loss":0.0,"damage_taken":0.0},{"damage_healed":0,"gold_gain":0,"player_choice":"Embrace Madness","damage_taken":9,"max_hp_gain":0,"max_hp_loss":0,"event_name":"Winding Halls","floor":45,"gold_loss":0,"cards_obtained":["Madness","Madness"]},{"cards_removed":["Catalyst"],"damage_healed":0,"gold_gain":0,"player_choice":"Removed Skill","damage_taken":0,"max_hp_gain":0,"max_hp_loss":0,"event_name":"Falling","floor":46,"gold_loss":0}],"is_beta":false,"boss_relics":[{"not_picked":["Busted Crown","Velvet Choker"],"picked":"Runic Pyramid"},{"not_picked":["Snecko Eye","Sozu"],"picked":"Cursed Key"}],"items_purged_floors":[],"is_endless":false,"potions_floor_spawned":[1,3,5,11,12,19,33,35,37,42,48],"ascension_level":20}}