{"host":"6bsan6hkua32tfq7","time":1614168352,"event":{"mods":["BaseMod","Better Third Choice","Colored Map","Highlight Path","Minty Spire (QoL Compilation)","StSLib"],"gold_per_floor":[117,36,49,69,69,69,89,89,171,206,206,224,49,69,69,142,142,154,164,190,190,190,190,190,190,190,207,207,207,217,236,236,236,236],"floor_reached":33,"language":"ENG","playtime":924,"items_purged":["Defend_P"],"score":594,"play_id":"bcb600d1-49ef-48ae-9344-02bd9b844b55","local_time":"20210224130552","is_ascension_mode":true,"campfire_choices":[{"data":"Eruption","floor":6.0,"key":"SMITH"},{"data":"CrushJoints","floor":8.0,"key":"SMITH"},{"data":"LikeWater","floor":11.0,"key":"SMITH"},{"data":"Blasphemy","floor":15.0,"key":"SMITH"},{"data":"LikeWater","floor":23,"key":"SMITH"},{"data":"LikeWater","floor":25,"key":"SMITH"},{"data":"Omniscience","floor":28,"key":"SMITH"},{"data":"PathToVictory","floor":32,"key":"SMITH"}],"circlet_count":0,"master_deck":["AscendersBane","Strike_P","Strike_P","Strike_P","Strike_P","Defend_P","Defend_P","Defend_P+1","Eruption+1","Vigilance","Protect","LikeWater+1","WindmillStrike+1","Protect","CrushJoints+1","ClearTheMind","LikeWater+1","Consecrate","LikeWater+1","Blasphemy+1","Omniscience+1","Ghostly","Ghostly","Ghostly","Writhe","PathToVictory+1","Consecrate"],"relics":["HolyWater","NeowsBlessing","Darkstone Periapt","Anchor","Red Mask","Bag of Preparation","Shuriken"],"acts_visited":["Exordium","TheCity"],"potions_floor_usage":[20,33],"damage_taken":[{"damage":0.0,"enemies":"Cultist","floor":1.0,"turns":1.0},{"damage":0.0,"enemies":"Jaw Worm","floor":3.0,"turns":1.0},{"damage":0.0,"enemies":"Small Slimes","floor":4.0,"turns":1.0},{"damage":4.0,"enemies":"2 Fungi Beasts","floor":7.0,"turns":4.0},{"damage":0.0,"enemies":"Gremlin Nob","floor":10.0,"turns":2.0},{"damage":0.0,"enemies":"Looter","floor":12.0,"turns":4.0},{"damage":0.0,"enemies":"Exordium Wildlife","floor":14.0,"turns":4.0},{"damage":12.0,"enemies":"Hexaghost","floor":16.0,"turns":8.0},{"damage":0.0,"enemies":"Spheric Guardian","floor":18.0,"turns":6.0},{"damage":0.0,"enemies":"Chosen","floor":19.0,"turns":5.0},{"damage":37,"enemies":"Masked Bandits","floor":20,"turns":5},{"damage":0,"enemies":"Snake Plant","floor":27,"turns":7},{"damage":0,"enemies":"Snecko","floor":30,"turns":7},{"damage":0,"enemies":"Sentry and Sphere","floor":31,"turns":8},{"damage":31,"enemies":"Collector","floor":33,"turns":3}],"seed_played":"-5454053099827137617","potions_obtained":[{"floor":10.0,"key":"FearPotion"},{"floor":12.0,"key":"StancePotion"},{"floor":31,"key":"Weak Potion"}],"is_trial":false,"path_per_floor":["M","$","M","M","?","R","M","R","T","E","R","M","$","M","R","B",null,"M","M","?","?","?","R","?","R","T","M","R","?","M","M","R","B"],"character_chosen":"WATCHER","items_purchased":["LikeWater","Consecrate","LikeWater"],"campfire_rested":0,"item_purchase_floors":[2,13,13],"current_hp_per_floor":[61,61,61,61,41,41,37,37,37,37,37,37,37,37,37,25,57,57,57,20,20,20,20,26,26,26,26,26,26,26,26,26,0,0],"gold":236,"neow_bonus":"THREE_ENEMY_KILL","is_daily":false,"chose_seed":false,"campfire_upgraded":8,"win_rate":0.0,"timestamp":1614168352,"path_taken":["M","$","?","?","?","R","M","R","T","E","R","M","?","M","R","BOSS","M","M","?","?","?","R","?","R","T","M","R","?","?","M","R","BOSS"],"items_purchased_type":["Card","Card","Card"],"build_version":"2020-12-22","purchased_purges":1,"victory":false,"max_hp_per_floor":[68,68,68,68,68,68,68,68,68,68,68,68,68,68,68,68,68,68,68,68,68,34,34,40,40,40,40,40,40,40,40,40,40,40],"card_choices":[{"not_picked":["ThirdEye","EmptyBody"],"picked":"Protect","floor":1.0},{"not_picked":["Crescendo","BowlingBash"],"picked":"WindmillStrike","floor":3.0},{"not_picked":["ForeignInfluence","FollowUp"],"picked":"Protect","floor":4.0},{"not_picked":["CrushJoints","Evaluate","CutThroughFate"],"picked":"SKIP","floor":7.0},{"not_picked":["Evaluate","CutThroughFate"],"picked":"CrushJoints","floor":7.0},{"not_picked":["ClearTheMind","Evaluate","EmptyMind"],"picked":"SKIP","floor":10.0},{"not_picked":["Evaluate","EmptyMind"],"picked":"ClearTheMind","floor":10.0},{"not_picked":["Indignation","Sanctity"],"picked":"LikeWater","floor":12.0},{"not_picked":["SashWhip","EmptyBody"],"picked":"Blasphemy","floor":14.0},{"not_picked":["Brilliance","Ragnarok"],"picked":"Omniscience","floor":16.0},{"not_picked":["Swivel","ClearTheMind+1","ThirdEye"],"picked":"SKIP","floor":18.0},{"not_picked":["CrushJoints","EmptyFist","JustLucky"],"picked":"SKIP","floor":19.0},{"not_picked":["FlurryOfBlows","Weave","EmptyFist"],"picked":"SKIP","floor":27},{"not_picked":["Pray","ThirdEye"],"picked":"Consecrate","floor":30},{"not_picked":["Sanctity","ReachHeaven+1","Vengeance"],"picked":"SKIP","floor":31}],"player_experience":5456060,"relics_obtained":[{"floor":9.0,"key":"Darkstone Periapt"},{"floor":10.0,"key":"Anchor"},{"floor":20,"key":"Red Mask"},{"floor":26,"key":"Shuriken"}],"event_choices":[{"damage_healed":61.0,"max_hp_gain":0.0,"max_hp_loss":68.0,"gold_gain":0.0,"event_name":"betterThird:BetterShining","player_choice":"Upgrade","floor":5.0,"gold_loss":0.0,"damage_taken":20.0,"cards_upgraded":["WindmillStrike","Defend_P"]},{"damage_healed":0,"gold_gain":0,"player_choice":"Fought Bandits","damage_taken":0,"max_hp_gain":0,"max_hp_loss":0,"event_name":"Masked Bandits","floor":20,"gold_loss":0},{"damage_healed":0,"gold_gain":0,"player_choice":"Ignored","damage_taken":0,"max_hp_gain":0,"max_hp_loss":0,"event_name":"Vampires","floor":21,"gold_loss":0},{"damage_healed":0,"gold_gain":0,"player_choice":"Became a Ghost","damage_taken":0,"max_hp_gain":0,"max_hp_loss":34,"event_name":"Ghosts","floor":22,"gold_loss":0,"cards_obtained":["Ghostly","Ghostly","Ghostly"]},{"damage_healed":0,"gold_gain":0,"player_choice":"Opened","damage_taken":0,"relics_obtained":["Bag of Preparation"],"max_hp_gain":0,"max_hp_loss":0,"event_name":"The Mausoleum","floor":24,"gold_loss":0,"cards_obtained":["Writhe"]},{"damage_healed":0,"gold_gain":0,"player_choice":"Read","damage_taken":0,"max_hp_gain":0,"max_hp_loss":0,"event_name":"The Library","floor":29,"gold_loss":0,"cards_obtained":["PathToVictory"]}],"is_beta":false,"boss_relics":[{"not_picked":["Empty Cage","VioletLotus"],"picked":"HolyWater"}],"items_purged_floors":[13],"is_endless":false,"potions_floor_spawned":[10,12,16,31],"killed_by":"Collector","ascension_level":20}}