{"host":"qez74tnat1m51qn0","time":1614178200,"event":{"mods":["AchievementEnabler","BaseMod","Googly Eyes","Minty Spire (QoL Compilation)","Random Character Button","Rare Cards Sparkle","StSLib"],"gold_per_floor":[114,114,214,229,229,259,274,274,349,349,379,394,424,439,439,539,539,554,653,668,693,708,708,708],"floor_reached":23,"language":"POL","playtime":890,"items_purged":[],"score":211,"play_id":"61bcb2cd-3951-472b-bc95-0256ccd7ab1e","local_time":"20210224155000","daily_mods":["Heirloom","Colorless Cards","DeadlyEvents"],"is_ascension_mode":false,"campfire_choices":[{"data":"Heavy Blade","floor":8,"key":"SMITH"},{"data":"Inflame","floor":10,"key":"SMITH"},{"floor":15,"key":"REST"}],"circlet_count":0,"master_deck":["Strike_R","Strike_R","Strike_R","Strike_R","Strike_R","Defend_R","Defend_R","Defend_R","Defend_R","Bash+1","Flex","Inflame+1","Anger","Heavy Blade+1","Forethought","Shrug It Off","Madness","Double Tap","Iron Wave","Perfected Strike"],"relics":["Burning Blood","Magic Flower","Gremlin Horn","Sundial","Bottled Flame","Centennial Puzzle","Black Star","Toy Ornithopter"],"acts_visited":["Exordium","TheCity"],"potions_floor_usage":[11,12,16,18],"damage_taken":[{"damage":9,"enemies":"Cultist","floor":1,"turns":4},{"damage":3,"enemies":"Jaw Worm","floor":4,"turns":4},{"damage":55,"enemies":"Lagavulin","floor":6,"turns":7},{"damage":1,"enemies":"2 Louse","floor":7,"turns":2},{"damage":28,"enemies":"Gremlin Nob","floor":11,"turns":4},{"damage":7,"enemies":"Blue Slaver","floor":12,"turns":3},{"damage":48,"enemies":"Lagavulin","floor":13,"turns":7},{"damage":2,"enemies":"3 Louse","floor":14,"turns":3},{"damage":33,"enemies":"The Guardian","floor":16,"turns":10},{"damage":5,"enemies":"Spheric Guardian","floor":18,"turns":3},{"damage":31,"enemies":"2 Thieves","floor":20,"turns":4},{"damage":28,"enemies":"Snecko","floor":22,"turns":7},{"damage":41,"enemies":"Book of Stabbing","floor":23,"turns":4}],"seed_played":"1986488565424594500","potions_obtained":[{"floor":7,"key":"BloodPotion"},{"floor":11,"key":"Block Potion"},{"floor":13,"key":"EssenceOfSteel"},{"floor":16,"key":"DistilledChaos"}],"is_trial":false,"path_per_floor":["M","$","?","M","?","E","M","R","T","R","E","M","E","M","R","B",null,"M","?","M","T","M","E"],"character_chosen":"IRONCLAD","items_purchased":[],"campfire_rested":1,"item_purchase_floors":[],"current_hp_per_floor":[80,80,80,80,80,34,42,42,42,42,47,49,10,17,41,17,80,80,80,58,58,39,0,0],"gold":708,"neow_bonus":"","is_daily":true,"chose_seed":false,"campfire_upgraded":2,"win_rate":0.0,"timestamp":1614178200,"path_taken":["M","?","?","?","?","E","?","R","T","R","?","M","E","M","R","BOSS","M","?","M","?","?","E"],"items_purchased_type":[],"build_version":"2020-12-22","purchased_purges":0,"victory":false,"max_hp_per_floor":[80,80,80,80,80,80,80,80,80,80,80,80,80,80,80,80,80,80,80,80,80,80,80,80],"card_choices":[{"not_picked":["Cleave","Body Slam"],"picked":"Flex","floor":1},{"not_picked":["Second Wind","Flash of Steel"],"picked":"Inflame","floor":4},{"not_picked":["Warcry","Flex"],"picked":"Anger","floor":6},{"not_picked":["Cleave","Dark Embrace"],"picked":"Heavy Blade","floor":7},{"not_picked":["Feel No Pain","Demon Form"],"picked":"Forethought","floor":11},{"not_picked":["Thunderclap","Pommel Strike","Spot Weakness"],"picked":"SKIP","floor":12},{"not_picked":["Seeing Red","Havoc"],"picked":"Shrug It Off","floor":13},{"not_picked":["Cleave","Clothesline"],"picked":"Madness","floor":14},{"not_picked":["HandOfGreed","Master of Strategy"],"picked":"Double Tap","floor":16},{"not_picked":["Pommel Strike","Warcry+1","Feel No Pain"],"picked":"SKIP","floor":18},{"not_picked":["Evolve","Heavy Blade"],"picked":"Iron Wave","floor":20},{"not_picked":["Deep Breath","Warcry"],"picked":"Perfected Strike","floor":22}],"player_experience":63304,"relics_obtained":[{"floor":6,"key":"Gremlin Horn"},{"floor":9,"key":"Sundial"},{"floor":11,"key":"Bottled Flame"},{"floor":13,"key":"Centennial Puzzle"},{"floor":21,"key":"Toy Ornithopter"}],"event_choices":[{"damage_healed":0,"gold_gain":100,"player_choice":"Pray","damage_taken":0,"max_hp_gain":0,"max_hp_loss":0,"event_name":"Golden Shrine","floor":3,"gold_loss":0},{"damage_healed":0,"gold_gain":0,"player_choice":"Grow","damage_taken":0,"max_hp_gain":0,"max_hp_loss":0,"event_name":"Living Wall","floor":5,"gold_loss":0,"cards_upgraded":["Bash"]},{"damage_healed":0,"gold_gain":99,"player_choice":"Stole From Cult","damage_taken":0,"max_hp_gain":0,"max_hp_loss":0,"event_name":"Nest","floor":19,"gold_loss":0}],"is_beta":false,"boss_relics":[{"not_picked":["SlaversCollar","Tiny House"],"picked":"Black Star"}],"items_purged_floors":[],"is_endless":false,"potions_floor_spawned":[7,11,13,16],"killed_by":"Book of Stabbing","ascension_level":0}}