{"host":"117k4jqr844m944g","time":1614135773,"event":{"mods":["BaseMod","Downfall","Minty Spire (QoL Compilation)","StSLib","UnlockEverythingMod"],"gold_per_floor":[99,116,126,126,140,40,94,94,110,17,37,51,81,97,114,209,209,109,122,135,135,85,113,140,140,140,140],"floor_reached":25,"language":"ZHS","playtime":1429,"items_purged":[],"score":284,"play_id":"b9f67935-27ae-40d0-b9ec-7a6d37bada30","local_time":"20210224110253","is_ascension_mode":true,"campfire_choices":[{"floor":1.0,"key":"RECALL"},{"data":"sneckomod:UnknownDraw","floor":6.0,"key":"SMITH"},{"data":"sneckomod:SnekBite","floor":8.0,"key":"SMITH"},{"data":"sneckomod:WideSting","floor":18,"key":"SMITH"}],"circlet_count":0,"master_deck":["sneckomod:Strike","sneckomod:Strike","sneckomod:Strike","sneckomod:Defend","sneckomod:Defend","sneckomod:Defend","sneckomod:TailWhip","sneckomod:SnekBite+1","sneckomod:Unknown","sneckomod:Unknown","sneckomod:UnknownDraw+1","sneckomod:UnknownExhaust","sneckomod:UnendingSupply","sneckomod:CheapStock","sneckomod:Nope","sneckomod:TrashToTreasure","sneckomod:SoulDraw","sneckomod:WideSting+1","sneckomod:MorePower","sneckomod:UnknownRareSkill+1","sneckomod:SoulDraw","sneckomod:UnknownRarePower+1","sneckomod:SnakeSap+1","Slimebound:CheckThePlaybook","downfall:Icky","sneckomod:DiceBlock"],"relics":["Black Star","downfall:HeartBlessingRed","Singing Bowl","Smiling Mask","Runic Pyramid","downfall:HeartBlessingBlue","Regal Pillow","Bronze Scales","Akabeko"],"acts_visited":["Exordium","TheCity"],"potions_floor_usage":[23],"damage_taken":[{"damage":0.0,"enemies":"Small Slimes","floor":2.0,"turns":3.0},{"damage":3.0,"enemies":"Jaw Worm","floor":3.0,"turns":4.0},{"damage":1.0,"enemies":"Cultist","floor":5.0,"turns":3.0},{"damage":4.0,"enemies":"Blue Slaver","floor":9.0,"turns":4.0},{"damage":0.0,"enemies":"downfall:FleeingMerchant","floor":10.0,"turns":4.0},{"damage":3.0,"enemies":"Exordium Wildlife","floor":11.0,"turns":1.0},{"damage":8.0,"enemies":"downfall:LooterAlt","floor":12.0,"turns":3.0},{"damage":5.0,"enemies":"3 Sentries","floor":13.0,"turns":3.0},{"damage":7.0,"enemies":"Exordium Thugs","floor":14.0,"turns":3.0},{"damage":20.0,"enemies":"Large Slime","floor":15.0,"turns":5.0},{"damage":20.0,"enemies":"IC_STATUS_ARCHETYPE","floor":16.0,"turns":7.0},{"damage":11,"enemies":"Chosen","floor":19,"turns":4},{"damage":11,"enemies":"Shell Parasite","floor":20,"turns":3},{"damage":72,"enemies":"Book of Stabbing","floor":23,"turns":5},{"damage":37,"enemies":"Slavers","floor":25,"turns":3}],"seed_played":"-5446195809411939000","potions_obtained":[{"floor":2.0,"key":"sneckomod:DiceRollPotion"},{"floor":5.0,"key":"Fire Potion"},{"floor":9.0,"key":"Swift Potion"},{"floor":13.0,"key":"Fire Potion"},{"floor":16.0,"key":"champ:CounterPotion"}],"is_trial":false,"path_per_floor":["R","M","M","?","M","R","T","R","M","$","M","M","E","M","M","B",null,"R","M","M","?","?","E","T","E"],"character_chosen":"THE_SNECKO","items_purchased":["sneckomod:UnendingSupply"],"campfire_rested":0,"item_purchase_floors":[10],"current_hp_per_floor":[90,90,87,87,89,89,89,89,85,85,82,74,69,62,42,22,93,103,92,81,81,103,33,33,0,0,0],"gold":140,"neow_bonus":"BOSS_RELIC","is_daily":false,"chose_seed":false,"campfire_upgraded":3,"win_rate":0.0,"timestamp":1614135773,"path_taken":["R","M","M","?","M","R","T","R","M","$","M","M","E","M","M","BOSS","R","M","M","?","?","E","T","E"],"items_purchased_type":["Card"],"build_version":"2020-12-22","purchased_purges":0,"victory":false,"max_hp_per_floor":[90,90,90,90,93,93,93,93,93,93,93,93,93,93,93,93,93,103,103,103,103,103,105,105,105,105,105],"card_choices":[{"not_picked":["sneckomod:DiceBlock","sneckomod:UnknownVulnerable","sneckomod:SnekBeam"],"picked":"SKIP","floor":2.0},{"not_picked":["sneckomod:Unknown1Cost","sneckomod:IronFang","sneckomod:UnknownCommonAttack"],"picked":"SKIP","floor":3.0},{"not_picked":["sneckomod:Unknown1Cost","sneckomod:MasterEye"],"picked":"sneckomod:UnknownDraw","floor":5.0},{"not_picked":["sneckomod:UnknownCommonSkill","sneckomod:DiceCrush"],"picked":"sneckomod:UnknownExhaust","floor":9.0},{"not_picked":["sneckomod:UnknownWeak","sneckomod:UnknownCommonSkill","sneckomod:UnknownUncommonSkill"],"picked":"SKIP","floor":10.0},{"not_picked":["sneckomod:UnknownDraw","sneckomod:Unknown1Cost"],"picked":"sneckomod:CheapStock","floor":11.0},{"not_picked":["sneckomod:UnknownCommonAttack","sneckomod:SoulCleanse"],"picked":"sneckomod:Nope","floor":12.0},{"not_picked":["sneckomod:MixItUp","sneckomod:UnknownCommonSkill"],"picked":"sneckomod:TrashToTreasure","floor":13.0},{"not_picked":["sneckomod:UnknownCommonAttack","sneckomod:SoulRoll"],"picked":"sneckomod:SoulDraw","floor":14.0},{"not_picked":["sneckomod:UnknownBlock","sneckomod:UnknownDraw"],"picked":"sneckomod:WideSting","floor":15.0},{"not_picked":["sneckomod:UnknownRareSkill","sneckomod:SoulExchange"],"picked":"sneckomod:MorePower","floor":16.0},{"not_picked":["sneckomod:UnknownRarePower+1","sneckomod:UnknownCommonAttack+1"],"picked":"sneckomod:UnknownRareSkill+1","floor":19},{"not_picked":["sneckomod:DefensiveFlair","sneckomod:DiceBlock+1"],"picked":"sneckomod:SoulDraw","floor":19},{"not_picked":["sneckomod:UnknownBlock+1","sneckomod:UnknownVulnerable+1"],"picked":"sneckomod:UnknownRarePower+1","floor":20},{"not_picked":["sneckomod:RainOfDice","sneckomod:Unknown1Cost"],"picked":"sneckomod:SnakeSap+1","floor":20},{"not_picked":["sneckomod:UnknownBlock+1","sneckomod:UnknownClassSLIMEBOUND+1","sneckomod:UnknownCommonAttack+1"],"picked":"Singing Bowl","floor":23},{"not_picked":["sneckomod:RainOfDice","sneckomod:SoulCleanse"],"picked":"sneckomod:DiceBlock","floor":23}],"player_experience":132387,"relics_obtained":[{"floor":13.0,"key":"Singing Bowl"},{"floor":13.0,"key":"Smiling Mask"},{"floor":23,"key":"Regal Pillow"},{"floor":23,"key":"Bronze Scales"},{"floor":24,"key":"Akabeko"}],"event_choices":[],"is_beta":false,"boss_relics":[{"not_picked":["bronze:MakeshiftBattery","Pandora\u0027s Box"],"picked":"Runic Pyramid"}],"items_purged_floors":[],"is_endless":false,"potions_floor_spawned":[2,5,9,13,16],"killed_by":"Slavers","ascension_level":3}}