{"host":"ufhw4cf0hh51lveu","time":1614151517,"event":{"mods":["BaseMod","DeckTracker","Lobotomy","Minty Spire (QoL Compilation)","SuperFastMode"],"gold_per_floor":[99,110,128,147,147,147,160,175,175,188,205,205,205,252,252,252,252],"floor_reached":16,"language":"KOR","playtime":422,"items_purged":[],"score":96,"play_id":"8673784c-02cc-44fe-a5fa-7b273823fafb","local_time":"20210224162517","is_ascension_mode":false,"campfire_choices":[{"data":"Twin Strike","floor":6,"key":"SMITH"},{"data":"Double Tap","floor":15,"key":"SMITH"}],"circlet_count":0,"master_deck":["Strike_R","Strike_R","Strike_R","Strike_R","HereticApostle","Defend_R","Defend_R","Defend_R","Bash","OSAHOGD","Anger","ShyLook","Twin Strike+1","Scorched","Battle Trance","Wellcheers","Double Tap+1","UniverseFragment","Shrug It Off","WhiteNight","Ghostly Armor","Iron Wave","Parasite"],"relics":["Burning Blood","CogitoBucket","RabbitCall","AspirationHeart","Dead Branch","Vajra"],"acts_visited":["Exordium"],"potions_floor_usage":[8],"damage_taken":[{"damage":0,"enemies":"Small Slimes","floor":1,"turns":4},{"damage":11,"enemies":"Jaw Worm","floor":2,"turns":5},{"damage":9,"enemies":"2 Louse","floor":3,"turns":2},{"damage":22,"enemies":"Gremlin Gang","floor":4,"turns":6},{"damage":0,"enemies":"Large Slime","floor":7,"turns":3},{"damage":53,"enemies":"Looter","floor":8,"turns":5},{"damage":0,"enemies":"2 Fungi Beasts","floor":10,"turns":2},{"damage":0,"enemies":"3 Louse","floor":11,"turns":1},{"damage":30,"enemies":"Slime Boss","floor":16,"turns":2}],"seed_played":"6117446421884493030","potions_obtained":[{"floor":7,"key":"ColorlessPotion"},{"floor":10,"key":"FairyPotion"}],"is_trial":false,"path_per_floor":["M","M","M","M","?","R","M","M","T","M","M","?","?","T","R","B"],"character_chosen":"IRONCLAD","items_purchased":[],"campfire_rested":0,"item_purchase_floors":[],"current_hp_per_floor":[80,75,72,56,56,56,62,25,25,31,34,34,34,34,34,14,14],"gold":252,"neow_bonus":"","is_daily":false,"chose_seed":false,"campfire_upgraded":2,"win_rate":0.0,"timestamp":1614151517,"path_taken":["M","M","M","M","?","R","M","M","T","M","M","?","?","?","R","BOSS"],"items_purchased_type":[],"build_version":"2020-12-22","purchased_purges":0,"victory":false,"max_hp_per_floor":[80,80,80,80,80,80,80,90,90,90,90,90,90,90,90,90,90],"card_choices":[{"not_picked":["Clothesline","Dropkick","Heavy Blade"],"picked":"SKIP","floor":1},{"not_picked":["FairyFestival","Alriune"],"picked":"OSAHOGD","floor":2},{"not_picked":["Rage","True Grit"],"picked":"Anger","floor":2},{"not_picked":["VoidDream","FairyFestival"],"picked":"ShyLook","floor":3},{"not_picked":["Corruption","Dropkick"],"picked":"Twin Strike","floor":3},{"not_picked":["UniverseFragment","Rudolta"],"picked":"Scorched","floor":4},{"not_picked":["Pommel Strike","Twin Strike"],"picked":"Battle Trance","floor":4},{"not_picked":["WallGazer","SpiderBud"],"picked":"Wellcheers","floor":7},{"not_picked":["Clothesline","Reckless Charge"],"picked":"Double Tap","floor":7},{"not_picked":["QueenBee","Scarecrow"],"picked":"UniverseFragment","floor":8},{"not_picked":["Clothesline","Flex"],"picked":"Shrug It Off","floor":8},{"not_picked":["BeautyBeast","MHz"],"picked":"WhiteNight","floor":10},{"not_picked":["Power Through","Combust"],"picked":"Ghostly Armor","floor":10},{"not_picked":["SingingMachine","FairyFestival","CrumblingArmor"],"picked":"Singing Bowl","floor":11},{"not_picked":["Headbutt","Cleave"],"picked":"Iron Wave","floor":11}],"player_experience":80654,"relics_obtained":[{"floor":9,"key":"Dead Branch"},{"floor":14,"key":"Vajra"}],"event_choices":[{"cards_removed":["Strike_R"],"damage_healed":0,"gold_gain":0,"player_choice":"Forget","damage_taken":0,"max_hp_gain":0,"max_hp_loss":0,"event_name":"Living Wall","floor":5,"gold_loss":0},{"damage_healed":30,"gold_gain":0,"player_choice":"Banana","damage_taken":0,"max_hp_gain":0,"max_hp_loss":0,"event_name":"Big Fish","floor":12,"gold_loss":0},{"damage_healed":22,"gold_gain":0,"player_choice":"Healed and dodged fight","damage_taken":0,"max_hp_gain":0,"max_hp_loss":0,"event_name":"Mushrooms","floor":13,"gold_loss":0,"cards_obtained":["Parasite"]}],"is_beta":false,"boss_relics":[],"items_purged_floors":[],"is_endless":false,"potions_floor_spawned":[1,7,10],"killed_by":"Slime Boss","ascension_level":0}}