{"host":"iti9xkbcm5v843sw","time":1614145442,"event":{"mods":["Act Like it!","BaseMod","Conspire","Minty Spire (QoL Compilation)","Quick Restart","Relic Stats","Replay The Spire","StSLib"],"gold_per_floor":[111,127,140,140,153,184,184,219,219,253,269,287,287,33,33,135,135,54,68,85,173,188,188,215,235,235,235,246,246,345,363,363,468,468,486,496,496,496,256,273,291,321,321,354,432,332,359,370,300,320,320,339,339,339,3,31,31],"floor_reached":58,"language":"ZHS","playtime":10321,"items_purged":["conspire:SpireCoStock+1"],"score":1290,"play_id":"4f41a805-778a-4421-a6cd-22193bf0322b","local_time":"20210224134402","is_ascension_mode":false,"campfire_choices":[{"floor":7.0,"key":"REST"},{"floor":13.0,"key":"REST"},{"floor":23.0,"key":"REST"},{"data":"Zap","floor":29.0,"key":"SMITH"},{"floor":43.0,"key":"RECALL"},{"data":"BasicCrystalCard","floor":51.0,"key":"SMITH"},{"data":"Defragment","floor":54.0,"key":"SMITH"}],"circlet_count":0,"master_deck":["Strike_B+1","Strike_B","Strike_B+1","Defend_B","Defend_B","Defend_B","Zap+1","Dualcast","BasicCrystalCard+1","Rebound","Conserve Battery","Compile Driver","Cold Snap","Electrodynamics","Defragment+1","Ball Lightning","Steam Power","Steam+1","Skim+1","Creative AI","Redo+1","Hologram+1","Stack+1","Panic Button+1","Beam Cell","Turbo+1","Leap+1","Static Discharge+1","Self Repair","Chill+1","Undo+1","Electrodynamics","Defragment+1","ReplayTheSpireMod:Dual Polarity+1","Turbo+1","Compile Driver+1","conspire:SpireCoStock+1","Electrodynamics","Conserve Battery+1","Steam+1","Gash","Madness+1","Turbo+1"],"relics":["Cracked Core","Simple Rune","Replay:Wax Seal","Centennial Puzzle","Ornamental Fan","Membership Card","Toxic Egg 2","Replay:Drink Me","Pen Nib","Matryoshka","Enchiridion","Busted Crown","Cables","Medical Kit","Replay:Ringing Soul","Peace Pipe","Orichalcum","Mango","Raider\u0027s Mask","ReplayTheSpireMod:TigerMarble","Nunchaku","Strawberry"],"acts_visited":["Exordium","TheCity","TheBeyond","TheEnding"],"potions_floor_usage":[57],"damage_taken":[{"damage":8.0,"enemies":"Jaw Worm","floor":1.0,"turns":3.0},{"damage":1.0,"enemies":"Cultist","floor":2.0,"turns":3.0},{"damage":1.0,"enemies":"conspire:RoseBush","floor":3.0,"turns":3.0},{"damage":5.0,"enemies":"3 Louse","floor":5.0,"turns":3.0},{"damage":30.0,"enemies":"Lagavulin","floor":6.0,"turns":12.0},{"damage":11.0,"enemies":"Replay:BlueRogue","floor":8.0,"turns":4.0},{"damage":18.0,"enemies":"Lagavulin","floor":10.0,"turns":5.0},{"damage":11.0,"enemies":"Blue Slaver","floor":11.0,"turns":3.0},{"damage":0.0,"enemies":"Large Slime","floor":12.0,"turns":4.0},{"damage":30.0,"enemies":"Hexaghost","floor":16.0,"turns":9.0},{"damage":15.0,"enemies":"Shell Parasite","floor":18.0,"turns":10.0},{"damage":3.0,"enemies":"Spheric Guardian","floor":19.0,"turns":4.0},{"damage":2.0,"enemies":"Centurion and Healer","floor":20.0,"turns":6.0},{"damage":3.0,"enemies":"Snake Plant","floor":22.0,"turns":4.0},{"damage":0.0,"enemies":"Replay:Snechameleon","floor":24.0,"turns":4.0},{"damage":0.0,"enemies":"conspire:HollyBat","floor":25.0,"turns":7.0},{"damage":0.0,"enemies":"Shelled Parasite and Fungi","floor":28.0,"turns":7.0},{"damage":1.0,"enemies":"Snake Plant","floor":31.0,"turns":4.0},{"damage":4.0,"enemies":"conspire:MysteriousRune","floor":33.0,"turns":8.0},{"damage":0.0,"enemies":"3 Shapes","floor":35.0,"turns":2.0},{"damage":0.0,"enemies":"Orb Walker","floor":36.0,"turns":3.0},{"damage":2.0,"enemies":"Transient","floor":40.0,"turns":5.0},{"damage":10.0,"enemies":"Maw","floor":41.0,"turns":7.0},{"damage":4.0,"enemies":"Nemesis","floor":42.0,"turns":5.0},{"damage":1.0,"enemies":"Reptomancer","floor":44.0,"turns":5.0},{"damage":0.0,"enemies":"4 Shapes","floor":47.0,"turns":3.0},{"damage":5.0,"enemies":"3 Darklings","floor":48.0,"turns":3.0},{"damage":0.0,"enemies":"Spire Growth","floor":50.0,"turns":5.0},{"damage":65.0,"enemies":"conspire:OrnateMirror","floor":52.0,"turns":10.0},{"damage":9.0,"enemies":"Shield and Spear","floor":56.0,"turns":4.0},{"damage":89,"enemies":"The Heart","floor":57,"turns":8}],"seed_played":"-5678632722117577095","potions_obtained":[{"floor":2.0,"key":"SteroidPotion"},{"floor":6.0,"key":"DistilledChaos"},{"floor":10.0,"key":"Adrenaline Potion"},{"floor":18.0,"key":"ColorlessPotion"},{"floor":20.0,"key":"Reflective Coating"},{"floor":24.0,"key":"BlessingOfTheForge"},{"floor":25.0,"key":"BlessingOfTheForge"},{"floor":42.0,"key":"Explosive Potion"},{"floor":44.0,"key":"SkillPotion"},{"floor":50.0,"key":"SteroidPotion"}],"is_trial":false,"path_per_floor":["M","M","M","?","M","E","R","E","T","E","M","M","R","$","R","B",null,"M","M","M","?","M","R","E","M","T","?","M","R","?","M","R","B",null,"M","M","PTL","PTL","$","M","M","E","R","E","T","?","M","M","?","M","R","B",null,"R","$","E","B",null],"character_chosen":"DEFECT","items_purchased":["Membership Card","Toxic Egg 2","Steam+1","Skim+1","ReplayTheSpireMod:Dual Polarity+1","Cables","Medical Kit","Raider\u0027s Mask","Gash","Madness+1","ReplayTheSpireMod:TigerMarble","Nunchaku"],"campfire_rested":3,"item_purchase_floors":[14,14,14,14,39,39,39,55,55,55,55,55],"current_hp_per_floor":[67,66,65,65,60,30,52,41,41,23,12,12,34,34,56,26,57,42,39,37,15,12,29,29,29,29,13,20,20,20,26,43,46,57,57,57,57,57,57,57,54,60,60,63,63,66,69,67,81,89,89,24,89,89,92,93,4],"gold":31,"neow_bonus":"THREE_CARDS","is_daily":false,"chose_seed":false,"campfire_upgraded":3,"win_rate":0.0,"timestamp":1614145442,"path_taken":["M","M","M","?","?","E","R","E","T","E","M","M","R","$","R","BOSS","M","M","M","?","M","R","E","M","T","?","M","R","?","M","R","BOSS","M","M","PTL","PTL","$","M","M","E","R","E","T","?","M","M","?","M","R","BOSS","R","$","E","BOSS"],"items_purchased_type":["Relic","Relic","Card","Card","Card","Relic","Relic","Relic","Card","Card","Relic","Relic"],"build_version":"2020-12-22","purchased_purges":1,"victory":true,"max_hp_per_floor":[75,75,75,75,75,75,75,75,75,75,75,75,75,75,75,75,57,57,57,57,57,57,57,57,57,57,57,57,57,57,57,57,57,57,57,57,57,57,57,57,57,60,60,63,63,66,69,72,86,89,89,89,89,89,92,102,102],"relic_stats":{"Peace Pipe":0,"Centennial Puzzle":[48],"Nunchaku":[1],"Busted Crown":20,"counters":[31,163],"Ornamental Fan":[56],"Pen Nib":[10],"Orichalcum":[6],"Medical Kit":[4],"obtain_stats":[{"Enchiridion":27,"Mango":49,"Pen Nib":24,"Raider\u0027s Mask":55,"Orichalcum":45,"Medical Kit":39,"Cables":39,"Peace Pipe":44,"Replay:Ringing Soul":42,"Centennial Puzzle":9,"Nunchaku":55,"Matryoshka":26,"Busted Crown":34,"Ornamental Fan":10,"Strawberry":56,"Simple Rune":6,"ReplayTheSpireMod:TigerMarble":55,"Membership Card":14,"Replay:Wax Seal":8,"Toxic Egg 2":14,"Cracked Core":0,"Replay:Drink Me":17},{"Enchiridion":16,"Mango":27,"Pen Nib":15,"Raider\u0027s Mask":29,"Orichalcum":25,"Medical Kit":21,"Cables":21,"Peace Pipe":25,"Replay:Ringing Soul":24,"Centennial Puzzle":6,"Nunchaku":29,"Matryoshka":16,"Busted Crown":19,"Ornamental Fan":7,"Strawberry":30,"Simple Rune":5,"ReplayTheSpireMod:TigerMarble":29,"Membership Card":9,"Replay:Wax Seal":6,"Toxic Egg 2":9,"Cracked Core":0,"Replay:Drink Me":10},{"Enchiridion":84,"Mango":136,"Pen Nib":77,"Raider\u0027s Mask":151,"Orichalcum":130,"Medical Kit":108,"Cables":108,"Peace Pipe":130,"Replay:Ringing Soul":125,"Centennial Puzzle":28,"Nunchaku":151,"Matryoshka":84,"Busted Crown":103,"Ornamental Fan":33,"Strawberry":155,"Simple Rune":24,"ReplayTheSpireMod:TigerMarble":151,"Membership Card":40,"Replay:Wax Seal":28,"Toxic Egg 2":40,"Cracked Core":0,"Replay:Drink Me":49}],"Cables":[45,34,5,5,1]},"card_choices":[{"not_picked":["Gash","Conserve Battery"],"picked":"BasicCrystalCard","floor":0.0},{"not_picked":["Gash","ReplayTheSpireMod:System Scan"],"picked":"Rebound","floor":1.0},{"not_picked":["Compile Driver","Reinforced Body"],"picked":"Conserve Battery","floor":2.0},{"not_picked":["Heatsinks","BasicCrystalCard"],"picked":"Compile Driver","floor":3.0},{"not_picked":["Cold Snap","Heatsinks"],"picked":"Coolheaded","floor":5.0},{"not_picked":["Hyperbeam","Compile Driver"],"picked":"Cold Snap","floor":6.0},{"not_picked":["Self Repair","Tempest"],"picked":"Electrodynamics","floor":8.0},{"not_picked":["Chaos","Redo"],"picked":"Defragment","floor":10.0},{"not_picked":["Doom and Gloom","Tempest"],"picked":"Ball Lightning","floor":11.0},{"not_picked":["Tempest","BasicCrystalCard"],"picked":"Steam Power","floor":12.0},{"not_picked":["Buffer","Machine Learning"],"picked":"Creative AI","floor":16.0},{"not_picked":["Reinforced Body+1","Sweeping Beam"],"picked":"Redo+1","floor":18.0},{"not_picked":["Hello World","Defragment"],"picked":"Hologram+1","floor":19.0},{"not_picked":["Tempest+1","Capacitor+1"],"picked":"Stack+1","floor":20.0},{"not_picked":["Heatsinks+1","Cold Snap"],"picked":"Panic Button+1","floor":21.0},{"not_picked":["Ball Lightning","Hologram+1"],"picked":"Beam Cell","floor":21.0},{"not_picked":["Lockon","Go for the Eyes+1"],"picked":"Turbo+1","floor":21.0},{"not_picked":["Skim+1","Glacier+1"],"picked":"Leap+1","floor":22.0},{"not_picked":["Reinforced Body+1","Doom and Gloom"],"picked":"Static Discharge","floor":24.0},{"not_picked":["Rebound+1","Leap+1"],"picked":"Self Repair","floor":25.0},{"not_picked":["Force Field+1","Stack+1"],"picked":"Chill+1","floor":28.0},{"not_picked":["Chaos+1","Stack+1"],"picked":"Undo+1","floor":31.0},{"not_picked":["Meteor Strike","Hyperbeam"],"picked":"Electrodynamics","floor":33.0},{"not_picked":["Cold Snap"],"picked":"SKIP","floor":35.0},{"not_picked":[],"picked":"Defragment","floor":36.0},{"not_picked":["Rebound"],"picked":"SKIP","floor":40.0},{"not_picked":["Rebound"],"picked":"SKIP","floor":41.0},{"not_picked":[],"picked":"Turbo+1","floor":42.0},{"not_picked":[],"picked":"Compile Driver+1","floor":44.0},{"not_picked":[],"picked":"Electrodynamics","floor":47.0},{"not_picked":[],"picked":"Conserve Battery+1","floor":48.0},{"not_picked":[],"picked":"Steam+1","floor":50.0},{"not_picked":[],"picked":"Turbo+1","floor":56.0}],"player_experience":235250,"relics_obtained":[{"floor":6.0,"key":"Simple Rune"},{"floor":8.0,"key":"Replay:Wax Seal"},{"floor":9.0,"key":"Centennial Puzzle"},{"floor":10.0,"key":"Ornamental Fan"},{"floor":24.0,"key":"Pen Nib"},{"floor":26.0,"key":"Matryoshka"},{"floor":27.0,"key":"Enchiridion"},{"floor":42.0,"key":"Replay:Ringing Soul"},{"floor":44.0,"key":"Peace Pipe"},{"floor":45.0,"key":"Orichalcum"},{"floor":56.0,"key":"Strawberry"}],"event_choices":[{"damage_healed":0.0,"max_hp_gain":0.0,"max_hp_loss":0.0,"gold_gain":0.0,"event_name":"NoteForYourself","player_choice":"Ignored","floor":4.0,"gold_loss":0.0,"damage_taken":0.0},{"damage_healed":0.0,"max_hp_gain":0.0,"max_hp_loss":0.0,"gold_gain":0.0,"event_name":"Cursed Tome","player_choice":"Obtained Book","floor":27.0,"gold_loss":0.0,"damage_taken":16.0},{"damage_healed":0.0,"max_hp_gain":0.0,"max_hp_loss":0.0,"gold_gain":99.0,"event_name":"Nest","player_choice":"Stole From Cult","floor":30.0,"gold_loss":0.0,"damage_taken":0.0},{"damage_healed":0.0,"max_hp_gain":0.0,"max_hp_loss":0.0,"gold_gain":0.0,"event_name":"conspire:Investor","player_choice":"Invest 2","floor":46.0,"gold_loss":0.0,"damage_taken":0.0},{"damage_healed":0.0,"max_hp_gain":0.0,"max_hp_loss":0.0,"gold_gain":0.0,"event_name":"WeMeetAgain","player_choice":"Paid Gold","floor":49.0,"gold_loss":70.0,"damage_taken":0.0,"relics_obtained":["Mango"]}],"is_beta":false,"boss_relics":[{"not_picked":["Empty Cage","ReplayTheSpireMod:DimensionalGlitch"],"picked":"Replay:Drink Me"},{"not_picked":["FrozenCore","Kintsugi"],"picked":"Busted Crown"}],"items_purged_floors":[55],"is_endless":false,"potions_floor_spawned":[2,6,10,18,20,24,25,42,44,50],"ascension_level":0}}