{"host":"hszimsrtxxc2k25w","time":1614201054,"event":{"mods":["AchievementEnabler","BaseMod","Colored Map","DeckTracker","Minty Spire (QoL Compilation)","Rare Cards Sparkle","SuperFastMode"],"gold_per_floor":[118,61,80,80,90,90,102,133,133,133,161,161,180,196,196,196,196],"floor_reached":16,"language":"KOR","playtime":317,"items_purged":[],"score":224,"play_id":"6a580cfc-8d0e-4dd7-880c-187163ab9ede","local_time":"20210225061054","is_ascension_mode":true,"campfire_choices":[{"data":"Blood for Blood","floor":6,"key":"SMITH"},{"floor":15,"key":"REST"}],"circlet_count":0,"master_deck":["AscendersBane","Strike_R","Strike_R","Strike_R","Strike_R","Strike_R","Defend_R","Defend_R","Defend_R","Defend_R","Bash","Power Through","Blood for Blood+1","Body Slam","Hemokinesis+1","Perfected Strike","Dark Embrace","Evolve","Twin Strike+1"],"relics":["Burning Blood","NeowsBlessing","Anchor","Girya","Dream Catcher","Molten Egg 2","HornCleat","Magic Flower"],"acts_visited":["Exordium"],"potions_floor_usage":[],"damage_taken":[{"damage":0,"enemies":"Jaw Worm","floor":1,"turns":1},{"damage":0,"enemies":"Cultist","floor":3,"turns":1},{"damage":0,"enemies":"2 Louse","floor":5,"turns":1},{"damage":9,"enemies":"Lots of Slimes","floor":7,"turns":6},{"damage":19,"enemies":"3 Sentries","floor":8,"turns":8},{"damage":25,"enemies":"Lagavulin","floor":11,"turns":5},{"damage":2,"enemies":"2 Fungi Beasts","floor":13,"turns":3},{"damage":3,"enemies":"Looter","floor":14,"turns":3},{"damage":102,"enemies":"Hexaghost","floor":16,"turns":9}],"seed_played":"7654939143906989179","potions_obtained":[{"floor":5,"key":"Dexterity Potion"},{"floor":7,"key":"FairyPotion"}],"is_trial":false,"path_per_floor":["M","?","M","?","M","R","M","E","T","T","E","?","M","M","R","B"],"character_chosen":"IRONCLAD","items_purchased":[],"campfire_rested":1,"item_purchase_floors":[],"current_hp_per_floor":[74,74,75,57,63,63,60,47,47,47,28,28,35,41,63,0,0],"gold":196,"neow_bonus":"THREE_ENEMY_KILL","is_daily":false,"chose_seed":false,"campfire_upgraded":1,"win_rate":0.0,"timestamp":1614201054,"path_taken":["M","?","?","?","M","R","M","E","T","?","E","?","?","M","R","BOSS"],"items_purchased_type":[],"build_version":"2020-12-22","purchased_purges":0,"victory":false,"max_hp_per_floor":[75,75,75,75,75,75,75,75,75,75,75,75,75,75,75,75,75],"card_choices":[{"not_picked":["Sword Boomerang","Warcry"],"picked":"Power Through","floor":1},{"not_picked":["True Grit","Dark Embrace"],"picked":"Blood for Blood","floor":3},{"not_picked":["Dropkick","Flex"],"picked":"Body Slam","floor":5},{"not_picked":["Perfected Strike","Wild Strike"],"picked":"Hemokinesis","floor":7},{"not_picked":["Clothesline","Iron Wave"],"picked":"Perfected Strike","floor":8},{"not_picked":["Heavy Blade+1","Impervious"],"picked":"Dark Embrace","floor":11},{"not_picked":["Pummel+1","Ghostly Armor","Clothesline+1"],"picked":"SKIP","floor":13},{"not_picked":["Iron Wave+1","Dropkick+1"],"picked":"Evolve","floor":14},{"not_picked":["Thunderclap+1","Clash+1"],"picked":"Twin Strike+1","floor":15}],"player_experience":705801,"relics_obtained":[{"floor":8,"key":"Dream Catcher"},{"floor":9,"key":"Molten Egg 2"},{"floor":10,"key":"HornCleat"},{"floor":11,"key":"Magic Flower"}],"event_choices":[{"damage_healed":0,"gold_gain":0,"player_choice":"Paid Gold","damage_taken":0,"relics_obtained":["Anchor"],"max_hp_gain":0,"max_hp_loss":0,"event_name":"WeMeetAgain","floor":2,"gold_loss":57},{"damage_healed":0,"gold_gain":0,"player_choice":"Success","damage_taken":18,"relics_obtained":["Girya"],"max_hp_gain":0,"max_hp_loss":0,"event_name":"Scrap Ooze","floor":4,"gold_loss":0},{"damage_healed":0,"gold_gain":0,"player_choice":"Upgraded","damage_taken":0,"max_hp_gain":0,"max_hp_loss":0,"event_name":"Upgrade Shrine","floor":12,"gold_loss":0,"cards_upgraded":["Hemokinesis"]}],"is_beta":false,"boss_relics":[],"items_purged_floors":[],"is_endless":false,"potions_floor_spawned":[5,7,11],"killed_by":"Hexaghost","ascension_level":20}}