{"host":"5tnftuc8o0gay6lt","time":1614205723,"event":{"mods":["BaseMod","BetterRewards","Conspire","Marisa£®ÏF”Í°°ƒß¿Ì…≥£©","Minty Spire (QoL Compilation)","Permanent Neow","Relic Filter Mod","Spicy Shops","StSLib","°æ“≈ŒÔø®≈∆°øREMEMod"],"gold_per_floor":[12,12,26,26,26,26,42,83,131,174,5,30,55,76,76,204,204,224,249,249,2,101,101,132,132,209,249,286,298,341,374,386,522,534,561,598,624,652,727,782,794,840,852,887,942,954,48,69,69,69],"floor_reached":51,"language":"ZHS","playtime":3773,"items_purged":["Strike_MRS","Defend_MRS","Strike_MRS+1","UpSweep"],"score":1152,"play_id":"58f47aef-94ec-4e72-ae92-fbde7bec9dbf","local_time":"20210225062843","is_ascension_mode":true,"campfire_choices":[{"data":"PulseMagic","floor":6.0,"key":"SMITH"},{"data":"BlazeAway","floor":15.0,"key":"SMITH"},{"data":"MilkyWay","floor":23.0,"key":"SMITH"},{"data":"StarBarrage","floor":25.0,"key":"SMITH"},{"data":"PowerUp","floor":29.0,"key":"SMITH"},{"data":"Acceleration","floor":32.0,"key":"SMITH"},{"data":"Singularity","floor":41.0,"key":"SMITH"},{"data":"Singularity","floor":49.0,"key":"SMITH"}],"circlet_count":0,"master_deck":["Defend_MRS+1","Defend_MRS+1","MasterSpark+1","Vault+1","PulseMagic+1","UnstableBomb+1","6A","PowerUp+1","MilkyWay+1","Acceleration+1","BlazeAway+1","Acceleration","StarBarrage+1","Singularity+1","Singularity+1","MagicAbsorber+1"],"relics":["MiniHakkero","REME_ComplimentaryCards","Golden Idol","War Paint","PreservedInsect","Dream Catcher","ExperimentalFamiliar","ClockworkSouvenir","Akabeko","Matryoshka","MawBank","Oddly Smooth Stone","Pen Nib","Bottled Flame","Runic Pyramid","Gambling Chip","Art of War","Nunchaku","Letter Opener","Bottled Tornado","Incense Burner","Turnip","Pantograph","InkBottle"],"acts_visited":["Exordium","TheCity","TheBeyond"],"potions_floor_usage":[],"damage_taken":[{"damage":0.0,"enemies":"2 Louse","floor":1.0,"turns":2.0},{"damage":2.0,"enemies":"Jaw Worm","floor":3.0,"turns":3.0},{"damage":0.0,"enemies":"Cultist","floor":7.0,"turns":3.0},{"damage":11.0,"enemies":"Gremlin Nob","floor":8.0,"turns":4.0},{"damage":4.0,"enemies":"3 Sentries","floor":10.0,"turns":6.0},{"damage":0.0,"enemies":"Gremlin Gang","floor":12.0,"turns":3.0},{"damage":1.0,"enemies":"Exordium Thugs","floor":13.0,"turns":4.0},{"damage":2.0,"enemies":"Large Slime","floor":14.0,"turns":4.0},{"damage":0.0,"enemies":"Hexaghost","floor":16.0,"turns":6.0},{"damage":2.0,"enemies":"3 Byrds","floor":18.0,"turns":3.0},{"damage":0.0,"enemies":"2 Thieves","floor":19.0,"turns":3.0},{"damage":0.0,"enemies":"conspire:SneckoGhost","floor":24.0,"turns":3.0},{"damage":4.0,"enemies":"REME_1_Revenger","floor":27.0,"turns":3.0},{"damage":0.0,"enemies":"conspire:Head Lice","floor":30.0,"turns":2.0},{"damage":0.0,"enemies":"Snake Plant","floor":31.0,"turns":1.0},{"damage":16.0,"enemies":"Champ","floor":33.0,"turns":3.0},{"damage":0.0,"enemies":"3 Shapes","floor":35.0,"turns":2.0},{"damage":0.0,"enemies":"Orb Walker","floor":36.0,"turns":1.0},{"damage":18.0,"enemies":"4 Shapes","floor":37.0,"turns":3.0},{"damage":0.0,"enemies":"Spire Growth","floor":38.0,"turns":2.0},{"damage":0.0,"enemies":"Mind Bloom Boss Battle","floor":39.0,"turns":5.0},{"damage":0.0,"enemies":"Giant Head","floor":40.0,"turns":3.0},{"damage":0.0,"enemies":"Reptomancer","floor":42.0,"turns":2.0},{"damage":0.0,"enemies":"Writhing Mass","floor":44.0,"turns":2.0},{"damage":0.0,"enemies":"Giant Head","floor":45.0,"turns":3.0},{"damage":0.0,"enemies":"Jaw Worm Horde","floor":48.0,"turns":1.0},{"damage":0,"enemies":"conspire:OrnateMirror","floor":50,"turns":5}],"seed_played":"8839622814767648082","potions_obtained":[{"floor":3.0,"key":"Weak Potion"},{"floor":8.0,"key":"BottledSpark"},{"floor":10.0,"key":"Swift Potion"},{"floor":12.0,"key":"ShroomBrew"},{"floor":14.0,"key":"BottledSpark"},{"floor":18.0,"key":"ShroomBrew"},{"floor":31.0,"key":"SteroidPotion"},{"floor":40.0,"key":"CultistPotion"},{"floor":42.0,"key":"Fruit Juice"},{"floor":45.0,"key":"BottledSpark"}],"is_trial":false,"path_per_floor":["M","?","M","?","?","R","M","E","T","E","$","M","M","M","R","B",null,"M","M","?","$","?","R","E","R","T","E","T","R","E","M","R","B",null,"M","M","M","M","?","E","R","E","T","M","E","?","$","M","R","B",null],"character_chosen":"MARISA","items_purchased":["PowerUp","MilkyWay","ClockworkSouvenir","Turnip","SteroidPotion","Pantograph","InkBottle"],"campfire_rested":0,"item_purchase_floors":[11,11,21,47,47,47,47],"current_hp_per_floor":[75,57,55,40,40,40,40,29,29,25,25,25,24,22,22,22,75,73,73,73,73,73,73,73,73,73,69,69,69,69,69,69,53,75,75,75,57,57,57,57,57,62,62,62,62,62,62,62,62,80],"gold":69,"neow_bonus":"REMOVE_TWO","is_daily":false,"chose_seed":false,"campfire_upgraded":8,"win_rate":0.0,"timestamp":1614205723,"path_taken":["M","?","M","?","?","R","M","E","T","E","$","M","M","?","R","BOSS","M","M","?","$","?","R","E","R","T","E","?","R","E","?","R","BOSS","M","?","M","M","?","E","R","E","T","M","E","?","$","M","R","BOSS"],"items_purchased_type":["Card","Card","Relic","Relic","Potion","Relic","Relic"],"build_version":"2020-12-22","purchased_purges":4,"victory":true,"max_hp_per_floor":[75,75,75,75,75,75,75,75,75,75,75,75,75,75,75,75,75,75,75,75,75,75,75,75,75,75,75,75,75,75,75,75,75,75,75,75,75,75,75,75,75,80,80,80,80,80,80,80,80,80],"card_choices":[{"not_picked":["GalacticHalo","SporeBomb"],"picked":"PulseMagic","floor":1.0},{"not_picked":["WitchOfGreed","ChargeUpSpray"],"picked":"UnstableBomb","floor":3.0},{"not_picked":["IllusionStar","UnstableBomb"],"picked":"6A","floor":7.0},{"not_picked":["WitchOfGreed","DoubleSpark","FairyDestructionRay"],"picked":"SKIP","floor":8.0},{"not_picked":["GalacticHalo","UltimateShortwave","MachineGunSpark"],"picked":"SKIP","floor":10.0},{"not_picked":["NonDirectionalLaser","DoubleSpark"],"picked":"Acceleration","floor":12.0},{"not_picked":["WitchOfGreed","SporeBomb"],"picked":"BlazeAway","floor":13.0},{"not_picked":["RefractionSpark","IllusionStar","BlazeAway"],"picked":"SKIP","floor":14.0},{"not_picked":["DeepEcoloBomb","GalacticHalo"],"picked":"Acceleration","floor":18.0},{"not_picked":["LuminesStrike+1","WitchOfGreed+1","GrandCross"],"picked":"SKIP","floor":19.0},{"not_picked":["EnergyFlow+1","MysteriousBeam"],"picked":"StarBarrage","floor":24.0},{"not_picked":["GalacticHalo","AsteroidBelt","6A"],"picked":"SKIP","floor":27.0},{"not_picked":["GravityBeat","SuperPerseids","MachineGunSpark"],"picked":"SKIP","floor":30.0},{"not_picked":["ShootingEcho","DragonMeteor","Acceleration"],"picked":"SKIP","floor":31.0},{"not_picked":["GalacticHalo","DC","LuminesStrike"],"picked":"SKIP","floor":35.0},{"not_picked":["ChargingUp","PowerUp"],"picked":"Singularity","floor":36.0},{"not_picked":["MysteriousBeam+1","RefractionSpark","DragonMeteor+1"],"picked":"SKIP","floor":37.0},{"not_picked":["MysteriousBeam+1","SporeBomb"],"picked":"Singularity","floor":38.0},{"not_picked":["DC+1","LuminesStrike","ManaRampage"],"picked":"SKIP","floor":40.0},{"not_picked":["FairyDestructionRay+1","AsteroidBelt+1","MysteriousBeam"],"picked":"SKIP","floor":42.0},{"not_picked":["UnstableBomb","ShootingEcho+1"],"picked":"MagicAbsorber+1","floor":44.0},{"not_picked":["Occultation+1","Acceleration+1","OneTimeOff"],"picked":"SKIP","floor":45.0},{"not_picked":["DC","WitchLeyline+1","GravityBeat+1"],"picked":"SKIP","floor":48.0}],"player_experience":590992,"relics_obtained":[{"floor":8.0,"key":"War Paint"},{"floor":9.0,"key":"PreservedInsect"},{"floor":10.0,"key":"Dream Catcher"},{"floor":24.0,"key":"Akabeko"},{"floor":26.0,"key":"Matryoshka"},{"floor":27.0,"key":"MawBank"},{"floor":28.0,"key":"Oddly Smooth Stone"},{"floor":28.0,"key":"Pen Nib"},{"floor":30.0,"key":"Bottled Flame"},{"floor":39.0,"key":"Gambling Chip"},{"floor":40.0,"key":"Art of War"},{"floor":42.0,"key":"Nunchaku"},{"floor":43.0,"key":"Letter Opener"},{"floor":43.0,"key":"Bottled Tornado"},{"floor":45.0,"key":"Incense Burner"}],"event_choices":[{"damage_healed":0.0,"max_hp_gain":0.0,"max_hp_loss":0.0,"gold_gain":0.0,"event_name":"Golden Idol","player_choice":"Take Damage","floor":2.0,"gold_loss":0.0,"damage_taken":18.0,"relics_obtained":["Golden Idol"]},{"damage_healed":0.0,"max_hp_gain":0.0,"max_hp_loss":0.0,"gold_gain":0.0,"event_name":"Shining Light","player_choice":"Entered Light","floor":4.0,"gold_loss":0.0,"damage_taken":15.0,"cards_upgraded":["Strike_MRS","UnstableBomb"]},{"damage_healed":0.0,"max_hp_gain":0.0,"max_hp_loss":0.0,"gold_gain":0.0,"event_name":"Living Wall","player_choice":"Grow","floor":5.0,"gold_loss":0.0,"damage_taken":0.0,"cards_upgraded":["Vault"]},{"cards_removed":["Defend_MRS"],"damage_healed":0.0,"max_hp_gain":0.0,"max_hp_loss":0.0,"gold_gain":0.0,"event_name":"Back to Basics","player_choice":"Elegance","floor":20.0,"gold_loss":0.0,"damage_taken":0.0},{"damage_healed":0.0,"max_hp_gain":0.0,"max_hp_loss":0.0,"gold_gain":99.0,"event_name":"Nest","player_choice":"Stole From Cult","floor":22.0,"gold_loss":0.0,"damage_taken":0.0},{"damage_healed":0.0,"max_hp_gain":0.0,"max_hp_loss":0.0,"gold_gain":0.0,"event_name":"MindBloom","player_choice":"Fight","floor":39.0,"gold_loss":0.0,"damage_taken":0.0},{"damage_healed":0.0,"max_hp_gain":0.0,"max_hp_loss":0.0,"gold_gain":0.0,"event_name":"Accursed Blacksmith","player_choice":"Forge","floor":46.0,"gold_loss":0.0,"damage_taken":0.0,"cards_upgraded":["MasterSpark"]}],"is_beta":false,"boss_relics":[{"not_picked":["Fusion Hammer","SacredBark"],"picked":"ExperimentalFamiliar"},{"not_picked":["Calling Bell","Busted Crown"],"picked":"Runic Pyramid"}],"items_purged_floors":[11,21,47,47],"is_endless":false,"potions_floor_spawned":[3,8,10,12,14,18,30,31,40,42,45,48],"ascension_level":3}}