{"host":"bpr07pynnqpe5ded","time":1614180503,"event":{"mods":["2.2 Compatiblity","Aspiration","BaseMod","Better Note","Better Third Choice","BetterRewards","Downfall","Jorbs\u0027s Wanderer Trilogy","Minty Spire (QoL Compilation)","Replay The Spire","Shop Mod","StSLib","The Marked","??????REMEMod"],"gold_per_floor":[110,130,144,160,260,285,301,301,301,313,313,329,329,340,340,340,340],"floor_reached":16,"language":"ENG","playtime":631,"items_purged":[],"score":106,"play_id":"e9b287e4-16b6-49bb-9beb-429bcfd04248","local_time":"20210224152823","is_ascension_mode":false,"campfire_choices":[{"data":"theMarked:SoldierOfQuellstein","floor":8,"key":"SMITH"},{"floor":11,"key":"REST"},{"data":"theMarked:AttractMetal","floor":13,"key":"SMITH"},{"floor":15,"key":"DIG"}],"circlet_count":0,"master_deck":["theMarked:Strike","theMarked:Strike","theMarked:Strike","theMarked:Strike","theMarked:Defend","theMarked:Defend","theMarked:Defend","theMarked:Defend","theMarked:SoldierOfQuellstein+1","theMarked:AttractMetal+1","theMarked:MuscleMemory","theMarked:ThrowWeapon","theMarked:Overcharge","theMarked:ShockingTouch","theMarked:SoldierOfQuellstein+1"],"relics":["theMarked:ArtifactOfAir","REME_ComplimentaryCards","Blue Doll","Pet Ghost","ReplayTheSpireMod:Ninjato"],"acts_visited":["Exordium"],"potions_floor_usage":[4,6,14],"damage_taken":[{"damage":0,"enemies":"Jaw Worm","floor":1,"turns":4},{"damage":1,"enemies":"Cultist","floor":2,"turns":3},{"damage":2,"enemies":"2 Louse","floor":3,"turns":3},{"damage":3,"enemies":"Exordium Wildlife","floor":4,"turns":4},{"damage":14,"enemies":"Gremlin Nob","floor":6,"turns":4},{"damage":4,"enemies":"Blue Slaver","floor":7,"turns":4},{"damage":10,"enemies":"Looter","floor":10,"turns":3},{"damage":7,"enemies":"3 Louse","floor":12,"turns":3},{"damage":13,"enemies":"Red Slaver","floor":14,"turns":4},{"damage":0,"enemies":"Hexaghost","floor":16,"turns":1}],"seed_played":"-4507131751133108177","potions_obtained":[{"floor":3,"key":"hexamod:SoulburnPotion"},{"floor":4,"key":"FearPotion"},{"floor":7,"key":"Elixir"},{"floor":10,"key":"Doom Potion"},{"floor":12,"key":"Explosive Potion"},{"floor":14,"key":"REME_GoldPotion"}],"is_trial":false,"path_per_floor":["M","M","M","M","?","E","M","R","T","M","R","M","R","M","R","B"],"character_chosen":"THE_DEFAULT","items_purchased":[],"campfire_rested":1,"item_purchase_floors":[],"current_hp_per_floor":[72,71,69,66,66,52,48,48,48,38,59,52,52,39,39,39,39],"gold":340,"neow_bonus":"TRANSFORM_CARD","is_daily":false,"chose_seed":false,"campfire_upgraded":2,"win_rate":0.0,"timestamp":1614180503,"path_taken":["M","M","M","M","?","E","M","R","T","M","R","M","R","M","R","BOSS"],"items_purchased_type":[],"build_version":"2020-12-22","purchased_purges":0,"victory":false,"max_hp_per_floor":[72,72,72,72,72,72,72,72,72,72,72,72,72,72,72,72,72],"card_choices":[{"not_picked":["theMarked:Determination","theMarked:EmpowerWeapon","theMarked:Parkour"],"picked":"SKIP","floor":1},{"not_picked":["theMarked:BanishingStrike","theMarked:Frustration","theMarked:Parkour"],"picked":"SKIP","floor":2},{"not_picked":["theMarked:ElectricStrings","theMarked:Parry","theMarked:Frustration"],"picked":"SKIP","floor":3},{"not_picked":["theMarked:ChainLightning","theMarked:OneWithTheBlade","theMarked:Maelstrom"],"picked":"SKIP","floor":4},{"not_picked":["theMarked:Aftermath","theMarked:Frustration"],"picked":"theMarked:MuscleMemory","floor":6},{"not_picked":["theMarked:TwofoldDefense","theMarked:Overthink"],"picked":"theMarked:ThrowWeapon","floor":7},{"not_picked":["theMarked:Maelstrom","theMarked:WardOff"],"picked":"theMarked:Overcharge","floor":10},{"not_picked":["theMarked:Pokerface","theMarked:Electrocute"],"picked":"theMarked:ShockingTouch","floor":12},{"not_picked":["theMarked:RogueSparks","theMarked:HeightenedSenses","theMarked:TunnelVision"],"picked":"SKIP","floor":14}],"player_experience":1240540,"relics_obtained":[{"floor":6,"key":"Blue Doll"},{"floor":9,"key":"Pet Ghost"},{"floor":15,"key":"ReplayTheSpireMod:Ninjato"}],"event_choices":[{"damage_healed":0,"gold_gain":100,"player_choice":"Gold","damage_taken":0,"max_hp_gain":0,"max_hp_loss":0,"event_name":"Wheel of Change","floor":5,"gold_loss":0}],"is_beta":false,"boss_relics":[],"items_purged_floors":[],"is_endless":false,"potions_floor_spawned":[3,4,7,10,12,14],"killed_by":"Hexaghost","ascension_level":0}}