{"host":"fuszjwm6fqgjjp4d","time":1614185113,"event":{"mods":["BaseMod","Colored Map","Minty Spire (QoL Compilation)","Permanent Neow","Relic Sorter","Relic Stats","StSLib"],"gold_per_floor":[19,35,49,63,63,63,63,63],"floor_reached":7,"language":"ENG","playtime":226,"items_purged":[],"score":86,"play_id":"1be77514-d130-4113-9036-c69ed7683516","local_time":"20210224104513","is_ascension_mode":true,"campfire_choices":[{"data":"Transmutation","floor":6,"key":"SMITH"}],"circlet_count":0,"master_deck":["AscendersBane","Strike_R","Strike_R","Strike_R","Strike_R","Defend_R","Defend_R","Defend_R","Defend_R","Bash","Transmutation+1","Twin Strike","Ghostly Armor"],"relics":["Burning Blood"],"acts_visited":["Exordium"],"potions_floor_usage":[7],"damage_taken":[{"damage":23,"enemies":"Small Slimes","floor":1,"turns":4},{"damage":16,"enemies":"2 Louse","floor":2,"turns":4},{"damage":9,"enemies":"Jaw Worm","floor":3,"turns":4},{"damage":19,"enemies":"Blue Slaver","floor":4,"turns":6},{"damage":20,"enemies":"3 Sentries","floor":7,"turns":4}],"seed_played":"5933255017870317098","potions_obtained":[{"floor":2,"key":"ColorlessPotion"},{"floor":3,"key":"SpeedPotion"}],"is_trial":false,"path_per_floor":["M","M","M","M","?","R","E"],"character_chosen":"IRONCLAD","items_purchased":[],"campfire_rested":0,"item_purchase_floors":[],"current_hp_per_floor":[51,41,38,25,18,18,0,0],"gold":63,"neow_bonus":"RANDOM_COLORLESS_2","is_daily":false,"chose_seed":false,"campfire_upgraded":1,"win_rate":0.0,"timestamp":1614185113,"path_taken":["M","M","M","M","?","R","E"],"items_purchased_type":[],"build_version":"2020-12-22","purchased_purges":0,"victory":false,"max_hp_per_floor":[75,75,75,75,75,75,75,75],"relic_stats":{"counters":[5,22],"obtain_stats":[{"Burning Blood":0},{"Burning Blood":0},{"Burning Blood":0}],"Burning Blood":24},"card_choices":[{"not_picked":["Metamorphosis","Magnetism"],"picked":"Transmutation","floor":0},{"not_picked":["Dual Wield","Anger","Dark Embrace"],"picked":"SKIP","floor":1},{"not_picked":["Shrug It Off","Burning Pact"],"picked":"Twin Strike","floor":2},{"not_picked":["Flex","Armaments"],"picked":"Ghostly Armor","floor":3},{"not_picked":["Dual Wield","Fire Breathing","Evolve"],"picked":"SKIP","floor":4}],"player_experience":1527358,"relics_obtained":[],"event_choices":[{"cards_removed":["Strike_R"],"damage_healed":0,"gold_gain":0,"player_choice":"Card Removal","damage_taken":7,"max_hp_gain":0,"max_hp_loss":0,"event_name":"Golden Wing","floor":5,"gold_loss":0}],"is_beta":false,"boss_relics":[],"items_purged_floors":[],"is_endless":false,"potions_floor_spawned":[2,3],"killed_by":"3 Sentries","ascension_level":20}}