{"host":"y2nx07t75db4hs5p","time":1614143173,"event":{"mods":["Act Like it!","BaseMod","Gensokyo","Lobotomy","LobotomyExtend","Minty Spire (QoL Compilation)","StSLib"],"gold_per_floor":[112,112,127,127,143,143,169,169,169,184,202,202,212,212,212,307,307,319,419,436,451,465,465,500,500,500,510,94,94,94,94],"floor_reached":30,"language":"ZHS","playtime":1493,"items_purged":["Injury"],"score":302,"play_id":"ceeb9526-fab9-4d00-b82b-021df135a9c1","local_time":"20210224130613","is_ascension_mode":false,"campfire_choices":[{"floor":29,"key":"RECALL"}],"circlet_count":0,"master_deck":["SpecialBullet","SpecialBullet","SpecialBullet","SpecialBullet","SpecialBullet","SpecialBullet","SpecialBullet","SpecialBullet","SecurityCode","DisciplinaryCode","CentralCode","RedEyes","Ecstasy","InformationCode","Variant","RecordCode","Adoration","Twilight","Lamp+2","DaCapo","WelfareCode","Moonlight","ShedSkin+1","WristCuter","ParadiseLost","Logging","GoldRush"],"relics":["CogitoBucket","MealTicket","Kunai","Gaze_r","LetterFromLob","Bag of Marbles","The Courier","HellTrain","Mango","Coffee Dripper","Justitia_r","FossilizedHelix","Turnip","SkinProphecy","White Beast Statue"],"acts_visited":["Gensokyo:Gensokyo","Gensokyo:Gensokyoer"],"potions_floor_usage":[19],"damage_taken":[{"damage":6.0,"enemies":"Gensokyo:2_Kodama","floor":1.0,"turns":2.0},{"damage":0,"enemies":"Gensokyo:Gryphon","floor":3,"turns":3},{"damage":47,"enemies":"Gensokyo:Gryphon","floor":4,"turns":4},{"damage":0,"enemies":"Gensokyo:Python","floor":5,"turns":2},{"damage":22,"enemies":"Gensokyo:Aya","floor":7,"turns":6},{"damage":11,"enemies":"Gensokyo:CorruptedTreant","floor":10,"turns":3},{"damage":32,"enemies":"Gensokyo:3_Kodama","floor":11,"turns":8},{"damage":5,"enemies":"Gensokyo:Gryphon_and_Rabbit","floor":13,"turns":4},{"damage":11,"enemies":"Gensokyo:Yukari","floor":16,"turns":15},{"damage":4,"enemies":"Gensokyo:Chomper","floor":18,"turns":5},{"damage":0,"enemies":"Gensokyo:Chomper","floor":19,"turns":9},{"damage":4,"enemies":"Gensokyo:AngelMirror","floor":20,"turns":12},{"damage":6,"enemies":"Gensokyo:Slime_Group","floor":21,"turns":4},{"damage":0,"enemies":"Gensokyo:Wraith","floor":22,"turns":2},{"damage":0,"enemies":"Gensokyo:Tenshi","floor":24,"turns":5},{"damage":22,"enemies":"Gensokyo:Monolith_and_Dog","floor":27,"turns":4},{"damage":89,"enemies":"Gensokyo:3_Gloops","floor":30,"turns":8}],"seed_played":"-6617472848542550341","potions_obtained":[{"floor":5,"key":"EntropicBrew"},{"floor":7,"key":"Block Potion"},{"floor":10,"key":"LiquidMemories"},{"floor":19,"key":"DuplicationPotion"}],"is_trial":false,"path_per_floor":["M","?","M","?","M","R","E","R","T","M","M","R","M","?","R","B",null,"M","?","M","M","M","R","E","R","T","M","$","R","M"],"character_chosen":"Angela","items_purchased":["WristCuter","ParadiseLost","Logging","GoldRush"],"campfire_rested":0,"item_purchase_floors":[28,28,28,28],"current_hp_per_floor":[70,70,70,70,70,70,62,62,62,65,47,47,56,49,49,52,84,84,84,84,86,88,88,90,90,90,80,92,92,0,0],"gold":94,"neow_bonus":"RANDOM_COMMON_RELIC","is_daily":false,"chose_seed":false,"campfire_upgraded":0,"win_rate":0.0,"timestamp":1614143173,"path_taken":["M","?","M","?","M","R","E","R","T","M","M","R","M","?","R","BOSS","M","?","M","M","?","R","E","R","T","M","$","R","M"],"items_purchased_type":["Card","Card","Card","Card"],"build_version":"2020-12-22","purchased_purges":1,"victory":false,"max_hp_per_floor":[70,70,70,70,70,70,70,70,70,70,70,70,70,84,84,84,84,84,84,84,86,88,88,90,90,90,92,92,92,94,94],"card_choices":[{"not_picked":["Loneliness","Hypocrisy"],"picked":"SKIP","floor":1},{"not_picked":["Horn"],"picked":"RedEyes","floor":3},{"not_picked":["RapturousDream"],"picked":"Ecstasy","floor":5},{"not_picked":["ShyLook","WallGazer"],"picked":"Variant","floor":7},{"not_picked":["Noise","RapturousDream"],"picked":"SKIP","floor":7},{"not_picked":["CherryBlossom","Laetitia_ego"],"picked":"SKIP","floor":10},{"not_picked":["Noise"],"picked":"Adoration","floor":11},{"not_picked":["Scorched","FieryBird"],"picked":"LongBird","floor":13},{"not_picked":["Horn","Beak"],"picked":"SKIP","floor":13},{"not_picked":["ParadiseLost"],"picked":"Twilight","floor":16},{"not_picked":["RedEyes+1"],"picked":"Lamp","floor":18},{"not_picked":["RedEyes","DaCapo"],"picked":"SKIP","floor":20},{"not_picked":["RedEyes"],"picked":"DaCapo","floor":20},{"not_picked":["CherryBlossoms","OSAHOGD"],"picked":"PunishingBird","floor":21},{"not_picked":["Amita"],"picked":"Moonlight","floor":21},{"not_picked":["CUTE"],"picked":"ShedSkin+1","floor":22},{"not_picked":["TodaysExpression+1","SolemnVow"],"picked":"SKIP","floor":24},{"not_picked":["Rudolta","Mercenary"],"picked":"BigBird","floor":27},{"not_picked":["RedEyes","Beak+1"],"picked":"SKIP","floor":27}],"player_experience":324588,"relics_obtained":[{"floor":5,"key":"LetterFromLob"},{"floor":7,"key":"Bag of Marbles"},{"floor":9,"key":"The Courier"},{"floor":19,"key":"FossilizedHelix"},{"floor":19,"key":"Turnip"},{"floor":24,"key":"White Beast Statue"}],"event_choices":[],"is_beta":false,"boss_relics":[{"not_picked":["Sozu","Velvet Choker"],"picked":"Coffee Dripper"}],"items_purged_floors":[28],"is_endless":false,"potions_floor_spawned":[5,7,10,16,18,19,21,24,27],"killed_by":"Gensokyo:3_Gloops","ascension_level":0}}