{"host":"rzxtdhi6dlaar4wu","time":1614163811,"event":{"mods":["2.2 Compatiblity","AchievementEnabler","BaseMod","Block Reminder","Colored Map","Colored Powertips","Minty Spire (QoL Compilation)","Quick Restart","Random Character Button","Rare Cards Sparkle","Relic Stats","StSLib","The IronCluck"],"gold_per_floor":[115,115,34,34,34,34,59,82,82,82,157,177,177,32,32,153,153,171,171,195,210,210,210],"floor_reached":22,"language":"ENG","playtime":797,"items_purged":[],"score":174,"play_id":"8de74084-d48c-4f32-9cd0-7b1e29a6f5cc","local_time":"20210224115011","is_ascension_mode":false,"campfire_choices":[{"data":"Madness","floor":6,"key":"SMITH"},{"data":"Survivor","floor":10,"key":"SMITH"},{"data":"Neutralize","floor":13,"key":"SMITH"},{"data":"Bouncing Flask","floor":15,"key":"SMITH"}],"circlet_count":0,"master_deck":["Survivor+1","Neutralize+1","Madness+1","Outmaneuver","Bouncing Flask+1","Injury","Catalyst","Backstab","Wraith Form v2","Dodge and Roll","Bouncing Flask","Reflex","Finisher","Calculated Gamble","Finisher","Tools of the Trade","All Out Attack","Eviscerate","Envenom","Flying Knee","Catalyst","Crippling Poison+1","Bane+1"],"relics":["Ring of the Snake","Golden Idol","Bag of Preparation","Blood Vial","HandDrill","Pandora\u0027s Box"],"acts_visited":["Exordium","TheCity"],"potions_floor_usage":[12],"damage_taken":[{"damage":1,"enemies":"Cultist","floor":1,"turns":5},{"damage":0,"enemies":"2 Louse","floor":7,"turns":3},{"damage":0,"enemies":"Small Slimes","floor":8,"turns":3},{"damage":14,"enemies":"3 Louse","floor":12,"turns":4},{"damage":26,"enemies":"The Guardian","floor":16,"turns":8},{"damage":16,"enemies":"3 Byrds","floor":18,"turns":6},{"damage":26,"enemies":"2 Thieves","floor":20,"turns":4},{"damage":21,"enemies":"Snake Plant","floor":21,"turns":3},{"damage":14,"enemies":"Shelled Parasite and Fungi","floor":22,"turns":1}],"seed_played":"-9006458936229492855","potions_obtained":[{"floor":2,"key":"LiquidBronze"},{"floor":2,"key":"Strength Potion"},{"floor":2,"key":"Fire Potion"},{"floor":12,"key":"ColorlessPotion"}],"is_trial":false,"path_per_floor":["M","?","$","?","?","R","M","M","T","R","?","M","R","$","R","B",null,"M","?","M","M","M"],"character_chosen":"THE_SILENT","items_purchased":["Bouncing Flask","HandDrill"],"campfire_rested":0,"item_purchase_floors":[3,14],"current_hp_per_floor":[69,69,69,69,62,62,62,62,62,62,51,39,39,39,39,15,70,54,54,30,11,0,0],"gold":210,"neow_bonus":"RANDOM_COLORLESS","is_daily":false,"chose_seed":false,"campfire_upgraded":4,"win_rate":0.0,"timestamp":1614163811,"path_taken":["M","?","?","?","?","R","M","M","T","R","?","M","R","$","R","BOSS","M","?","?","?","M"],"items_purchased_type":["Card","Relic"],"build_version":"2020-12-22","purchased_purges":0,"victory":false,"max_hp_per_floor":[70,70,70,70,70,70,70,70,70,70,70,70,70,70,70,70,70,70,70,70,70,70,70],"relic_stats":{"Blood Vial":10,"counters":[9,37],"Golden Idol":50,"Pandora\u0027s Box":["Dodge and Roll","Bouncing Flask","Reflex","Finisher","Calculated Gamble","Finisher","Tools of the Trade","All Out Attack","Eviscerate","Envenom"],"Bag of Preparation":[16],"HandDrill":[4],"obtain_stats":[{"Blood Vial":9,"Golden Idol":4,"Pandora\u0027s Box":17,"Bag of Preparation":5,"HandDrill":14,"Ring of the Snake":0},{"Blood Vial":3,"Golden Idol":1,"Pandora\u0027s Box":5,"Bag of Preparation":1,"HandDrill":4,"Ring of the Snake":0},{"Blood Vial":11,"Golden Idol":5,"Pandora\u0027s Box":23,"Bag of Preparation":5,"HandDrill":15,"Ring of the Snake":0}],"Ring of the Snake":[18]},"card_choices":[{"not_picked":["Bandage Up","Enlightenment"],"picked":"Madness","floor":0},{"not_picked":["Escape Plan","Expertise"],"picked":"Outmaneuver","floor":1},{"not_picked":["Dagger Throw","Concentrate"],"picked":"Catalyst","floor":7},{"not_picked":["Finisher","Reflex","Cloak And Dagger"],"picked":"SKIP","floor":8},{"not_picked":["Distraction","Finisher"],"picked":"Backstab","floor":12},{"not_picked":["Burst","Night Terror"],"picked":"Wraith Form v2","floor":16},{"not_picked":["Quick Slash","Dagger Throw+1"],"picked":"Flying Knee","floor":18},{"not_picked":["Cloak And Dagger","Distraction"],"picked":"Crippling Poison+1","floor":20},{"not_picked":["Blade Dance","Deadly Poison"],"picked":"Bane+1","floor":21}],"player_experience":179133,"relics_obtained":[{"floor":9,"key":"Blood Vial"}],"event_choices":[{"damage_healed":0,"gold_gain":0,"player_choice":"Got Potions","damage_taken":0,"max_hp_gain":0,"max_hp_loss":0,"event_name":"Lab","floor":2,"gold_loss":0},{"damage_healed":0,"gold_gain":0,"player_choice":"Take Wound","damage_taken":0,"relics_obtained":["Golden Idol"],"max_hp_gain":0,"max_hp_loss":0,"event_name":"Golden Idol","floor":4,"gold_loss":0,"cards_obtained":["Injury"]},{"damage_healed":0,"gold_gain":0,"player_choice":"Success","damage_taken":7,"relics_obtained":["Bag of Preparation"],"max_hp_gain":0,"max_hp_loss":0,"event_name":"Scrap Ooze","floor":5,"gold_loss":0},{"damage_healed":0,"gold_gain":75,"player_choice":"Gather Gold","damage_taken":11,"max_hp_gain":0,"max_hp_loss":0,"event_name":"World of Goop","floor":11,"gold_loss":0},{"damage_healed":0,"gold_gain":0,"player_choice":"Copied","damage_taken":0,"max_hp_gain":0,"max_hp_loss":0,"event_name":"Duplicator","floor":19,"gold_loss":0,"cards_obtained":["Catalyst"]}],"is_beta":false,"boss_relics":[{"not_picked":["Sozu","Cursed Key"],"picked":"Pandora\u0027s Box"}],"items_purged_floors":[],"is_endless":false,"potions_floor_spawned":[12,18],"killed_by":"Shelled Parasite and Fungi","ascension_level":0}}