{"host":"mpmrkodj3c25wi13","time":1614173713,"event":{"mods":["AlwaysNeverKeys","Aspiration","BaseMod","Better Altar","Better Match","Better Note","Better Sensory Stone","Better Skull","Better Third Choice","Clawfect","Colored Map","Conspire","Custom Start","Downfall","Energized Spire","Friendly Minions","GifTheSpireLib","Googly Eyes","Halation","Hubris","Infinite Spire","Minty Spire (QoL Compilation)","Relic Sorter","Reliquary","Replay The Spire","StSLib","Stuff the Spire","The IronCluck","slay the spire mod where everything is the same but ironclad has a cowboy hat"],"gold_per_floor":[110,64,26,52,72,72,105,105],"floor_reached":7,"language":"ENG","playtime":307,"items_purged":[],"score":74,"play_id":"9c2fac20-5dba-4c53-a777-66f094caa79d","local_time":"20210224083513","is_ascension_mode":false,"campfire_choices":[{"data":"Clawfect:ScrapingClaw","floor":6,"key":"SMITH"}],"circlet_count":0,"master_deck":["LiveForever+2","Gash","Gash","Gash","Gash","Gash","Defend_B","Defend_B","Defend_B","Defend_B","Defend_B","Clawfect:ClawingBeam","Clawfect:ScrapingClaw+1","Clawfect:ClawAndTear","Clawfect:ScrapingClaw"],"relics":["Clawfect:DRClaw","halation:IllGainedPizza","NeowsBlessing","StuffTheSpire:SapphireSignet"],"acts_visited":["Exordium"],"potions_floor_usage":[],"damage_taken":[{"damage":0,"enemies":"Cultist","floor":1,"turns":2},{"damage":2,"enemies":"2 Louse","floor":5,"turns":2},{"damage":9,"enemies":"Replay:BlueRogue","floor":7,"turns":3}],"seed_played":"2853543689636154217","potions_obtained":[{"floor":5,"key":"hexamod:SoulburnPotion"}],"is_trial":false,"path_per_floor":["M","$","$","T","M","R","E"],"character_chosen":"DEFECT","items_purchased":["Clawfect:ScrapingClaw","Clawfect:ClawAndTear"],"campfire_rested":0,"item_purchase_floors":[2,3],"current_hp_per_floor":[75,75,75,75,73,73,64,64],"gold":105,"neow_bonus":"THREE_ENEMY_KILL","is_daily":false,"chose_seed":false,"campfire_upgraded":1,"win_rate":0.0,"timestamp":1614173713,"path_taken":["M","?","$","?","M","R","E"],"items_purchased_type":["Card","Card"],"build_version":"2020-12-13","purchased_purges":0,"victory":false,"max_hp_per_floor":[75,75,75,75,75,75,75,75],"card_choices":[{"not_picked":["Defragment","Clawfect:Clawter"],"picked":"Clawfect:ClawingBeam","floor":1},{"not_picked":["Lockon","Clawfect:ClawpileDriver"],"picked":"Clawfect:ScrapingClaw","floor":5},{"not_picked":["BasicCrystalCard","ReplayGash","Coolheaded"],"picked":"SKIP","floor":7}],"player_experience":28516,"relics_obtained":[{"floor":4,"key":"halation:IllGainedPizza"},{"floor":7,"key":"StuffTheSpire:SapphireSignet"}],"event_choices":[],"is_beta":false,"boss_relics":[],"items_purged_floors":[],"is_endless":false,"potions_floor_spawned":[5],"killed_by":"Replay:BlueRogue","ascension_level":0}}