{"host":"oyzno85dy6ca94bi","time":1614142850,"event":{"mods":["AchievementEnabler","BaseMod","Colored Map","DeckTracker","Keyboard Shortcuts","Minty Spire (QoL Compilation)","Permanent Neow","SuperFastMode","everything is the same but u backflip on backflip"],"gold_per_floor":[119,119,119,136,153,179,179,196,196,196,208,222,235,235,235,331,331,342,357,86,98,109,140,154,167,167,167,187,187,204,27,27,132,132,152,169,182,197,247,247,260,31,31,49,49,77,92,92,92,92],"floor_reached":51,"language":"KOR","playtime":4892,"items_purged":["Strike_G","Defend_G"],"score":837,"play_id":"65fa2b76-2aa9-4770-82e1-76e3c487fc51","local_time":"20210224140050","is_ascension_mode":true,"campfire_choices":[{"floor":7,"key":"REST"},{"data":"Cloak And Dagger","floor":10,"key":"SMITH"},{"data":"Accuracy","floor":15,"key":"SMITH"},{"floor":27,"key":"REST"},{"floor":29,"key":"REST"},{"floor":32,"key":"REST"},{"floor":40,"key":"REST"},{"data":"Envenom","floor":45,"key":"SMITH"},{"floor":49,"key":"REST"}],"circlet_count":0,"master_deck":["Strike_G","Strike_G+1","Strike_G","Strike_G","Defend_G","Defend_G","Defend_G+1","Defend_G","Survivor","Neutralize","Slice","Blade Dance","Cloak And Dagger+1","Accuracy+1","Blur","Accuracy","Accuracy","Envenom+1","Dodge and Roll+1","Backflip+1","Calculated Gamble+1","Dodge and Roll+1","PiercingWail","Wraith Form v2","Cloak And Dagger","PiercingWail","Wraith Form v2","Cloak And Dagger","Tactician+1","Acrobatics+1","Accuracy","Phantasmal Killer","Doubt","Blade Dance","Calculated Gamble"],"relics":["Runic Pyramid","Sundial","Ornamental Fan","Bottled Tornado","HoveringKite","Bronze Scales","Happy Flower","Lantern","Cursed Key","The Specimen","Pen Nib","Ninja Scroll","Ancient Tea Set"],"acts_visited":["Exordium","TheCity","TheBeyond"],"potions_floor_usage":[6,16,22,23,23,33,38,41,44,46,47],"damage_taken":[{"damage":0,"enemies":"Jaw Worm","floor":1,"turns":4},{"damage":0,"enemies":"2 Louse","floor":4,"turns":2},{"damage":0,"enemies":"Cultist","floor":5,"turns":3},{"damage":17,"enemies":"Lagavulin","floor":6,"turns":6},{"damage":2,"enemies":"Looter","floor":8,"turns":3},{"damage":1,"enemies":"2 Fungi Beasts","floor":11,"turns":3},{"damage":13,"enemies":"Exordium Thugs","floor":12,"turns":4},{"damage":3,"enemies":"Large Slime","floor":13,"turns":4},{"damage":6,"enemies":"Hexaghost","floor":16,"turns":6},{"damage":3,"enemies":"Chosen","floor":18,"turns":4},{"damage":5,"enemies":"Spheric Guardian","floor":19,"turns":3},{"damage":5,"enemies":"3 Cultists","floor":21,"turns":5},{"damage":11,"enemies":"Shelled Parasite and Fungi","floor":22,"turns":3},{"damage":9,"enemies":"Book of Stabbing","floor":23,"turns":4},{"damage":22,"enemies":"Snake Plant","floor":24,"turns":4},{"damage":6,"enemies":"3 Cultists","floor":25,"turns":6},{"damage":16,"enemies":"Shelled Parasite and Fungi","floor":28,"turns":4},{"damage":19,"enemies":"Sentry and Sphere","floor":30,"turns":8},{"damage":23,"enemies":"Collector","floor":33,"turns":8},{"damage":20,"enemies":"3 Darklings","floor":35,"turns":8},{"damage":0,"enemies":"Orb Walker","floor":36,"turns":4},{"damage":5,"enemies":"Writhing Mass","floor":37,"turns":7},{"damage":11,"enemies":"Transient","floor":38,"turns":5},{"damage":6,"enemies":"Mind Bloom Boss Battle","floor":39,"turns":7},{"damage":12,"enemies":"Spire Growth","floor":41,"turns":5},{"damage":5,"enemies":"4 Shapes","floor":44,"turns":5},{"damage":2,"enemies":"Giant Head","floor":46,"turns":5},{"damage":0,"enemies":"Maw","floor":47,"turns":6},{"damage":42,"enemies":"Time Eater","floor":50,"turns":9}],"seed_played":"4864165247895319262","potions_obtained":[{"floor":5,"key":"Fire Potion"},{"floor":11,"key":"PowerPotion"},{"floor":13,"key":"Explosive Potion"},{"floor":19,"key":"BlessingOfTheForge"},{"floor":25,"key":"Swift Potion"},{"floor":28,"key":"Poison Potion"},{"floor":36,"key":"Dexterity Potion"},{"floor":37,"key":"SneckoOil"},{"floor":39,"key":"FearPotion"},{"floor":41,"key":"Fire Potion"},{"floor":44,"key":"Poison Potion"}],"is_trial":false,"path_per_floor":["M","?","?","M","M","E","R","M","T","R","M","M","M","?","R","B",null,"M","M","$","M","M","E","M","M","T","R","M","R","M","$","R","B",null,"M","M","M","M","?","R","M","$","T","M","R","E","M","?","R","B",null],"character_chosen":"THE_SILENT","items_purchased":["Bronze Scales","Energy Potion","Cloak And Dagger","PiercingWail","Pen Nib","Phantasmal Killer"],"campfire_rested":6,"item_purchase_floors":[20,20,31,31,42,42],"current_hp_per_floor":[70,56,44,44,44,27,48,46,46,46,45,32,29,29,29,23,70,67,62,62,57,46,37,15,9,9,30,14,35,16,16,37,14,70,50,50,45,34,28,49,37,37,37,32,32,30,30,30,51,9],"gold":92,"neow_bonus":"BOSS_RELIC","is_daily":false,"chose_seed":false,"campfire_upgraded":3,"win_rate":0.0,"timestamp":1614142850,"path_taken":["M","?","?","M","M","E","R","M","T","R","M","M","?","?","R","BOSS","M","M","$","M","M","E","M","M","T","R","M","R","?","$","R","BOSS","M","M","M","M","?","R","M","$","T","M","R","E","M","?","R","BOSS"],"items_purchased_type":["Relic","Potion","Card","Card","Relic","Card"],"build_version":"2020-12-22","purchased_purges":2,"victory":true,"max_hp_per_floor":[70,70,70,70,70,70,70,70,70,70,70,70,70,70,70,70,70,70,70,70,70,70,70,70,70,70,70,70,70,70,70,70,70,70,70,70,70,70,70,70,70,70,70,70,70,70,70,70,70,70],"card_choices":[{"not_picked":["Outmaneuver","Dodge and Roll"],"picked":"Slice","floor":1},{"not_picked":["Catalyst","Caltrops"],"picked":"Bane","floor":4},{"not_picked":["Acrobatics","Quick Slash"],"picked":"Blade Dance","floor":5},{"not_picked":["Prepared","Dagger Throw"],"picked":"Cloak And Dagger","floor":6},{"not_picked":["Acrobatics","Backstab"],"picked":"Accuracy","floor":8},{"not_picked":["Outmaneuver","Skewer"],"picked":"Blur","floor":11},{"not_picked":["PiercingWail","Cloak And Dagger"],"picked":"Accuracy","floor":12},{"not_picked":["Catalyst","Poisoned Stab"],"picked":"Accuracy","floor":13},{"not_picked":["Grand Finale","Unload"],"picked":"Envenom","floor":16},{"not_picked":["Choke","Dagger Spray","Riddle With Holes+1"],"picked":"SKIP","floor":18},{"not_picked":["Sucker Punch","Choke"],"picked":"Dodge and Roll+1","floor":19},{"not_picked":["Flying Knee","Poisoned Stab+1"],"picked":"Backflip+1","floor":21},{"not_picked":["Deflect","Dodge and Roll"],"picked":"Calculated Gamble+1","floor":22},{"not_picked":["Underhanded Strike+1","Noxious Fumes"],"picked":"Dodge and Roll+1","floor":23},{"not_picked":["Setup","Well Laid Plans+1"],"picked":"PiercingWail","floor":24},{"not_picked":["Sucker Punch","Slice","Dash"],"picked":"SKIP","floor":25},{"not_picked":["Dagger Spray","Blade Dance"],"picked":"Wraith Form v2","floor":28},{"not_picked":["Reflex","Backflip+1","Quick Slash"],"picked":"SKIP","floor":30},{"not_picked":["Die Die Die","Glass Knife"],"picked":"Wraith Form v2","floor":33},{"not_picked":["PiercingWail","Poisoned Stab","Backflip+1"],"picked":"SKIP","floor":35},{"not_picked":["Dagger Throw+1","Bane+1"],"picked":"Cloak And Dagger","floor":36},{"not_picked":["Masterful Stab","Reflex","Dodge and Roll"],"picked":"SKIP","floor":37},{"not_picked":["Malaise","Masterful Stab"],"picked":"Tactician+1","floor":38},{"not_picked":["Backflip","Dagger Spray"],"picked":"Acrobatics+1","floor":39},{"not_picked":["Underhanded Strike","Dagger Spray"],"picked":"Accuracy","floor":41},{"not_picked":["Deadly Poison","Outmaneuver+1"],"picked":"Blade Dance","floor":44},{"not_picked":["Tactician","Poisoned Stab+1","Acrobatics"],"picked":"SKIP","floor":46},{"not_picked":["Expertise+1","Deflect+1"],"picked":"Calculated Gamble","floor":47}],"player_experience":508097,"relics_obtained":[{"floor":6,"key":"Ornamental Fan"},{"floor":9,"key":"Bottled Tornado"},{"floor":23,"key":"Happy Flower"},{"floor":26,"key":"Lantern"},{"floor":39,"key":"The Specimen"},{"floor":43,"key":"Ninja Scroll"},{"floor":46,"key":"Ancient Tea Set"}],"event_choices":[{"damage_healed":0,"gold_gain":0,"player_choice":"Entered Light","damage_taken":14,"max_hp_gain":0,"max_hp_loss":0,"event_name":"Shining Light","floor":2,"gold_loss":0,"cards_upgraded":["Strike_G","Defend_G"]},{"damage_healed":0,"gold_gain":0,"player_choice":"Success","damage_taken":12,"relics_obtained":["Sundial"],"max_hp_gain":0,"max_hp_loss":0,"event_name":"Scrap Ooze","floor":3,"gold_loss":0},{"damage_healed":0,"gold_gain":0,"cards_transformed":["Bane"],"player_choice":"Transformed","damage_taken":0,"max_hp_gain":0,"max_hp_loss":0,"event_name":"Transmorgrifier","floor":14,"gold_loss":0,"cards_obtained":["Dash"]},{"damage_healed":0,"gold_gain":0,"player_choice":"Fight","damage_taken":0,"max_hp_gain":0,"max_hp_loss":0,"event_name":"MindBloom","floor":39,"gold_loss":0},{"cards_removed":["Dash"],"damage_healed":0,"gold_gain":0,"player_choice":"Removed Attack","damage_taken":0,"max_hp_gain":0,"max_hp_loss":0,"event_name":"Falling","floor":48,"gold_loss":0}],"is_beta":false,"boss_relics":[{"not_picked":["Ectoplasm","Runic Dome"],"picked":"HoveringKite"},{"not_picked":["Pandora\u0027s Box","Empty Cage"],"picked":"Cursed Key"}],"items_purged_floors":[20,31],"is_endless":false,"potions_floor_spawned":[5,11,13,19,21,25,28,36,37,39,41,44],"ascension_level":3}}