{"host":"mithrandi","time":1614182632,"event":{"mods":["BaseMod","Colored Map","Highlight Path","Minty Spire (QoL Compilation)","SuperFastMode"],"gold_per_floor":[360,360,360,24,56,56,107,7,32,100,100,100,100,142,142,240,240,278,31,6,48,88,88,164,164,219,259,259,259],"floor_reached":28,"language":"ENG","playtime":1320,"items_purged":["Strike_P","Strike_P"],"score":488,"play_id":"c0c7a683-d925-48bf-be59-ebf94cc666ba","local_time":"20210224180352","is_ascension_mode":true,"campfire_choices":[{"floor":6.0,"key":"REST"},{"floor":11.0,"key":"REST"},{"data":"HandOfGreed","floor":13.0,"key":"SMITH"},{"data":"Vengeance","floor":15.0,"key":"SMITH"},{"floor":23.0,"key":"REST"},{"floor":25.0,"key":"REST"}],"circlet_count":0,"master_deck":["AscendersBane","Strike_P","Strike_P+1","Defend_P","Defend_P","Defend_P","Defend_P","Eruption","Vigilance+1","Vengeance+1","HandOfGreed+1","SashWhip","BowlingBash","FollowUp","InnerPeace","FearNoEvil","Vault","EmptyMind","Wallop","JustLucky","Tantrum","Consecrate","TalkToTheHand","EmptyBody"],"relics":["PureWater","Art of War","Boot","Bottled Lightning","Black Star","ClockworkSouvenir","Pantograph","TungstenRod","Anchor"],"acts_visited":["Exordium","TheCity"],"potions_floor_usage":[28],"damage_taken":[{"damage":9.0,"enemies":"Small Slimes","floor":1.0,"turns":4.0},{"damage":0.0,"enemies":"Jaw Worm","floor":5.0,"turns":2.0},{"damage":6.0,"enemies":"Gremlin Nob","floor":7.0,"turns":3.0},{"damage":33.0,"enemies":"3 Sentries","floor":10.0,"turns":8.0},{"damage":0.0,"enemies":"Cultist","floor":14.0,"turns":2.0},{"damage":23.0,"enemies":"The Guardian","floor":16.0,"turns":8.0},{"damage":0.0,"enemies":"Chosen","floor":18.0,"turns":2.0},{"damage":15.0,"enemies":"2 Thieves","floor":21.0,"turns":3.0},{"damage":27.0,"enemies":"Cultist and Chosen","floor":22.0,"turns":5.0},{"damage":26.0,"enemies":"Slavers","floor":24.0,"turns":6.0},{"damage":12.0,"enemies":"Snake Plant","floor":27.0,"turns":5.0},{"damage":42,"enemies":"Book of Stabbing","floor":28,"turns":3}],"seed_played":"851368689651872905","potions_obtained":[{"floor":1.0,"key":"Explosive Potion"},{"floor":5.0,"key":"Energy Potion"},{"floor":12.0,"key":"EssenceOfSteel"},{"floor":12.0,"key":"Strength Potion"},{"floor":16.0,"key":"BottledMiracle"},{"floor":21.0,"key":"SteroidPotion"},{"floor":22.0,"key":"Fruit Juice"},{"floor":27.0,"key":"ColorlessPotion"}],"is_trial":false,"path_per_floor":["M","?","?","$","M","R","E","$","T","E","R","?","R","M","R","B",null,"M","$","$","M","M","R","E","R","T","M","E"],"character_chosen":"WATCHER","items_purchased":["HandOfGreed","SashWhip","Wallop","ClockworkSouvenir","JustLucky"],"campfire_rested":4,"item_purchase_floors":[4,4,19,19,20],"current_hp_per_floor":[52,45,25,25,25,44,38,38,38,5,24,24,24,24,24,1,49,49,49,49,34,7,26,5,26,26,14,0,0],"gold":259,"neow_bonus":"TWO_FIFTY_GOLD","is_daily":false,"chose_seed":false,"campfire_upgraded":2,"win_rate":0.0,"timestamp":1614182632,"path_taken":["M","?","?","$","M","R","E","$","T","E","R","?","R","M","R","BOSS","M","?","$","M","M","R","E","R","T","M","E"],"items_purchased_type":["Card","Card","Card","Relic","Card"],"build_version":"2020-12-18","purchased_purges":2,"victory":false,"max_hp_per_floor":[68,65,65,65,65,65,65,65,65,65,65,65,65,65,65,65,65,65,65,65,65,65,65,70,70,70,70,70,70],"card_choices":[{"not_picked":["FlyingSleeves","InnerPeace"],"picked":"Vengeance","floor":1.0},{"not_picked":["EmptyFist","FlurryOfBlows"],"picked":"BowlingBash","floor":5.0},{"not_picked":["Halt","SandsOfTime"],"picked":"FollowUp","floor":7.0},{"not_picked":["LikeWater","CutThroughFate"],"picked":"InnerPeace","floor":10.0},{"not_picked":["ClearTheMind","MentalFortress"],"picked":"FearNoEvil","floor":14.0},{"not_picked":["ConjureBlade","Establishment"],"picked":"Vault","floor":16.0},{"not_picked":["Swivel+1","FearNoEvil+1"],"picked":"EmptyMind","floor":18.0},{"not_picked":["BattleHymn","ClearTheMind"],"picked":"Tantrum","floor":21.0},{"not_picked":["CutThroughFate+1","Crescendo"],"picked":"Consecrate","floor":22.0},{"not_picked":["Wallop","LikeWater"],"picked":"TalkToTheHand","floor":24.0},{"not_picked":["ThirdEye","JustLucky"],"picked":"EmptyBody","floor":27.0}],"player_experience":3111846,"relics_obtained":[{"floor":7.0,"key":"Art of War"},{"floor":9.0,"key":"Boot"},{"floor":10.0,"key":"Bottled Lightning"},{"floor":24.0,"key":"Pantograph"},{"floor":24.0,"key":"TungstenRod"},{"floor":26.0,"key":"Anchor"}],"event_choices":[{"cards_removed":["Parasite"],"damage_healed":0.0,"max_hp_gain":0.0,"max_hp_loss":0.0,"gold_gain":0.0,"event_name":"Golden Wing","player_choice":"Card Removal","floor":2.0,"gold_loss":0.0,"damage_taken":7.0},{"damage_healed":0.0,"max_hp_gain":0.0,"max_hp_loss":0.0,"gold_gain":0.0,"event_name":"Shining Light","player_choice":"Entered Light","floor":3.0,"gold_loss":0.0,"damage_taken":20.0,"cards_upgraded":["Strike_P","Vigilance"]},{"damage_healed":0.0,"max_hp_gain":0.0,"max_hp_loss":0.0,"gold_gain":0.0,"event_name":"Lab","player_choice":"Got Potions","floor":12.0,"gold_loss":0.0,"damage_taken":0.0}],"is_beta":true,"boss_relics":[{"not_picked":["SacredBark","Coffee Dripper"],"picked":"Black Star"}],"items_purged_floors":[4,8],"is_endless":false,"potions_floor_spawned":[1,5,16,21,22,27],"killed_by":"Book of Stabbing","ascension_level":20}}