{"host":"auii0tli5ebhxikt","time":1614152025,"event":{"mods":["ATMod(°¢èªMod)","BaseMod","Downfall","Energized Spire","Library of Ruina","Minty Spire (QoL Compilation)","Quick Restart","Relic Stats","Reliquary","Replay The Spire","Spicy Shops","StSLib","The Marked","[IsaacMod]ÒÔÈö¼âËþ","¡¾ÒÅÎï¿¨ÅÆ¡¿REMEMod"],"gold_per_floor":[114,134,152,164,184,184,211,211,211,228,73,103,103,103,103,115,115,215,215,196,210,251,104,123,123,157,168,168,182,199,67,79,89,89,184,184,201,270,281,322,80,80,126,126,150,162,182,198,198,53,53,53],"floor_reached":53,"language":"ZHS","playtime":3585,"items_purged":["Parasite"],"score":852,"play_id":"3e6dcecf-1385-488b-bfcb-776d26a7757e","local_time":"20210224153345","is_ascension_mode":true,"campfire_choices":[{"floor":6,"key":"RECALL"},{"data":"AT_KneejerkReflex","floor":15,"key":"SMITH"},{"data":"Setup","floor":17,"key":"SMITH"},{"data":"After Image","floor":25,"key":"SMITH"},{"floor":34,"key":"REST"},{"floor":42,"key":"REST"},{"floor":49,"key":"REST"},{"data":"A Thousand Cuts","floor":51,"key":"SMITH"}],"circlet_count":0,"master_deck":["Strike_G","Strike_G","Strike_G","Strike_G","Strike_G","Defend_G","Defend_G","Defend_G","Defend_G","Defend_G","Survivor","Neutralize+1","AT_ShrugMaster+1","Quick Slash","Hidden Blade","Setup+1","AT_KneejerkReflex+1","ReplayTheSpireMod:Scrap Shanks","Cloak And Dagger","After Image+1","Deflect+1","Prepared","AT_WindFlip+1","ReplayTheSpireMod:Scrap Shanks","AT_FocusSwordFire","CommonCold","ReplayTheSpireMod:Speed Training+1","Tools of the Trade","A Thousand Cuts+1","Prepared","Deflect"],"relics":["AT_ATBox","HushsDoor","REME_ComplimentaryCards","Leech","REME_ChargedStone","Gambling Chip","AT_RedTearstoneRing","Letter Opener","reliquary:Buckler","Durian","reliquary:KinkedSpring","AT_ChloranthyRing","reliquary:ExpiredCoupon","reliquary:Sod","Counterbalance","ReplayTheSpireMod:CursedCoin","Pear","Busted Crown","reliquary:QuartzCube","AT_TimeSand","PageOfFairyFestival","Ring of Panic","reliquary:Knoch","Nunchaku"],"acts_visited":["Exordium","TheCity","TheBeyond"],"potions_floor_usage":[18,18,35,40,46,52,52],"damage_taken":[{"damage":0,"enemies":"Cultist","floor":1,"turns":3},{"damage":2,"enemies":"Jaw Worm","floor":2,"turns":3},{"damage":2,"enemies":"2 Louse","floor":3,"turns":3},{"damage":8,"enemies":"Gremlin Gang","floor":4,"turns":7},{"damage":2,"enemies":"Exordium Wildlife","floor":5,"turns":6},{"damage":11,"enemies":"Lagavulin","floor":7,"turns":8},{"damage":0,"enemies":"3 Louse","floor":10,"turns":3},{"damage":0,"enemies":"Gremlin Nob","floor":12,"turns":4},{"damage":0,"enemies":"Blue Slaver","floor":16,"turns":3},{"damage":4,"enemies":"The Guardian","floor":18,"turns":9},{"damage":10,"enemies":"2 Thieves","floor":20,"turns":4},{"damage":0,"enemies":"Spheric Guardian","floor":21,"turns":4},{"damage":5,"enemies":"Centurion and Healer","floor":24,"turns":12},{"damage":8,"enemies":"Gremlin Leader","floor":26,"turns":9},{"damage":14,"enemies":"Snake Plant","floor":27,"turns":5},{"damage":13,"enemies":"Shelled Parasite and Fungi","floor":29,"turns":4},{"damage":8,"enemies":"Centurion and Healer","floor":30,"turns":3},{"damage":0,"enemies":"Sentry and Sphere","floor":32,"turns":3},{"damage":17,"enemies":"Snake Plant","floor":33,"turns":6},{"damage":3,"enemies":"Champ","floor":35,"turns":9},{"damage":0,"enemies":"3 Darklings","floor":37,"turns":3},{"damage":14,"enemies":"Orb Walker","floor":39,"turns":3},{"damage":29,"enemies":"Transient","floor":40,"turns":5},{"damage":33,"enemies":"2 Orb Walkers","floor":43,"turns":4},{"damage":0,"enemies":"Maw","floor":46,"turns":6},{"damage":0,"enemies":"Sphere and 2 Shapes","floor":47,"turns":3},{"damage":15,"enemies":"Jaw Worm Horde","floor":48,"turns":3},{"damage":18,"enemies":"Awakened One","floor":52,"turns":10}],"seed_played":"-2440364587042519553","potions_obtained":[{"floor":2,"key":"Milkshake"},{"floor":4,"key":"BlessingOfTheForge"},{"floor":10,"key":"Explosive Potion"},{"floor":12,"key":"DistilledChaos"},{"floor":26,"key":"SkillPotion"},{"floor":27,"key":"Ancient Potion"},{"floor":38,"key":"champ:CounterPotion"},{"floor":39,"key":"REME_GoldPotion"},{"floor":40,"key":"Swift Potion"},{"floor":46,"key":"PowerPotion"}],"is_trial":false,"path_per_floor":["M","M","M","M","M","R","E","?","T","M","$","E","PTL","PTL","R","M","R","B",null,"M","M","?","$","M","R","E","M","T","M","M","$","M","M","R","B",null,"M","?","M","M","$","R","?","?","T","M","M","M","R","$","R","B",null],"character_chosen":"THE_SILENT","items_purchased":["reliquary:Buckler","AT_ChloranthyRing","Counterbalance","ReplayTheSpireMod:CursedCoin","Pear","AT_TimeSand","Nunchaku"],"campfire_rested":3,"item_purchase_floors":[11,23,31,31,31,41,50],"current_hp_per_floor":[70,69,70,67,70,70,62,62,62,65,65,73,73,73,73,75,75,71,75,68,71,56,56,57,57,55,45,45,35,29,39,41,29,53,56,82,82,62,50,26,26,50,20,20,20,25,27,44,68,68,68,82],"gold":53,"neow_bonus":"BOSS_RELIC","is_daily":false,"chose_seed":false,"campfire_upgraded":4,"win_rate":0.0,"timestamp":1614152025,"path_taken":["M","M","M","?","M","R","E","?","T","?","$","E","PTL","PTL","R","M","R","BOSS","M","M","?","?","M","R","E","M","T","M","M","$","?","M","R","BOSS","M","?","?","M","?","R","?","?","T","M","M","M","R","$","R","BOSS"],"items_purchased_type":["Relic","Relic","Relic","Relic","Relic","Relic","Relic"],"build_version":"2020-12-22","purchased_purges":1,"victory":true,"max_hp_per_floor":[70,70,70,70,70,70,70,70,70,70,70,75,75,75,75,75,75,75,75,75,75,75,75,75,75,75,75,75,75,75,82,82,82,82,82,82,82,82,82,82,82,82,82,82,82,82,82,82,82,82,82,82],"relic_stats":{"Nunchaku":[7],"Busted Crown":18,"counters":[28,145],"Gambling Chip":[37],"Letter Opener":[572],"obtain_stats":[{"AT_ATBox":0,"REME_ChargedStone":0,"AT_TimeSand":41,"reliquary:QuartzCube":38,"Leech":0,"Nunchaku":50,"PageOfFairyFestival":43,"Gambling Chip":7,"reliquary:Buckler":11,"Ring of Panic":44,"Ring of the Snake":0,"KeepersGift":0,"AT_ChloranthyRing":23,"AT_RedTearstoneRing":8,"Pear":31,"ReplayTheSpireMod:CursedCoin":31,"Counterbalance":31,"Letter Opener":9,"reliquary:KinkedSpring":19,"reliquary:Sod":28,"reliquary:ExpiredCoupon":26,"Busted Crown":36,"Durian":12,"reliquary:Knoch":45,"HushsDoor":0,"REME_ComplimentaryCards":0},{"AT_ATBox":0,"REME_ChargedStone":0,"AT_TimeSand":23,"reliquary:QuartzCube":21,"Leech":0,"Nunchaku":27,"PageOfFairyFestival":24,"Gambling Chip":6,"reliquary:Buckler":7,"Ring of Panic":24,"Ring of the Snake":0,"KeepersGift":0,"AT_ChloranthyRing":12,"AT_RedTearstoneRing":6,"Pear":17,"ReplayTheSpireMod:CursedCoin":17,"Counterbalance":17,"Letter Opener":6,"reliquary:KinkedSpring":10,"reliquary:Sod":15,"reliquary:ExpiredCoupon":14,"Busted Crown":20,"Durian":8,"reliquary:Knoch":24,"HushsDoor":0,"REME_ComplimentaryCards":0},{"AT_ATBox":0,"REME_ChargedStone":0,"AT_TimeSand":119,"reliquary:QuartzCube":111,"Leech":0,"Nunchaku":135,"PageOfFairyFestival":123,"Gambling Chip":30,"reliquary:Buckler":33,"Ring of Panic":123,"Ring of the Snake":0,"KeepersGift":0,"AT_ChloranthyRing":57,"AT_RedTearstoneRing":30,"Pear":90,"ReplayTheSpireMod:CursedCoin":90,"Counterbalance":90,"Letter Opener":30,"reliquary:KinkedSpring":49,"reliquary:Sod":83,"reliquary:ExpiredCoupon":78,"Busted Crown":108,"Durian":37,"reliquary:Knoch":123,"HushsDoor":0,"REME_ComplimentaryCards":0}]},"card_choices":[{"not_picked":["Flying Knee","REME_GreenPollution"],"picked":"Quick Slash","floor":1},{"not_picked":["Dagger Throw","Deadly Poison","Bomb"],"picked":"SKIP","floor":2},{"not_picked":["AT_FocusSwordFire","ReplayTheSpireMod:Exploit Weakness"],"picked":"Hidden Blade","floor":3},{"not_picked":["Poisoned Stab","Deadly Poison"],"picked":"Setup","floor":4},{"not_picked":["Bane","AT_WindFlip","Tools of the Trade"],"picked":"SKIP","floor":5},{"not_picked":["Escape Plan","Backflip"],"picked":"AT_KneejerkReflex","floor":7},{"not_picked":["Hidden Blade","Deadly Poison"],"picked":"ReplayTheSpireMod:Scrap Shanks","floor":10},{"not_picked":["Hidden Blade","Slice","Dodge and Roll"],"picked":"SKIP","floor":12},{"not_picked":["Underhanded Strike","Outmaneuver"],"picked":"Cloak And Dagger","floor":16},{"not_picked":["Phantasmal Killer","Storm of Steel"],"picked":"After Image","floor":18},{"not_picked":["Backflip+1","Deadly Poison","PiercingWail"],"picked":"SKIP","floor":20},{"not_picked":["Hidden Blade+1","Bane"],"picked":"Deflect+1","floor":21},{"not_picked":["Blur","PiercingWail","Poisoned Stab"],"picked":"SKIP","floor":24},{"not_picked":["Deflect","PiercingWail"],"picked":"Prepared","floor":26},{"not_picked":["AT_TwilightShroud+1","Caltrops"],"picked":"AT_WindFlip+1","floor":27},{"not_picked":["Escape Plan+1","PiercingWail+1"],"picked":"ReplayTheSpireMod:Scrap Shanks","floor":29},{"not_picked":["Backflip","Dagger Throw"],"picked":"AT_FocusSwordFire","floor":30},{"not_picked":["Outmaneuver+1","Deflect"],"picked":"ReplayTheSpireMod:Speed Training+1","floor":32},{"not_picked":["Prepared+1","Blade Dance+1"],"picked":"Tools of the Trade","floor":33},{"not_picked":["Replay:Bag of Tricks","Glass Knife"],"picked":"A Thousand Cuts","floor":35},{"not_picked":[],"picked":"Prepared","floor":37},{"not_picked":["Hidden Blade"],"picked":"SKIP","floor":39},{"not_picked":["Flying Knee"],"picked":"SKIP","floor":40},{"not_picked":["Bouncing Flask"],"picked":"SKIP","floor":46},{"not_picked":["Dagger Throw+1"],"picked":"SKIP","floor":47},{"not_picked":[],"picked":"Deflect","floor":48}],"player_experience":147536,"relics_obtained":[{"floor":7,"key":"Gambling Chip"},{"floor":9,"key":"Letter Opener"},{"floor":12,"key":"Durian"},{"floor":26,"key":"reliquary:ExpiredCoupon"},{"floor":28,"key":"reliquary:Sod"},{"floor":38,"key":"reliquary:QuartzCube"},{"floor":43,"key":"PageOfFairyFestival"},{"floor":44,"key":"Ring of Panic"},{"floor":45,"key":"reliquary:Knoch"}],"event_choices":[{"damage_healed":0,"gold_gain":0,"player_choice":"Gave Potion","damage_taken":0,"relics_obtained":["AT_RedTearstoneRing"],"max_hp_gain":0,"max_hp_loss":0,"event_name":"WeMeetAgain","floor":8,"gold_loss":0},{"damage_healed":0,"gold_gain":0,"player_choice":"Fight","damage_taken":0,"max_hp_gain":0,"max_hp_loss":0,"event_name":"Mysterious Sphere","floor":43,"gold_loss":0}],"is_beta":false,"boss_relics":[{"not_picked":["Replay:Bronze Core","HoveringKite"],"picked":"reliquary:KinkedSpring"},{"not_picked":[]},{"not_picked":["reliquary:Craggleroot","ReplayTheSpireMod:DimensionalGlitch"],"picked":"Busted Crown"},{"not_picked":[]}],"items_purged_floors":[31],"is_endless":false,"potions_floor_spawned":[2,4,10,12,26,27,32,39,40,46,48],"ascension_level":3}}