{"host":"7jxhn92mkgyil7o5","time":1614152998,"event":{"mods":["BaseMod","Colored Map","Colored Powertips","Friendly Minions","Hermit","Kiyohime????","Marisa????????","Minty Spire (QoL Compilation)","Permanent Neow","StSLib","The Cursed","The Disciple","The Hierophant","The Poker Player","The Runesmith"],"gold_per_floor":[119,135,155,155,155,155,188,188,188,221,245,257,269,320,332,438,450,480,492,504,539,572,584,596,596],"floor_reached":24,"language":"ENG","playtime":1004,"items_purged":[],"score":428,"play_id":"2dff1bc9-4676-4e56-9099-3f7d9e73252d","local_time":"20210224084958","is_ascension_mode":true,"campfire_choices":[{"data":"Skewer","floor":6.0,"key":"SMITH"},{"floor":8.0,"key":"REST"},{"data":"Footwork","floor":15.0,"key":"SMITH"},{"data":"Wraith Form v2","floor":23.0,"key":"SMITH"}],"circlet_count":0,"master_deck":["AscendersBane","Strike_G","Strike_G","Strike_G+1","Strike_G","Defend_G","Defend_G","Defend_G","Defend_G","Defend_G","Survivor","Neutralize+1","PiercingWail","Backflip","Footwork+1","Skewer+1","PiercingWail","Noxious Fumes","PiercingWail","Night Terror","Terror","Wraith Form v2+1","J.A.X.","Expertise+1"],"relics":["Ring of the Snake","Prayer Wheel","StrikeDummy","Pen Nib","MawBank","Golden Idol","Blood Vial","Busted Crown","Pantograph"],"acts_visited":["Exordium","TheCity"],"potions_floor_usage":[],"damage_taken":[{"damage":0.0,"enemies":"2 Louse","floor":1.0,"turns":3.0},{"damage":0.0,"enemies":"Jaw Worm","floor":2.0,"turns":6.0},{"damage":0.0,"enemies":"Small Slimes","floor":3.0,"turns":3.0},{"damage":31.0,"enemies":"Lagavulin","floor":7.0,"turns":14.0},{"damage":6.0,"enemies":"3 Sentries","floor":10.0,"turns":7.0},{"damage":1.0,"enemies":"Exordium Wildlife","floor":11.0,"turns":3.0},{"damage":14.0,"enemies":"Gremlin Nob","floor":14.0,"turns":4.0},{"damage":18.0,"enemies":"Hexaghost","floor":16.0,"turns":13.0},{"damage":2.0,"enemies":"Chosen","floor":18.0,"turns":5.0},{"damage":6.0,"enemies":"3 Byrds","floor":21.0,"turns":6.0},{"damage":6.0,"enemies":"Snecko","floor":22.0,"turns":3.0},{"damage":0,"enemies":"Book of Stabbing","floor":24,"turns":1}],"seed_played":"-9011660460404650796","potions_obtained":[{"floor":2.0,"key":"Regen Potion"},{"floor":3.0,"key":"Dexterity Potion"},{"floor":11.0,"key":"Weak Potion"},{"floor":18.0,"key":"SteroidPotion"},{"floor":22.0,"key":"ColorlessPotion"}],"is_trial":false,"path_per_floor":["M","M","M","?","?","R","E","R","T","E","M","?","?","E","R","B",null,"M","?","T","M","M","R","E"],"character_chosen":"THE_SILENT","items_purchased":[],"campfire_rested":1,"item_purchase_floors":[],"current_hp_per_floor":[59,59,59,41,46,46,30,49,49,43,42,42,35,21,21,5,46,46,46,46,42,38,38,40,40],"gold":596,"neow_bonus":"ONE_RARE_RELIC","is_daily":false,"chose_seed":false,"campfire_upgraded":3,"win_rate":0.0,"timestamp":1614152998,"path_taken":["M","M","M","?","?","R","E","R","T","E","M","?","?","E","R","BOSS","M","?","?","M","M","R","E"],"items_purchased_type":[],"build_version":"2020-12-22","purchased_purges":0,"victory":false,"max_hp_per_floor":[60,60,60,60,65,65,65,65,65,65,65,59,59,59,59,59,59,59,59,59,59,59,59,59,59],"card_choices":[{"not_picked":["Underhanded Strike","Outmaneuver"],"picked":"PiercingWail","floor":1.0},{"not_picked":["Bane","Setup"],"picked":"Backflip","floor":1.0},{"not_picked":["Flechettes","Prepared"],"picked":"Footwork","floor":2.0},{"not_picked":["Terror","Poisoned Stab"],"picked":"Skewer","floor":2.0},{"not_picked":["Sucker Punch","Prepared"],"picked":"PiercingWail","floor":3.0},{"not_picked":["Prepared","Underhanded Strike","Bane"],"picked":"SKIP","floor":3.0},{"not_picked":["Heel Hook","Masterful Stab"],"picked":"Noxious Fumes","floor":7.0},{"not_picked":["Finisher","Sucker Punch"],"picked":"PiercingWail","floor":10.0},{"not_picked":["PiercingWail","Poisoned Stab"],"picked":"Night Terror","floor":11.0},{"not_picked":["Backstab","Dagger Throw","Slice"],"picked":"SKIP","floor":11.0},{"not_picked":["Tactician","Slice"],"picked":"Terror","floor":14.0},{"not_picked":["Unload","Night Terror"],"picked":"Wraith Form v2","floor":16.0},{"not_picked":["Underhanded Strike"],"picked":"SKIP","floor":18.0},{"not_picked":["Prepared"],"picked":"SKIP","floor":18.0},{"not_picked":[],"picked":"Expertise+1","floor":21.0},{"not_picked":["Underhanded Strike"],"picked":"SKIP","floor":21.0},{"not_picked":["Flying Knee"],"picked":"SKIP","floor":22.0},{"not_picked":["Masterful Stab"],"picked":"SKIP","floor":22.0}],"player_experience":2037933,"relics_obtained":[{"floor":7.0,"key":"StrikeDummy"},{"floor":9.0,"key":"Pen Nib"},{"floor":10.0,"key":"MawBank"},{"floor":14.0,"key":"Blood Vial"},{"floor":20.0,"key":"Pantograph"}],"event_choices":[{"damage_healed":0.0,"max_hp_gain":0.0,"max_hp_loss":0.0,"gold_gain":0.0,"event_name":"Shining Light","player_choice":"Entered Light","floor":4.0,"gold_loss":0.0,"damage_taken":18.0,"cards_upgraded":["Strike_G","Neutralize"]},{"damage_healed":0.0,"max_hp_gain":5.0,"max_hp_loss":0.0,"gold_gain":0.0,"event_name":"Big Fish","player_choice":"Donut","floor":5.0,"gold_loss":0.0,"damage_taken":0.0},{"damage_healed":0.0,"max_hp_gain":0.0,"max_hp_loss":6.0,"gold_gain":0.0,"event_name":"Golden Idol","player_choice":"Lose Max HP","floor":12.0,"gold_loss":0.0,"damage_taken":0.0,"relics_obtained":["Golden Idol"]},{"cards_removed":["Strike_G"],"damage_healed":0.0,"max_hp_gain":0.0,"max_hp_loss":0.0,"gold_gain":0.0,"event_name":"Golden Wing","player_choice":"Card Removal","floor":13.0,"gold_loss":0.0,"damage_taken":7.0},{"damage_healed":0.0,"max_hp_gain":0.0,"max_hp_loss":0.0,"gold_gain":0.0,"event_name":"Drug Dealer","player_choice":"Obtain J.A.X.","floor":19.0,"gold_loss":0.0,"damage_taken":0.0,"cards_obtained":["J.A.X."]}],"is_beta":false,"boss_relics":[{"not_picked":["Astrolabe","WristBlade"],"picked":"Busted Crown"}],"items_purged_floors":[],"is_endless":false,"potions_floor_spawned":[2,3,11,18,22],"killed_by":"Book of Stabbing","ascension_level":20}}