{"host":"pfkd6wr1s0kscfwd","time":1614197014,"event":{"mods":["AchievementEnabler","BaseMod","Colored Map","Colored Powertips","Downfall","Googly Eyes","Hermit","Minty Spire (QoL Compilation)","StSLib"],"gold_per_floor":[114,114,114,17,92,136,154,154,154,192,220,220,220,263,263,388,388,409,409,432,311,331,374,374,34,59,59,93,105,161,88,100,241,253,288,315,327,339,138,172,172,205,232,232,232,232,232,251,251,251],"floor_reached":51,"language":"ENG","playtime":4671,"items_purged":[],"score":868,"play_id":"5091777b-1769-4b24-a9eb-1183755b285f","local_time":"20210224210334","is_ascension_mode":true,"campfire_choices":[{"floor":8,"key":"REST"},{"floor":12,"key":"REST"},{"floor":15,"key":"REST"},{"floor":24,"key":"REST"},{"data":"Aggregate","floor":27,"key":"SMITH"},{"floor":29,"key":"REST"},{"floor":32,"key":"REST"},{"floor":41,"key":"REST"},{"floor":44,"key":"REST"},{"floor":46,"key":"REST"},{"data":"Seek","floor":49,"key":"SMITH"}],"circlet_count":0,"master_deck":["Defend_B","Defend_B","Defend_B","Zap","Dualcast","Cold Snap+1","Leap","Conserve Battery","Double Energy","Aggregate+1","Tempest","Seek+1","Chaos+1","BootSequence+1","Sweeping Beam+1","Static Discharge+1","Redo+1","Capacitor","Chill","Defragment+1","Stack","Cold Snap+1","Buffer","Chaos","Leap+1","Storm","Machine Learning","Cold Snap+1","Electrodynamics","Ball Lightning+1","Conserve Battery","Skim","Streamline+1","Auto Shields","Madness","Madness"],"relics":["Cracked Core","Golden Idol","Strawberry","Pantograph","Meat on the Bone","Odd Mushroom","Matryoshka","Astrolabe","Dream Catcher","Bronze Scales","Toy Ornithopter","Juzu Bracelet","MawBank","Orichalcum","Pen Nib","Busted Crown","Happy Flower","WingedGreaves","Centennial Puzzle","Oddly Smooth Stone","Whetstone","downfall:ExtraCursedKey"],"acts_visited":["Exordium","TheCity","TheBeyond"],"potions_floor_usage":[4,11,16,16,23,33,50,50],"damage_taken":[{"damage":10,"enemies":"2 Louse","floor":1,"turns":2},{"damage":25,"enemies":"3 Sentries","floor":6,"turns":8},{"damage":12,"enemies":"Small Slimes","floor":7,"turns":3},{"damage":13,"enemies":"Lagavulin","floor":10,"turns":6},{"damage":25,"enemies":"The Mushroom Lair","floor":11,"turns":5},{"damage":8,"enemies":"3 Sentries","floor":14,"turns":11},{"damage":87,"enemies":"Hexaghost","floor":16,"turns":15},{"damage":20,"enemies":"3 Byrds","floor":18,"turns":4},{"damage":12,"enemies":"Spheric Guardian","floor":20,"turns":4},{"damage":23,"enemies":"Cultist and Chosen","floor":22,"turns":6},{"damage":12,"enemies":"Gremlin Leader","floor":23,"turns":5},{"damage":50,"enemies":"Slavers","floor":28,"turns":4},{"damage":12,"enemies":"Book of Stabbing","floor":30,"turns":6},{"damage":4,"enemies":"Champ","floor":33,"turns":13},{"damage":0,"enemies":"3 Shapes","floor":35,"turns":4},{"damage":0,"enemies":"Orb Walker","floor":36,"turns":2},{"damage":58,"enemies":"Giant Head","floor":40,"turns":10},{"damage":56,"enemies":"Nemesis","floor":42,"turns":7},{"damage":5,"enemies":"Spire Growth","floor":48,"turns":5},{"damage":42,"enemies":"Awakened One","floor":50,"turns":11}],"seed_played":"8126223048227766431","potions_obtained":[{"floor":7,"key":"LiquidMemories"},{"floor":10,"key":"SteroidPotion"},{"floor":14,"key":"Swift Potion"},{"floor":16,"key":"SpeedPotion"},{"floor":19,"key":"Strength Potion"},{"floor":19,"key":"DuplicationPotion"},{"floor":19,"key":"Weak Potion"},{"floor":28,"key":"Energy Potion"},{"floor":35,"key":"FocusPotion"}],"is_trial":false,"path_per_floor":["M","?","?","$","?","E","M","R","T","E","?","R","?","E","R","B",null,"M","?","M","$","M","E","R","$","T","R","E","R","E","?","R","B",null,"M","M","?","?","$","E","R","E","T","R","?","R","?","M","R","B",null],"character_chosen":"DEFECT","items_purchased":["Fruit Juice","Capacitor","Chill","Bronze Scales","Buffer","Chaos","Happy Flower","Skim"],"campfire_rested":9,"item_purchase_floors":[4,21,21,25,25,25,39,39],"current_hp_per_floor":[58,58,51,56,45,27,15,43,43,30,17,45,45,49,77,19,94,74,74,62,62,51,51,79,79,79,79,41,69,57,57,85,90,94,94,94,94,94,94,48,76,32,32,60,48,76,76,71,71,52],"gold":251,"neow_bonus":"TWENTY_PERCENT_HP_BONUS","is_daily":false,"chose_seed":false,"campfire_upgraded":2,"win_rate":0.0,"timestamp":1614197014,"path_taken":["M","?","?","?","?","E","?","R","T","E","?","R","?","E","R","BOSS","M","?","M","$","M","E","R","$","T","R","E","R","E","?","R","BOSS","M","M","?","?","$","E","R","E","T","R","?","R","?","M","R","BOSS"],"items_purchased_type":["Potion","Card","Card","Relic","Card","Card","Relic","Card"],"build_version":"2020-12-22","purchased_purges":0,"victory":true,"max_hp_per_floor":[89,82,82,87,87,94,94,94,94,94,94,94,94,94,94,94,94,94,94,94,94,94,94,94,94,94,94,94,94,94,94,94,94,94,94,94,94,94,94,94,94,94,94,94,94,94,94,94,94,94],"card_choices":[{"not_picked":["Sweeping Beam","Rebound"],"picked":"Cold Snap","floor":1},{"not_picked":["Consume","Scrape"],"picked":"Leap","floor":6},{"not_picked":["Sweeping Beam","Hologram"],"picked":"Conserve Battery","floor":7},{"not_picked":["Compile Driver","Reinforced Body"],"picked":"Double Energy","floor":10},{"not_picked":["Go for the Eyes","Meteor Strike"],"picked":"Aggregate","floor":11},{"not_picked":["Darkness","Chaos"],"picked":"Tempest","floor":14},{"not_picked":["Thunder Strike","Echo Form"],"picked":"Seek","floor":16},{"not_picked":["Leap","Rip and Tear"],"picked":"Static Discharge+1","floor":18},{"not_picked":["Stack","Melter+1"],"picked":"Redo+1","floor":20},{"not_picked":["Coolheaded","Compile Driver"],"picked":"Defragment+1","floor":22},{"not_picked":["All For One","Compile Driver"],"picked":"Stack","floor":23},{"not_picked":["Go for the Eyes","Sweeping Beam"],"picked":"Cold Snap","floor":24},{"not_picked":["Rebound+1","Redo"],"picked":"Leap+1","floor":28},{"not_picked":["Coolheaded","Barrage"],"picked":"Storm","floor":29},{"not_picked":["Skim+1","Steam Power"],"picked":"Machine Learning","floor":30},{"not_picked":["Skim","Gash"],"picked":"Cold Snap+1","floor":32},{"not_picked":["Machine Learning","Rainbow"],"picked":"Electrodynamics","floor":33},{"not_picked":[],"picked":"Ball Lightning+1","floor":35},{"not_picked":[],"picked":"Conserve Battery","floor":36},{"not_picked":[],"picked":"Streamline+1","floor":40},{"not_picked":[],"picked":"Auto Shields","floor":41},{"not_picked":["Lockon"],"picked":"SKIP","floor":42},{"not_picked":["Go for the Eyes"],"picked":"SKIP","floor":48}],"player_experience":125474,"relics_obtained":[{"floor":6,"key":"Strawberry"},{"floor":9,"key":"Pantograph"},{"floor":10,"key":"Meat on the Bone"},{"floor":11,"key":"Odd Mushroom"},{"floor":14,"key":"Matryoshka"},{"floor":23,"key":"Dream Catcher"},{"floor":26,"key":"Toy Ornithopter"},{"floor":26,"key":"Juzu Bracelet"},{"floor":28,"key":"MawBank"},{"floor":30,"key":"Orichalcum"},{"floor":40,"key":"WingedGreaves"},{"floor":42,"key":"Centennial Puzzle"},{"floor":43,"key":"Oddly Smooth Stone"},{"floor":43,"key":"Whetstone"}],"event_choices":[{"damage_healed":0,"gold_gain":0,"player_choice":"Lose Max HP","damage_taken":0,"relics_obtained":["Golden Idol"],"max_hp_gain":0,"max_hp_loss":7,"event_name":"Golden Idol","floor":2,"gold_loss":0},{"cards_removed":["Strike_B"],"damage_healed":0,"gold_gain":0,"player_choice":"Card Removal","damage_taken":7,"max_hp_gain":0,"max_hp_loss":0,"event_name":"Golden Wing","floor":3,"gold_loss":0},{"damage_healed":0,"gold_gain":75,"player_choice":"Gather Gold","damage_taken":11,"max_hp_gain":0,"max_hp_loss":0,"event_name":"World of Goop","floor":5,"gold_loss":0},{"damage_healed":0,"gold_gain":0,"player_choice":"Fought Mushrooms","damage_taken":0,"max_hp_gain":0,"max_hp_loss":0,"event_name":"Mushrooms","floor":11,"gold_loss":0},{"damage_healed":0,"gold_gain":0,"player_choice":"Ignored","damage_taken":0,"max_hp_gain":0,"max_hp_loss":0,"event_name":"Shining Light","floor":13,"gold_loss":0},{"damage_healed":0,"gold_gain":0,"player_choice":"Got Potions","damage_taken":0,"max_hp_gain":0,"max_hp_loss":0,"event_name":"Lab","floor":19,"gold_loss":0},{"damage_healed":0,"gold_gain":0,"player_choice":"Obtained Relic","damage_taken":0,"relics_obtained":["Pen Nib"],"max_hp_gain":0,"max_hp_loss":0,"event_name":"Addict","floor":31,"gold_loss":85},{"damage_healed":0,"gold_gain":0,"player_choice":"Ignored","damage_taken":0,"max_hp_gain":0,"max_hp_loss":0,"event_name":"Tomb of Lord Red Mask","floor":37,"gold_loss":0},{"cards_removed":["Defend_B"],"damage_healed":0,"gold_gain":0,"player_choice":"Purged","damage_taken":0,"max_hp_gain":0,"max_hp_loss":0,"event_name":"Purifier","floor":38,"gold_loss":0},{"damage_healed":0,"gold_gain":0,"player_choice":"Embrace Madness","damage_taken":12,"max_hp_gain":0,"max_hp_loss":0,"event_name":"Winding Halls","floor":45,"gold_loss":0,"cards_obtained":["Madness","Madness"]}],"is_beta":false,"boss_relics":[{"not_picked":["Runic Dome","Cursed Key"],"picked":"Astrolabe"},{"not_picked":["Empty Cage","SacredBark"],"picked":"Busted Crown"}],"items_purged_floors":[],"is_endless":false,"potions_floor_spawned":[7,10,14,16,22,28,30,35,36],"ascension_level":2}}