{"host":"14itbdr21u872c1w","time":1614147507,"event":{"mods":["AchievementEnabler","BaseMod","Minty Spire (QoL Compilation)","StSLib","SuperFastMode","everything is the same but u backflip on backflip"],"gold_per_floor":[127,138,158,158,180,207,234,234,234,234,270,297,297,317,317,399,399,399,399,399,73,73,73,73,73,73],"floor_reached":25,"language":"KOR","playtime":722,"items_purged":[],"score":502,"play_id":"3bc3b2d8-e6d5-4c1b-815a-473027132a82","local_time":"20210224151827","is_ascension_mode":true,"campfire_choices":[{"data":"Perfected Strike","floor":8.0,"key":"SMITH"},{"floor":10.0,"key":"REST"},{"floor":15.0,"key":"REST"},{"data":"Corruption","floor":24.0,"key":"SMITH"}],"circlet_count":0,"master_deck":["AscendersBane","Strike_R","Strike_R","Strike_R","Strike_R","Strike_R","Defend_R","Defend_R","Defend_R","Defend_R","Bash","Perfected Strike+1","Pommel Strike","Shrug It Off","Evolve","Twin Strike","Perfected Strike","Corruption+1","Perfected Strike","Feel No Pain","Shrug It Off","Uppercut"],"relics":["Burning Blood","CeramicFish","Vajra","Dead Branch","Champion Belt","Ectoplasm","Boot","Juzu Bracelet"],"acts_visited":["Exordium","TheCity"],"potions_floor_usage":[],"damage_taken":[{"damage":4.0,"enemies":"Small Slimes","floor":1.0,"turns":4.0},{"damage":11.0,"enemies":"Jaw Worm","floor":2.0,"turns":4.0},{"damage":1.0,"enemies":"Cultist","floor":3.0,"turns":3.0},{"damage":18.0,"enemies":"Red Slaver","floor":5.0,"turns":4.0},{"damage":42.0,"enemies":"3 Sentries","floor":6.0,"turns":10.0},{"damage":6.0,"enemies":"Exordium Thugs","floor":7.0,"turns":5.0},{"damage":26.0,"enemies":"Gremlin Nob","floor":11.0,"turns":4.0},{"damage":6.0,"enemies":"Looter","floor":12.0,"turns":3.0},{"damage":14.0,"enemies":"3 Louse","floor":14.0,"turns":3.0},{"damage":0.0,"enemies":"Slime Boss","floor":16.0,"turns":5.0},{"damage":24.0,"enemies":"Shell Parasite","floor":18.0,"turns":4.0},{"damage":7.0,"enemies":"Chosen","floor":19.0,"turns":3.0},{"damage":23.0,"enemies":"Snake Plant","floor":20.0,"turns":5.0},{"damage":17.0,"enemies":"3 Cultists","floor":22.0,"turns":6.0},{"damage":18.0,"enemies":"Gremlin Leader","floor":23.0,"turns":8.0},{"damage":23,"enemies":"Slavers","floor":25,"turns":2}],"seed_played":"-8790303983999654452","potions_obtained":[{"floor":1.0,"key":"Strength Potion"},{"floor":5.0,"key":"Weak Potion"},{"floor":12.0,"key":"Swift Potion"},{"floor":18.0,"key":"Block Potion"},{"floor":19.0,"key":"Regen Potion"},{"floor":22.0,"key":"SkillPotion"}],"is_trial":false,"path_per_floor":["M","M","M","?","M","E","M","R","T","R","E","M","?","M","R","B",null,"M","M","M","$","M","E","R","E"],"character_chosen":"IRONCLAD","items_purchased":["Perfected Strike","Feel No Pain","Shrug It Off","Boot"],"campfire_rested":2,"item_purchase_floors":[21,21,21,21],"current_hp_per_floor":[70,65,70,70,58,22,22,22,22,44,24,24,19,11,33,39,66,48,47,30,30,33,21,21,0,0],"gold":73,"neow_bonus":"RANDOM_COMMON_RELIC","is_daily":false,"chose_seed":false,"campfire_upgraded":2,"win_rate":0.0,"timestamp":1614147507,"path_taken":["M","M","M","?","M","E","M","R","T","R","E","M","?","M","R","BOSS","M","M","M","$","M","E","R","E"],"items_purchased_type":["Card","Card","Card","Relic"],"build_version":"2020-12-22","purchased_purges":0,"victory":false,"max_hp_per_floor":[75,75,75,75,75,75,75,75,75,75,75,75,75,75,75,75,75,75,75,75,75,75,75,75,75,75],"card_choices":[{"not_picked":["Power Through","Anger"],"picked":"Perfected Strike","floor":1.0},{"not_picked":["Rage","Heavy Blade","Body Slam"],"picked":"SKIP","floor":2.0},{"not_picked":["Cleave","Corruption"],"picked":"Pommel Strike","floor":3.0},{"not_picked":["Searing Blow","Cleave"],"picked":"Shrug It Off","floor":5.0},{"not_picked":["Rampage","Blood for Blood","Sword Boomerang"],"picked":"SKIP","floor":6.0},{"not_picked":["Shrug It Off","Sever Soul"],"picked":"Evolve","floor":7.0},{"not_picked":["Dropkick","Hemokinesis"],"picked":"Twin Strike","floor":11.0},{"not_picked":["Flex","Anger"],"picked":"Perfected Strike","floor":12.0},{"not_picked":["Clash","Bloodletting","Headbutt"],"picked":"SKIP","floor":14.0},{"not_picked":["Immolate","Juggernaut"],"picked":"Corruption","floor":16.0},{"not_picked":["Rupture","Clothesline","Armaments"],"picked":"SKIP","floor":18.0},{"not_picked":["Warcry","Whirlwind","Carnage"],"picked":"SKIP","floor":19.0},{"not_picked":["Hemokinesis","Infernal Blade","Headbutt+1"],"picked":"SKIP","floor":20.0},{"not_picked":["Clash","Clothesline"],"picked":"Uppercut","floor":22.0},{"not_picked":["Anger","Iron Wave","Havoc"],"picked":"SKIP","floor":23.0}],"player_experience":347391,"relics_obtained":[{"floor":6.0,"key":"Vajra"},{"floor":11.0,"key":"Dead Branch"},{"floor":23.0,"key":"Juzu Bracelet"}],"event_choices":[{"damage_healed":0.0,"max_hp_gain":0.0,"max_hp_loss":0.0,"gold_gain":0.0,"event_name":"Liars Game","player_choice":"Ignored","floor":4.0,"gold_loss":0.0,"damage_taken":0.0},{"damage_healed":0.0,"max_hp_gain":0.0,"max_hp_loss":0.0,"gold_gain":0.0,"event_name":"Scrap Ooze","player_choice":"Success","floor":13.0,"gold_loss":0.0,"damage_taken":5.0,"relics_obtained":["Champion Belt"]}],"is_beta":false,"boss_relics":[{"not_picked":["Pandora\u0027s Box","Velvet Choker"],"picked":"Ectoplasm"}],"items_purged_floors":[],"is_endless":false,"potions_floor_spawned":[1,5,12,14,18,19,22],"killed_by":"Slavers","ascension_level":15}}