{"host":"6406jj8da6015sxr","time":1614199710,"event":{"mods":["AchievementEnabler","BaseMod","Colored Map","DeckTracker","Keyboard Shortcuts","Minty Spire (QoL Compilation)","Permanent Neow","Relic Stats","SuperFastMode","everything is the same but u backflip on backflip"],"gold_per_floor":[118,43,53,70,30,30,44,44,44,61,72,101,118,168,168,243,243,254,71,82,98,23,23,35,35,35,60,79,95,95,118,118,191,191,207,207,207,225,239,266,266,299,322,322,347,364,395,395,395,395,395],"floor_reached":50,"language":"KOR","playtime":2795,"items_purged":["Strike_G"],"score":1158,"play_id":"5b04dab2-3242-407f-90d7-d97d0b3f3f67","local_time":"20210225054830","is_ascension_mode":true,"campfire_choices":[{"data":"Dagger Spray","floor":6.0,"key":"SMITH"},{"data":"Masterful Stab","floor":8.0,"key":"SMITH"},{"data":"Glass Knife","floor":15.0,"key":"SMITH"},{"floor":23.0,"key":"REST"},{"floor":25.0,"key":"REST"},{"floor":32.0,"key":"REST"},{"floor":44.0,"key":"REST"},{"floor":49,"key":"REST"}],"circlet_count":0,"master_deck":["AscendersBane","Strike_G","Strike_G","Strike_G","Defend_G","Defend_G","Defend_G","Defend_G","Survivor","Neutralize","Dagger Spray+1","Infinite Blades","Footwork","All Out Attack","Masterful Stab+1","Blade Dance","Quick Slash","Crippling Poison","Glass Knife+1","A Thousand Cuts","Apotheosis","Cloak And Dagger","Blade Dance","Blade Dance","PiercingWail+1","After Image","Madness","Madness","Tactician+1","Cloak And Dagger+1","Distraction+1"],"relics":["Ring of the Snake","NeowsBlessing","The Specimen","Dead Branch","Fusion Hammer","Pocketwatch","Bird Faced Urn","Happy Flower","Snecko Eye","White Beast Statue","Toxic Egg 2","Centennial Puzzle","CaptainsWheel","Juzu Bracelet"],"acts_visited":["Exordium","TheCity","TheBeyond"],"potions_floor_usage":[50],"damage_taken":[{"damage":0.0,"enemies":"Cultist","floor":1.0,"turns":1.0},{"damage":0.0,"enemies":"2 Louse","floor":3.0,"turns":1.0},{"damage":0.0,"enemies":"Jaw Worm","floor":4.0,"turns":1.0},{"damage":7.0,"enemies":"Large Slime","floor":7.0,"turns":8.0},{"damage":3.0,"enemies":"Blue Slaver","floor":10.0,"turns":5.0},{"damage":0.0,"enemies":"Exordium Thugs","floor":11.0,"turns":3.0},{"damage":15.0,"enemies":"Lagavulin","floor":12.0,"turns":5.0},{"damage":2.0,"enemies":"Looter","floor":13.0,"turns":4.0},{"damage":25.0,"enemies":"Slime Boss","floor":16.0,"turns":8.0},{"damage":0.0,"enemies":"Spheric Guardian","floor":18.0,"turns":3.0},{"damage":6.0,"enemies":"Chosen","floor":20.0,"turns":5.0},{"damage":34.0,"enemies":"Shelled Parasite and Fungi","floor":21.0,"turns":4.0},{"damage":3.0,"enemies":"Chosen and Byrds","floor":24.0,"turns":5.0},{"damage":28.0,"enemies":"Book of Stabbing","floor":27.0,"turns":5.0},{"damage":0.0,"enemies":"Cultist and Chosen","floor":28.0,"turns":3.0},{"damage":24.0,"enemies":"Snake Plant","floor":29.0,"turns":3.0},{"damage":22.0,"enemies":"Collector","floor":33.0,"turns":8.0},{"damage":0.0,"enemies":"3 Shapes","floor":35.0,"turns":5.0},{"damage":0.0,"enemies":"Orb Walker","floor":38.0,"turns":2.0},{"damage":0.0,"enemies":"3 Darklings","floor":39.0,"turns":3.0},{"damage":13.0,"enemies":"Nemesis","floor":40.0,"turns":3.0},{"damage":3.0,"enemies":"Giant Head","floor":42.0,"turns":7.0},{"damage":0.0,"enemies":"Mind Bloom Boss Battle","floor":45.0,"turns":5.0},{"damage":0.0,"enemies":"Transient","floor":46.0,"turns":6.0},{"damage":36.0,"enemies":"Reptomancer","floor":47.0,"turns":5.0},{"damage":72,"enemies":"Awakened One","floor":50,"turns":11}],"seed_played":"-7637552117460754508","potions_obtained":[{"floor":3.0,"key":"Fruit Juice"},{"floor":4.0,"key":"SpeedPotion"},{"floor":10.0,"key":"SkillPotion"},{"floor":11.0,"key":"SteroidPotion"},{"floor":12.0,"key":"SpeedPotion"},{"floor":18.0,"key":"Block Potion"},{"floor":27.0,"key":"Dexterity Potion"},{"floor":33.0,"key":"Swift Potion"},{"floor":42.0,"key":"BlessingOfTheForge"},{"floor":45.0,"key":"Energy Potion"},{"floor":46.0,"key":"Energy Potion"},{"floor":47.0,"key":"CunningPotion"}],"is_trial":false,"path_per_floor":["M","$","M","M","$","R","M","R","T","M","M","E","M","?","R","B",null,"M","$","M","M","?","R","M","R","T","E","M","M","?","T","R","B",null,"M","?","?","M","M","E","?","E","T","R","?","M","E","?","R","B"],"character_chosen":"THE_SILENT","items_purchased":["All Out Attack","Apotheosis"],"campfire_rested":5,"item_purchase_floors":[5,19],"current_hp_per_floor":[59,59,59,59,59,59,52,52,52,54,54,39,37,37,37,12,56,56,56,50,16,16,37,34,55,55,27,31,7,7,7,28,20,58,66,53,53,59,61,54,54,69,69,71,71,71,43,43,64,0,0],"gold":395,"neow_bonus":"THREE_ENEMY_KILL","is_daily":false,"chose_seed":false,"campfire_upgraded":3,"win_rate":0.0,"timestamp":1614199710,"path_taken":["M","$","M","?","?","R","M","R","T","M","M","E","M","?","R","BOSS","M","$","M","?","?","R","M","R","T","E","M","M","?","?","R","BOSS","M","?","?","M","M","E","?","E","T","R","?","M","E","?","R","BOSS"],"items_purchased_type":["Card","Card"],"build_version":"2020-12-22","purchased_purges":1,"victory":false,"max_hp_per_floor":[66,66,66,66,66,66,66,66,66,71,71,71,71,71,71,71,71,71,71,71,71,71,71,71,71,71,71,71,71,71,71,71,71,71,71,71,71,71,71,71,71,71,71,71,71,71,71,71,71,71,71],"relic_stats":{"Centennial Puzzle":[6],"Happy Flower":[18],"counters":[26,119],"Dead Branch":[342],"Bird Faced Urn":[68],"Snecko Eye":[110,85,103,111],"Juzu Bracelet":0,"obtain_stats":[{"NeowsBlessing":0,"The Specimen":9,"Happy Flower":31,"Dead Branch":12,"Juzu Bracelet":47,"White Beast Statue":40,"Centennial Puzzle":43,"CaptainsWheel":45,"Bird Faced Urn":27,"Snecko Eye":34,"Fusion Hammer":17,"Toxic Egg 2":42,"Ring of the Snake":0,"Pocketwatch":26},{"NeowsBlessing":0,"The Specimen":4,"Happy Flower":16,"Dead Branch":7,"Juzu Bracelet":25,"White Beast Statue":21,"Centennial Puzzle":22,"CaptainsWheel":23,"Bird Faced Urn":14,"Snecko Eye":17,"Fusion Hammer":9,"Toxic Egg 2":22,"Ring of the Snake":0,"Pocketwatch":13},{"NeowsBlessing":0,"The Specimen":11,"Happy Flower":64,"Dead Branch":24,"Juzu Bracelet":108,"White Beast Statue":85,"Centennial Puzzle":92,"CaptainsWheel":97,"Bird Faced Urn":58,"Snecko Eye":72,"Fusion Hammer":36,"Toxic Egg 2":92,"Ring of the Snake":0,"Pocketwatch":53}],"Ring of the Snake":[52],"Pocketwatch":[21]},"card_choices":[{"not_picked":["Blade Dance","Underhanded Strike"],"picked":"Dagger Spray","floor":1.0},{"not_picked":["Heel Hook","PiercingWail"],"picked":"Infinite Blades","floor":3.0},{"not_picked":["Accuracy","Endless Agony"],"picked":"Footwork","floor":4.0},{"not_picked":["Bouncing Flask","Prepared"],"picked":"Masterful Stab","floor":7.0},{"not_picked":["Dagger Throw","Expertise"],"picked":"Blade Dance","floor":10.0},{"not_picked":["Sucker Punch","Underhanded Strike"],"picked":"Quick Slash","floor":11.0},{"not_picked":["Bane","Poisoned Stab"],"picked":"Crippling Poison","floor":12.0},{"not_picked":["Deflect","Acrobatics"],"picked":"Glass Knife","floor":13.0},{"not_picked":["Grand Finale","Venomology"],"picked":"A Thousand Cuts","floor":16.0},{"not_picked":["Finisher","Underhanded Strike","Quick Slash"],"picked":"SKIP","floor":18.0},{"not_picked":["Dagger Throw","Deflect"],"picked":"Cloak And Dagger","floor":20.0},{"not_picked":["Dagger Throw","Reflex+1","Dagger Spray"],"picked":"SKIP","floor":21.0},{"not_picked":["Dagger Throw","Reflex+1","Dagger Spray"],"picked":"SKIP","floor":21.0},{"not_picked":["Sucker Punch","Poisoned Stab"],"picked":"Blade Dance","floor":24.0},{"not_picked":["Outmaneuver","Caltrops"],"picked":"Blade Dance","floor":27.0},{"not_picked":["Envenom","Prepared"],"picked":"PiercingWail+1","floor":28.0},{"not_picked":["Dagger Throw","Choke","Deadly Poison"],"picked":"SKIP","floor":29.0},{"not_picked":["Burst","Venomology"],"picked":"After Image","floor":33.0},{"not_picked":["Dagger Throw+1","Flechettes+1","Cloak And Dagger"],"picked":"SKIP","floor":35.0},{"not_picked":["Predator","Blade Dance"],"picked":"Tactician+1","floor":38.0},{"not_picked":["Dagger Spray","Dagger Throw","Backflip"],"picked":"SKIP","floor":39.0},{"not_picked":["Deadly Poison","Prepared","Burst"],"picked":"SKIP","floor":40.0},{"not_picked":["Noxious Fumes","Finisher","Escape Plan+1"],"picked":"SKIP","floor":42.0},{"not_picked":["Footwork","Deadly Poison+1"],"picked":"Cloak And Dagger+1","floor":46.0},{"not_picked":["Reflex+1","Skewer"],"picked":"Distraction+1","floor":47.0}],"player_experience":107306,"relics_obtained":[{"floor":9.0,"key":"The Specimen"},{"floor":12.0,"key":"Dead Branch"},{"floor":26.0,"key":"Pocketwatch"},{"floor":27.0,"key":"Bird Faced Urn"},{"floor":31.0,"key":"Happy Flower"},{"floor":40.0,"key":"White Beast Statue"},{"floor":42.0,"key":"Toxic Egg 2"},{"floor":43.0,"key":"Centennial Puzzle"},{"floor":45.0,"key":"CaptainsWheel"},{"floor":47.0,"key":"Juzu Bracelet"}],"event_choices":[{"damage_healed":0.0,"max_hp_gain":0.0,"max_hp_loss":0.0,"gold_gain":50.0,"event_name":"Golden Shrine","player_choice":"Pray","floor":14.0,"gold_loss":0.0,"damage_taken":0.0},{"cards_removed":["Strike_G"],"damage_healed":0.0,"max_hp_gain":0.0,"max_hp_loss":0.0,"gold_gain":0.0,"event_name":"Beggar","player_choice":"Gave Gold","floor":22.0,"gold_loss":75.0,"damage_taken":0.0},{"damage_healed":0.0,"max_hp_gain":0.0,"max_hp_loss":0.0,"gold_gain":0.0,"event_name":"Cursed Tome","player_choice":"Ignored","floor":30.0,"gold_loss":0.0,"damage_taken":0.0},{"damage_healed":0.0,"max_hp_gain":0.0,"max_hp_loss":0.0,"gold_gain":0.0,"event_name":"Winding Halls","player_choice":"Embrace Madness","floor":36.0,"gold_loss":0.0,"damage_taken":13.0,"cards_obtained":["Madness","Madness"]},{"cards_removed":["Defend_G"],"damage_healed":0.0,"max_hp_gain":0.0,"max_hp_loss":0.0,"gold_gain":0.0,"event_name":"Falling","player_choice":"Removed Skill","floor":37.0,"gold_loss":0.0,"damage_taken":0.0},{"damage_healed":0.0,"max_hp_gain":0.0,"max_hp_loss":0.0,"gold_gain":0.0,"event_name":"Tomb of Lord Red Mask","player_choice":"Ignored","floor":41.0,"gold_loss":0.0,"damage_taken":0.0},{"damage_healed":0.0,"max_hp_gain":0.0,"max_hp_loss":0.0,"gold_gain":0.0,"event_name":"MindBloom","player_choice":"Fight","floor":45.0,"gold_loss":0.0,"damage_taken":0.0},{"damage_healed":0,"gold_gain":0,"player_choice":"Ignored","damage_taken":0,"max_hp_gain":0,"max_hp_loss":0,"event_name":"Mysterious Sphere","floor":48,"gold_loss":0}],"is_beta":false,"boss_relics":[{"not_picked":["Black Star","HoveringKite"],"picked":"Fusion Hammer"},{"not_picked":["Astrolabe","SlaversCollar"],"picked":"Snecko Eye"}],"items_purged_floors":[2],"is_endless":false,"potions_floor_spawned":[3,4,10,11,12,18,27,33,35,39,42,45,46,47],"killed_by":"Awakened One","ascension_level":20}}