{"host":"g2yp6paluzgljz05","time":1614161512,"event":{"mods":["BaseMod","Bestiary","Colored Powertips","DeckTracker","Highlight Path","Minty Spire (QoL Compilation)","Quick Restart"],"gold_per_floor":[110,35,45,45,45,45,65,65,65,65,65,65,65,84,84,180,180,195,122,122,134,134,134],"floor_reached":22,"language":"ENG","playtime":927,"items_purged":["Doubt"],"score":224,"play_id":"b62765f9-f19d-4e07-9b59-b2e2ea668d71","local_time":"20210224211152","is_ascension_mode":true,"campfire_choices":[{"data":"Creative AI","floor":6,"key":"SMITH"},{"data":"Zap","floor":12,"key":"SMITH"},{"data":"Coolheaded","floor":15,"key":"SMITH"}],"circlet_count":0,"master_deck":["Strike_B","Strike_B","Strike_B","Defend_B","Defend_B","Defend_B","Defend_B","Zap+1","Dualcast","Creative AI+1","Coolheaded+1","Rainbow","Capacitor","Self Repair"],"relics":["Cracked Core","PreservedInsect","Sundial","Art of War","Black Star"],"acts_visited":["Exordium","TheCity"],"potions_floor_usage":[],"damage_taken":[{"damage":0,"enemies":"2 Louse","floor":1,"turns":2},{"damage":6,"enemies":"Cultist","floor":3,"turns":3},{"damage":10,"enemies":"Small Slimes","floor":7,"turns":3},{"damage":0,"enemies":"3 Louse","floor":14,"turns":3},{"damage":27,"enemies":"Slime Boss","floor":16,"turns":10},{"damage":32,"enemies":"Shell Parasite","floor":18,"turns":6},{"damage":22,"enemies":"Chosen","floor":21,"turns":5},{"damage":16,"enemies":"Centurion and Healer","floor":22,"turns":1}],"seed_played":"7013100956995015960","potions_obtained":[{"floor":1,"key":"Weak Potion"},{"floor":13,"key":"SneckoOil"},{"floor":13,"key":"GamblersBrew"},{"floor":13,"key":"Ancient Potion"},{"floor":14,"key":"EssenceOfDarkness"}],"is_trial":false,"path_per_floor":["M","$","M","$","?","R","M","$","T","?","$","R","?","M","R","B",null,"M","$","?","M","M"],"character_chosen":"DEFECT","items_purchased":["Self Repair"],"campfire_rested":0,"item_purchase_floors":[19],"current_hp_per_floor":[68,68,62,62,62,62,52,52,52,45,45,45,45,45,45,18,61,29,29,29,14,0,0],"gold":134,"neow_bonus":"THREE_RARE_CARDS","is_daily":false,"chose_seed":false,"campfire_upgraded":3,"win_rate":0.0,"timestamp":1614161512,"path_taken":["M","$","M","$","?","R","M","?","T","?","$","R","?","?","R","BOSS","M","$","?","?","M"],"items_purchased_type":["Card"],"build_version":"2020-12-22","purchased_purges":1,"victory":false,"max_hp_per_floor":[75,75,75,75,75,75,75,75,75,75,75,75,75,75,75,75,75,75,75,75,75,75,75],"card_choices":[{"not_picked":["Amplify","Biased Cognition"],"picked":"Creative AI","floor":0},{"not_picked":["Turbo","Hologram","Lockon"],"picked":"SKIP","floor":1},{"not_picked":["Skim","Aggregate","Chaos"],"picked":"SKIP","floor":3},{"not_picked":["Redo","Leap","Rebound"],"picked":"SKIP","floor":7},{"not_picked":["Steam Power","Steam"],"picked":"Coolheaded","floor":14},{"not_picked":["Amplify","Creative AI"],"picked":"Rainbow","floor":16},{"not_picked":["Cold Snap+1","Scrape"],"picked":"Capacitor","floor":18},{"not_picked":["Hello World","Gash","Ball Lightning"],"picked":"SKIP","floor":21}],"player_experience":410517,"relics_obtained":[{"floor":9,"key":"Sundial"}],"event_choices":[{"damage_healed":0,"gold_gain":0,"player_choice":"Gave Potion","damage_taken":0,"relics_obtained":["PreservedInsect"],"max_hp_gain":0,"max_hp_loss":0,"event_name":"WeMeetAgain","floor":5,"gold_loss":0},{"damage_healed":0,"gold_gain":0,"player_choice":"Success","damage_taken":7,"relics_obtained":["Art of War"],"max_hp_gain":0,"max_hp_loss":0,"event_name":"Scrap Ooze","floor":10,"gold_loss":0},{"damage_healed":0,"gold_gain":0,"player_choice":"Got Potions","damage_taken":0,"max_hp_gain":0,"max_hp_loss":0,"event_name":"Lab","floor":13,"gold_loss":0},{"cards_removed":["Strike_B"],"damage_healed":0,"gold_gain":0,"player_choice":"Offered Basic","damage_taken":0,"max_hp_gain":0,"max_hp_loss":0,"event_name":"Bonfire Elementals","floor":20,"gold_loss":0}],"is_beta":false,"boss_relics":[{"not_picked":["Runic Dome","Tiny House"],"picked":"Black Star"}],"items_purged_floors":[2],"is_endless":false,"potions_floor_spawned":[1,14],"killed_by":"Centurion and Healer","ascension_level":6}}