{"host":"at5b10nm0iti0w4x","time":1614128833,"event":{"mods":["2.2 Compatiblity","AchievementEnabler","BaseMod","Bestiary","Block Reminder","Colored Map","Colored Powertips","Highlight Path","Keyboard Shortcuts","Minty Spire (QoL Compilation)","Quick Restart","Relic Stats","Slay the Relics Exporter","StSLib","SuperFastMode","Unknown Chances"],"gold_per_floor":[210,226,236,15,33,33,59,77,101,128,157,169,181,216,228,342,354,379,405,52,65,79,79,4,14,14,14,14,27,38,71,71,169,169,186,186,186,1185,1205,1205,1216,437,437,437,7,7,42,62,62,62,62],"floor_reached":50,"language":"ENG","playtime":1550,"items_purged":["Strike_R","Normality","Normality"],"score":579,"play_id":"19b2993f-73c8-469a-836f-c2c7b3bd9c61","local_time":"20210223200713","is_ascension_mode":false,"campfire_choices":[{"data":"Combust","floor":6,"key":"SMITH"},{"floor":12,"key":"REST"},{"data":"Spot Weakness","floor":15,"key":"SMITH"},{"data":"Demon Form","floor":23,"key":"SMITH"},{"floor":27,"key":"REST"},{"floor":32,"key":"REST"},{"data":"Apotheosis","floor":40,"key":"SMITH"},{"floor":44,"key":"REST"},{"data":"Panacea","floor":46,"key":"SMITH"},{"data":"Flex","floor":49,"key":"SMITH"}],"circlet_count":0,"master_deck":["Strike_R","Strike_R","Strike_R","Strike_R","Defend_R","Defend_R","Defend_R","Defend_R","Bash","Dark Embrace","Uppercut","Combust+1","Feel No Pain","Evolve","Clothesline","Thunderclap","Iron Wave","Spot Weakness+1","Twin Strike","Burning Pact","Flex+1","Parasite","Demon Form+1","Armaments+1","Cleave+1","Metallicize","Seeing Red+1","Heavy Blade","Ghostly","Ghostly","Ghostly","Ghostly","Ghostly","Headbutt","Wild Strike+1","Offering","Dropkick+1","Bandage Up","Flash of Steel","Apotheosis+1","Headbutt+1","Berserk","Panacea+1","Shrug It Off+1","Feed"],"relics":["Burning Blood","Orrery","Self Forming Clay","PreservedInsect","MawBank","Centennial Puzzle","Cursed Key","TungstenRod","Regal Pillow","SacredBark","OrangePellets","Boot","Orichalcum","Nunchaku","Bag of Preparation","Happy Flower"],"acts_visited":["Exordium","TheCity","TheBeyond"],"potions_floor_usage":[50,50,50],"damage_taken":[{"damage":1,"enemies":"Cultist","floor":1,"turns":4},{"damage":5,"enemies":"Small Slimes","floor":2,"turns":4},{"damage":10,"enemies":"Jaw Worm","floor":3,"turns":3},{"damage":11,"enemies":"Lots of Slimes","floor":5,"turns":4},{"damage":39,"enemies":"Gremlin Nob","floor":7,"turns":5},{"damage":26,"enemies":"Large Slime","floor":8,"turns":5},{"damage":14,"enemies":"Lagavulin","floor":10,"turns":5},{"damage":6,"enemies":"Looter","floor":11,"turns":3},{"damage":41,"enemies":"The Guardian","floor":16,"turns":10},{"damage":4,"enemies":"Chosen","floor":18,"turns":4},{"damage":20,"enemies":"Spheric Guardian","floor":19,"turns":4},{"damage":19,"enemies":"Snake Plant","floor":21,"turns":6},{"damage":16,"enemies":"Snecko","floor":22,"turns":5},{"damage":30,"enemies":"3 Cultists","floor":25,"turns":5},{"damage":0,"enemies":"Centurion and Healer","floor":29,"turns":7},{"damage":6,"enemies":"Sentry and Sphere","floor":30,"turns":7},{"damage":45,"enemies":"Slavers","floor":31,"turns":6},{"damage":26,"enemies":"Collector","floor":33,"turns":8},{"damage":7,"enemies":"3 Darklings","floor":35,"turns":7},{"damage":3,"enemies":"3 Shapes","floor":39,"turns":6},{"damage":12,"enemies":"Jaw Worm Horde","floor":41,"turns":6},{"damage":2,"enemies":"Nemesis","floor":47,"turns":7},{"damage":8,"enemies":"Sphere and 2 Shapes","floor":48,"turns":5},{"damage":46,"enemies":"Awakened One","floor":50,"turns":8}],"seed_played":"-4731687409076699979","potions_obtained":[{"floor":1,"key":"FairyPotion"},{"floor":5,"key":"EssenceOfSteel"},{"floor":16,"key":"ElixirPotion"},{"floor":19,"key":"EntropicBrew"},{"floor":25,"key":"CultistPotion"},{"floor":33,"key":"Swift Potion"},{"floor":41,"key":"Block Potion"}],"is_trial":false,"path_per_floor":["M","M","M","$","M","R","E","M","T","E","M","R","?","T","R","B",null,"M","M","$","M","M","R","$","M","T","R","?","M","M","E","R","B",null,"M","?","?","?","M","R","M","$","T","R","$","R","E","M","R","B"],"character_chosen":"IRONCLAD","items_purchased":["Feel No Pain","Orrery","TungstenRod","Metallicize","OrangePellets","Berserk","Boot","Orichalcum","Panacea","DistilledChaos","Nunchaku","Bag of Preparation"],"campfire_rested":4,"item_purchase_floors":[4,4,20,20,42,42,42,42,42,42,45,45],"current_hp_per_floor":[80,80,76,76,71,71,38,18,18,10,10,34,54,54,54,19,80,80,66,66,53,43,43,43,19,19,43,40,40,40,18,40,20,40,39,30,30,30,33,33,27,27,27,40,40,40,40,40,40,0,0],"gold":62,"neow_bonus":"HUNDRED_GOLD","is_daily":false,"chose_seed":false,"campfire_upgraded":6,"win_rate":0.0,"timestamp":1614128833,"path_taken":["M","M","?","$","M","R","E","M","T","E","M","R","?","?","R","BOSS","M","M","$","M","?","R","$","M","T","R","?","M","M","E","R","BOSS","M","?","?","?","?","R","M","$","T","R","$","R","E","M","R","BOSS"],"items_purchased_type":["Card","Relic","Relic","Card","Relic","Card","Relic","Relic","Card","Potion","Relic","Relic"],"build_version":"2020-12-22","purchased_purges":3,"victory":false,"max_hp_per_floor":[80,80,80,80,80,80,80,80,80,80,80,80,80,80,80,80,80,80,80,80,80,80,80,80,80,80,80,40,40,40,40,40,40,40,40,40,40,40,40,40,40,40,40,40,40,40,40,40,40,40,40],"relic_stats":{"Regal Pillow":11,"Happy Flower":[4],"counters":[24,134],"Self Forming Clay":[192],"PreservedInsect":115,"Bag of Preparation":[6],"Orichalcum":[30],"MawBank":120,"Cursed Key":0,"Boot":[20],"Burning Blood":118,"OrangePellets":[1],"Centennial Puzzle":[45],"Nunchaku":[3],"obtain_stats":[{"Regal Pillow":31,"Happy Flower":47,"Self Forming Clay":7,"SacredBark":34,"PreservedInsect":9,"Bag of Preparation":45,"Orichalcum":42,"MawBank":10,"Cursed Key":17,"Boot":42,"Burning Blood":0,"OrangePellets":42,"Centennial Puzzle":14,"Nunchaku":45,"Orrery":4,"TungstenRod":20},{"Regal Pillow":17,"Happy Flower":22,"Self Forming Clay":5,"SacredBark":18,"PreservedInsect":6,"Bag of Preparation":21,"Orichalcum":21,"MawBank":7,"Cursed Key":9,"Boot":21,"Burning Blood":0,"OrangePellets":21,"Centennial Puzzle":8,"Nunchaku":21,"Orrery":3,"TungstenRod":11},{"Regal Pillow":87,"Happy Flower":121,"Self Forming Clay":20,"SacredBark":95,"PreservedInsect":25,"Bag of Preparation":114,"Orichalcum":114,"MawBank":30,"Cursed Key":43,"Boot":114,"Burning Blood":0,"OrangePellets":114,"Centennial Puzzle":33,"Nunchaku":114,"Orrery":11,"TungstenRod":51}],"TungstenRod":79},"card_choices":[{"not_picked":["Havoc","Cleave"],"picked":"Dark Embrace","floor":1},{"not_picked":["Havoc","Flex"],"picked":"Uppercut","floor":2},{"not_picked":["Headbutt","Armaments"],"picked":"Combust","floor":3},{"not_picked":["Pummel","Flex"],"picked":"Evolve","floor":4},{"not_picked":["Anger","Barricade"],"picked":"Clothesline","floor":4},{"not_picked":["Iron Wave","Dropkick"],"picked":"Thunderclap","floor":4},{"not_picked":["Blood for Blood","Perfected Strike"],"picked":"Iron Wave","floor":4},{"not_picked":["Reckless Charge","Twin Strike"],"picked":"Spot Weakness","floor":5},{"not_picked":["Headbutt","Power Through"],"picked":"Twin Strike","floor":7},{"not_picked":["Armaments","Sword Boomerang"],"picked":"Burning Pact","floor":8},{"not_picked":["Havoc","Clothesline","Carnage"],"picked":"SKIP","floor":10},{"not_picked":["Perfected Strike","Clothesline"],"picked":"Flex","floor":11},{"not_picked":["Exhume","Corruption"],"picked":"Demon Form","floor":16},{"not_picked":["Infernal Blade","Wild Strike+1"],"picked":"Armaments+1","floor":18},{"not_picked":["Whirlwind","Flex"],"picked":"Cleave+1","floor":19},{"not_picked":["Dual Wield","Carnage"],"picked":"Seeing Red+1","floor":21},{"not_picked":["Headbutt","Infernal Blade"],"picked":"Heavy Blade","floor":22},{"not_picked":["Heavy Blade","Wild Strike","Fiend Fire"],"picked":"SKIP","floor":25},{"not_picked":["Perfected Strike","Armaments","Clash+1"],"picked":"SKIP","floor":29},{"not_picked":["Havoc","Anger+1"],"picked":"Headbutt","floor":30},{"not_picked":["Perfected Strike","Dropkick"],"picked":"Wild Strike+1","floor":31},{"not_picked":["Fiend Fire","Double Tap"],"picked":"Offering","floor":33},{"not_picked":["Iron Wave+1","Twin Strike"],"picked":"Dropkick+1","floor":35},{"not_picked":["Chrysalis","The Bomb"],"picked":"Bandage Up","floor":36},{"not_picked":["The Bomb","Secret Weapon"],"picked":"Flash of Steel","floor":36},{"not_picked":["Trip","Secret Weapon"],"picked":"Apotheosis","floor":36},{"not_picked":["Heavy Blade+1","Havoc+1","Flex"],"picked":"SKIP","floor":39},{"not_picked":["Body Slam","Armaments"],"picked":"Headbutt+1","floor":41},{"not_picked":["Iron Wave","Headbutt"],"picked":"Shrug It Off+1","floor":47},{"not_picked":["True Grit","Feel No Pain+1"],"picked":"Feed","floor":48}],"player_experience":125215,"relics_obtained":[{"floor":7,"key":"Self Forming Clay"},{"floor":9,"key":"PreservedInsect"},{"floor":10,"key":"MawBank"},{"floor":14,"key":"Centennial Puzzle"},{"floor":31,"key":"Regal Pillow"},{"floor":47,"key":"Happy Flower"}],"event_choices":[{"damage_healed":20,"gold_gain":0,"player_choice":"Healed and dodged fight","damage_taken":0,"max_hp_gain":0,"max_hp_loss":0,"event_name":"Mushrooms","floor":13,"gold_loss":0,"cards_obtained":["Parasite"]},{"damage_healed":0,"gold_gain":0,"player_choice":"Became a Ghost","damage_taken":0,"max_hp_gain":0,"max_hp_loss":40,"event_name":"Ghosts","floor":28,"gold_loss":0,"cards_obtained":["Ghostly","Ghostly","Ghostly","Ghostly","Ghostly"]},{"damage_healed":0,"gold_gain":0,"player_choice":"Memory 3","damage_taken":10,"max_hp_gain":0,"max_hp_loss":0,"event_name":"SensoryStone","floor":36,"gold_loss":0},{"damage_healed":0,"gold_gain":0,"player_choice":"Ignored","damage_taken":0,"max_hp_gain":0,"max_hp_loss":0,"event_name":"Mysterious Sphere","floor":37,"gold_loss":0},{"damage_healed":0,"gold_gain":999,"player_choice":"Gold","damage_taken":0,"max_hp_gain":0,"max_hp_loss":0,"event_name":"MindBloom","floor":38,"gold_loss":0,"cards_obtained":["Normality","Normality"]}],"is_beta":false,"boss_relics":[{"not_picked":["SlaversCollar","Black Blood"],"picked":"Cursed Key"},{"not_picked":["Snecko Eye","Fusion Hammer"],"picked":"SacredBark"}],"items_purged_floors":[24,42,45],"is_endless":false,"potions_floor_spawned":[1,5,16,19,22,25,33,39,41],"killed_by":"Awakened One","ascension_level":0}}