{"host":"rn3kwqbcoeui7au7","time":1614152691,"event":{"mods":["Act Like it!","BaseMod","Colored Powertips","Downfall","Gensokyo","Minty Spire (QoL Compilation)","Relic Stats","Spicy Shops","StSLib"],"gold_per_floor":[99,112,112,112,112,129,129,29,25,25,35,66,66,81,96,200,200,0,19,35,20,35,66,121,121,31,65,80,405,405,405,405,405,405],"floor_reached":32,"language":"ZHS","playtime":3646,"items_purged":["Slimebound:Defend_Slimebound"],"score":328,"play_id":"4f314310-a6f3-4359-8c26-644949b16e35","local_time":"20210224154451","is_ascension_mode":false,"campfire_choices":[{"data":"Slimebound:Split","floor":1,"key":"SMITH"},{"data":"Slimebound:GrowthPunch","floor":8,"key":"SMITH"},{"floor":10,"key":"RECALL"},{"data":"Slimebound:SpikyOuterGoop","floor":13,"key":"SMITH"},{"data":"Slimebound:MassRepurpose","floor":18,"key":"SMITH"},{"floor":25,"key":"REST"},{"data":"Slimebound:Overexert","floor":30,"key":"SMITH"}],"circlet_count":0,"master_deck":["Slimebound:Strike_Slimebound","Slimebound:Tackle","Slimebound:Defend_Slimebound","Slimebound:Defend_Slimebound","Slimebound:Split+1","Slimebound:CorrosiveSpit","Slimebound:SpikyOuterGoop+1","Slimebound:LivingWall","Slimebound:GrowthPunch+1","Slimebound:SplitMire","Slimebound:SplitMire","Slimebound:Overexert+1","Slimebound:LivingWall","Slimebound:MassRepurpose+1","Slimebound:SplitAcid","Slimebound:SplitLeeching","Slimebound:SamplingLick","Slimebound:GoopSpray","Slimebound:PressTheAttack+1","Slimebound:LeechEnergy","Slimebound:LevelUp"],"relics":["Slimebound:AbsorbEndCombat","Shuriken","downfall:HeartBlessingBlue","CaptainsWheel","Sozu","downfall:HeartBlessingGreen","downfall:HeartBlessingRed","Orichalcum","Gremlin Horn"],"acts_visited":["Exordium","Gensokyo:Gensokyo"],"potions_floor_usage":[],"damage_taken":[{"damage":0,"enemies":"Gensokyo:Python","floor":2,"turns":4},{"damage":2,"enemies":"Gensokyo:Gryphon","floor":6,"turns":4},{"damage":0,"enemies":"Gensokyo:2_Kodama","floor":11,"turns":6},{"damage":2,"enemies":"Gensokyo:Mamizou","floor":12,"turns":8},{"damage":0,"enemies":"Gensokyo:2_Rabbits","floor":14,"turns":5},{"damage":0,"enemies":"Gensokyo:LivingMonolith","floor":15,"turns":3},{"damage":0,"enemies":"SI_SHIV_ARCHETYPE","floor":16,"turns":11},{"damage":5,"enemies":"Gensokyo:3_Dogs","floor":19,"turns":7},{"damage":10,"enemies":"Gensokyo:CosmicMonolith","floor":20,"turns":3},{"damage":1,"enemies":"downfall:FleeingMerchant","floor":21,"turns":4},{"damage":28,"enemies":"Gensokyo:Wraith","floor":22,"turns":5},{"damage":29,"enemies":"Gensokyo:Koishi","floor":23,"turns":7},{"damage":0,"enemies":"downfall:FleeingMerchant","floor":26,"turns":4},{"damage":18,"enemies":"Gensokyo:Tenshi","floor":27,"turns":4},{"damage":0,"enemies":"Gensokyo:3_Gloops","floor":28,"turns":4},{"damage":0,"enemies":"Gensokyo:Swordslinger","floor":32,"turns":1}],"seed_played":"-8077274559985202364","potions_obtained":[{"floor":11,"key":"FearPotion"},{"floor":16,"key":"Strength Potion"}],"is_trial":false,"path_per_floor":["R","M","T","?","?","M","T","R","?","R","M","E","R","M","M","B",null,"R","M","M","$","M","E","T","R","$","E","M","?","R","?","M"],"character_chosen":"SLIMEBOUND","items_purchased":[],"campfire_rested":1,"item_purchase_floors":[],"current_hp_per_floor":[65,65,65,39,59,63,63,73,75,75,75,75,75,75,75,75,75,75,75,67,70,46,21,21,43,53,39,43,43,43,68,70,70,70],"gold":405,"neow_bonus":"THREE_CARDS","is_daily":false,"chose_seed":false,"campfire_upgraded":5,"win_rate":0.0,"timestamp":1614152691,"path_taken":["R","M","?","?","?","?","T","R","?","R","M","E","R","M","M","BOSS","R","M","M","?","M","E","T","R","$","E","M","?","R","?","M"],"items_purchased_type":[],"build_version":"2020-12-22","purchased_purges":1,"victory":false,"max_hp_per_floor":[65,65,65,65,65,65,65,75,75,75,75,75,75,75,75,75,75,75,75,75,75,75,75,75,75,77,77,77,77,77,77,77,77,77],"relic_stats":{"Sozu":3,"Gremlin Horn":[2,2],"counters":[16,77],"Shuriken":[0],"Orichalcum":[0],"obtain_stats":[{"Sozu":17,"Frozen Eye":23,"CaptainsWheel":12,"downfall:HeartBlessingRed":18,"Singing Bowl":23,"Gremlin Horn":27,"Shuriken":3,"downfall:HeartBlessingBlue":8,"downfall:HeartBlessingGreen":18,"Slimebound:AbsorbEndCombat":0,"Orichalcum":24},{"Sozu":7,"Frozen Eye":11,"CaptainsWheel":4,"downfall:HeartBlessingRed":7,"Singing Bowl":12,"Gremlin Horn":14,"Shuriken":1,"downfall:HeartBlessingBlue":2,"downfall:HeartBlessingGreen":7,"Slimebound:AbsorbEndCombat":0,"Orichalcum":12},{"Sozu":41,"Frozen Eye":58,"CaptainsWheel":22,"downfall:HeartBlessingRed":41,"Singing Bowl":65,"Gremlin Horn":73,"Shuriken":4,"downfall:HeartBlessingBlue":8,"downfall:HeartBlessingGreen":41,"Slimebound:AbsorbEndCombat":0,"Orichalcum":65}]},"card_choices":[{"not_picked":["Slimebound:SamplingLick","Slimebound:LeechingTouch"],"picked":"Slimebound:SpikyOuterGoop","floor":0},{"not_picked":["Slimebound:HauntingLick","Slimebound:RollThrough"],"picked":"Slimebound:LivingWall","floor":2},{"not_picked":["Slimebound:SlimeTap","Slimebound:FinishingTackle"],"picked":"Slimebound:GrowthPunch","floor":6},{"not_picked":["Slimebound:SplitAcid","Slimebound:SlimeBrawl"],"picked":"Slimebound:SplitMire","floor":11},{"not_picked":["Slimebound:SamplingLick","Slimebound:RollThrough"],"picked":"Slimebound:SplitMire","floor":12},{"not_picked":["Slimebound:Prepare","Slimebound:LeechingTouch"],"picked":"Slimebound:Overexert","floor":14},{"not_picked":["Slimebound:SplitAcid","Slimebound:MegaLick"],"picked":"Slimebound:LivingWall","floor":15},{"not_picked":["Slimebound:LeechLife","Slimebound:FirmFortitude"],"picked":"Slimebound:MassRepurpose","floor":16},{"not_picked":["Slimebound:RollThrough+1","Slimebound:GoopSpray"],"picked":"Slimebound:SplitAcid","floor":19},{"not_picked":["Slimebound:SplitMire+1","Slimebound:LeechingTouch"],"picked":"Slimebound:SplitLeeching","floor":20},{"not_picked":["Slimebound:SplitAcid","Slimebound:ComboTackle"],"picked":"Slimebound:SamplingLick","floor":21},{"not_picked":["Slimebound:LivingWall+1","Slimebound:GrowthPunch"],"picked":"Slimebound:GoopSpray","floor":22},{"not_picked":["Slimebound:SpikyOuterGoop+1","Slimebound:MegaLick"],"picked":"Slimebound:PressTheAttack+1","floor":23},{"not_picked":["Slimebound:SlimeBarrage","Slimebound:SlimeTap","Slimebound:Teamwork"],"picked":"Singing Bowl","floor":26},{"not_picked":["Slimebound:Schlurp","Slimebound:Nibble"],"picked":"Slimebound:LeechEnergy","floor":27},{"not_picked":["Slimebound:BestDefense","Slimebound:FinishingTackle+1"],"picked":"Slimebound:LevelUp","floor":28}],"player_experience":200161,"relics_obtained":[{"floor":3,"key":"Shuriken"},{"floor":12,"key":"CaptainsWheel"},{"floor":23,"key":"Singing Bowl"},{"floor":24,"key":"Orichalcum"},{"floor":27,"key":"Gremlin Horn"}],"event_choices":[],"is_beta":false,"boss_relics":[{"not_picked":["Runic Dome","Busted Crown"],"picked":"Sozu"}],"items_purged_floors":[26],"is_endless":false,"potions_floor_spawned":[11,16,19,22,28],"killed_by":"Gensokyo:Swordslinger","ascension_level":0}}