{"host":"s509oin3ptw7n5v1","time":1614140234,"event":{"mods":["2.2 Compatiblity","AchievementEnabler","BaseMod","Colored Map","Colored Powertips","Highlight Path","Minty Spire (QoL Compilation)","Rare Cards Sparkle","Relic Stats","Spicy Shops","StSLib"],"gold_per_floor":[117,192,367,2,18,49,49,74,123,143,143,162,181,181,181,277,277,257,271,271,271,286,286,286,286,286,154,169,4,4,23,23,121,121,141,155,155,166,127,127,145,145,145,41,55,55,105,105,105,105],"floor_reached":51,"language":"ENG","playtime":6429,"items_purged":["Doubt"],"score":894,"play_id":"31d118ab-58c5-4558-afde-5ef01a216afe","local_time":"20210223231714","is_ascension_mode":true,"campfire_choices":[{"floor":7.0,"key":"REST"},{"floor":11.0,"key":"REST"},{"floor":15.0,"key":"REST"},{"floor":23.0,"key":"REST"},{"floor":25.0,"key":"REST"},{"floor":32.0,"key":"REST"},{"floor":40.0,"key":"REST"},{"floor":42.0,"key":"REST"},{"floor":46.0,"key":"REST"},{"floor":49.0,"key":"REST"}],"circlet_count":0,"master_deck":["Strike_G","Strike_G","Strike_G","Strike_G","Defend_G","Defend_G","Defend_G","Defend_G","Defend_G","Survivor","Neutralize","Slice","Accuracy","Malaise+1","PiercingWail","Dagger Throw","Dagger Spray","Footwork","Backflip","Cloak And Dagger","Envenom","Underhanded Strike+1","A Thousand Cuts","Acrobatics+1","Cloak And Dagger","Well Laid Plans","Poisoned Stab","Deadly Poison","Noxious Fumes","Caltrops","Tools of the Trade","Tactician+1","Corpse Explosion","Accuracy","Noxious Fumes"],"relics":["Ring of the Snake","Membership Card","Centennial Puzzle","Mango","Lantern","WristBlade","Snake Skull","Mummified Hand","Sozu","Turnip","Vajra","Mercury Hourglass","Gambling Chip","Bird Faced Urn","Toxic Egg 2"],"acts_visited":["Exordium","TheCity","TheBeyond"],"potions_floor_usage":[],"damage_taken":[{"damage":0.0,"enemies":"2 Louse","floor":1.0,"turns":4.0},{"damage":0.0,"enemies":"Jaw Worm","floor":5.0,"turns":4.0},{"damage":56.0,"enemies":"Lagavulin","floor":6.0,"turns":13.0},{"damage":17.0,"enemies":"3 Sentries","floor":8.0,"turns":14.0},{"damage":1.0,"enemies":"Cultist","floor":10.0,"turns":3.0},{"damage":18.0,"enemies":"Looter","floor":12.0,"turns":4.0},{"damage":9.0,"enemies":"Exordium Thugs","floor":13.0,"turns":6.0},{"damage":49.0,"enemies":"Hexaghost","floor":16.0,"turns":17.0},{"damage":15.0,"enemies":"2 Thieves","floor":18.0,"turns":4.0},{"damage":2.0,"enemies":"Chosen","floor":19.0,"turns":6.0},{"damage":16.0,"enemies":"Snake Plant","floor":22.0,"turns":7.0},{"damage":34.0,"enemies":"Cultist and Chosen","floor":28.0,"turns":9.0},{"damage":0.0,"enemies":"Centurion and Healer","floor":31.0,"turns":4.0},{"damage":57.0,"enemies":"Collector","floor":33.0,"turns":8.0},{"damage":14.0,"enemies":"3 Darklings","floor":35.0,"turns":5.0},{"damage":7.0,"enemies":"3 Shapes","floor":36.0,"turns":4.0},{"damage":18.0,"enemies":"3 Darklings","floor":38.0,"turns":4.0},{"damage":33.0,"enemies":"Spire Growth","floor":41.0,"turns":4.0},{"damage":32.0,"enemies":"Jaw Worm Horde","floor":45.0,"turns":2.0},{"damage":11.0,"enemies":"Mind Bloom Boss Battle","floor":47.0,"turns":5.0},{"damage":58,"enemies":"Donu and Deca","floor":50,"turns":6}],"seed_played":"7756545715174845241","potions_obtained":[{"floor":5.0,"key":"SteroidPotion"},{"floor":6.0,"key":"CunningPotion"},{"floor":13.0,"key":"LiquidMemories"},{"floor":22.0,"key":"Dexterity Potion"},{"floor":28.0,"key":"DistilledChaos"}],"is_trial":false,"path_per_floor":["M","?","?","$","M","E","R","E","T","M","R","M","M","?","R","B",null,"M","M","?","?","M","R","?","R","T","$","M","$","?","M","R","B",null,"M","M","?","M","$","R","M","R","T","$","M","R","?","T","R","B",null],"character_chosen":"THE_SILENT","items_purchased":["Membership Card","Accuracy","Malaise","Well Laid Plans","Snake Skull","Poisoned Stab","Mummified Hand","Noxious Fumes","Turnip","Vajra","Accuracy","Gambling Chip"],"campfire_rested":10,"item_purchase_floors":[4,4,4,27,27,27,29,29,39,39,44,44],"current_hp_per_floor":[70,59,59,59,59,3,26,23,23,22,49,31,22,44,71,22,74,59,57,39,39,23,50,50,77,77,77,43,43,43,43,70,13,73,59,52,52,34,34,61,28,55,55,55,23,50,39,39,66,28],"gold":105,"neow_bonus":"TEN_PERCENT_HP_BONUS","is_daily":false,"chose_seed":false,"campfire_upgraded":0,"win_rate":0.0,"timestamp":1614140234,"path_taken":["M","?","?","?","M","E","R","E","T","M","R","M","?","?","R","BOSS","M","M","?","?","?","R","?","R","T","?","M","$","?","M","R","BOSS","M","?","?","?","?","R","M","R","T","$","M","R","?","?","R","BOSS"],"items_purchased_type":["Relic","Card","Card","Card","Relic","Card","Relic","Card","Relic","Relic","Card","Relic"],"build_version":"2020-12-22","purchased_purges":1,"victory":true,"max_hp_per_floor":[77,77,77,77,77,77,77,91,91,91,91,91,91,91,91,91,91,91,91,96,93,93,93,93,93,93,93,93,93,93,93,93,93,93,93,93,93,93,93,93,93,93,93,93,93,93,93,93,93,93],"relic_stats":{"Sozu":3,"Centennial Puzzle":[51],"counters":[21,133],"Mummified Hand":[75],"Gambling Chip":[4],"Bird Faced Urn":[20],"Snake Skull":[114],"Turnip":[0],"obtain_stats":[{"Lantern":9,"Vajra":39,"Mango":8,"Snake Skull":27,"Mercury Hourglass":43,"Sozu":34,"Centennial Puzzle":6,"WristBlade":17,"Mummified Hand":29,"Gambling Chip":44,"Bird Faced Urn":47,"Turnip":39,"Membership Card":4,"Toxic Egg 2":48,"Ring of the Snake":0},{"Lantern":4,"Vajra":17,"Mango":4,"Snake Skull":11,"Mercury Hourglass":18,"Sozu":14,"Centennial Puzzle":3,"WristBlade":8,"Mummified Hand":12,"Gambling Chip":18,"Bird Faced Urn":20,"Turnip":17,"Membership Card":1,"Toxic Egg 2":20,"Ring of the Snake":0},{"Lantern":35,"Vajra":116,"Mango":35,"Snake Skull":82,"Mercury Hourglass":120,"Sozu":103,"Centennial Puzzle":21,"WristBlade":65,"Mummified Hand":91,"Gambling Chip":120,"Bird Faced Urn":127,"Turnip":116,"Membership Card":4,"Toxic Egg 2":127,"Ring of the Snake":0}],"Ring of the Snake":[42],"Mercury Hourglass":[42]},"card_choices":[{"not_picked":["Outmaneuver","Underhanded Strike"],"picked":"Slice","floor":1.0},{"not_picked":["Prepared","Dagger Throw"],"picked":"PiercingWail","floor":5.0},{"not_picked":["Blur","Slice"],"picked":"Dagger Throw","floor":6.0},{"not_picked":["Venomology","Slice"],"picked":"Dagger Spray","floor":8.0},{"not_picked":["Leg Sweep","Well Laid Plans"],"picked":"Footwork","floor":10.0},{"not_picked":["Predator","Underhanded Strike"],"picked":"Backflip","floor":12.0},{"not_picked":["Well Laid Plans","Dagger Throw"],"picked":"Cloak And Dagger","floor":13.0},{"not_picked":["Phantasmal Killer","Glass Knife"],"picked":"Envenom","floor":16.0},{"not_picked":["Backflip","Flying Knee"],"picked":"Underhanded Strike+1","floor":18.0},{"not_picked":["Quick Slash","Flying Knee"],"picked":"A Thousand Cuts","floor":19.0},{"not_picked":["Quick Slash","Bane"],"picked":"Acrobatics+1","floor":22.0},{"not_picked":["Deflect+1","Slice"],"picked":"Deadly Poison","floor":28.0},{"not_picked":["Dagger Throw","Prepared+1"],"picked":"Caltrops","floor":31.0},{"not_picked":["Die Die Die","Grand Finale"],"picked":"Tools of the Trade","floor":33.0},{"not_picked":["Bouncing Flask","Well Laid Plans","Dagger Spray+1"],"picked":"SKIP","floor":35.0},{"not_picked":["Dagger Spray","Cloak And Dagger","Finisher+1"],"picked":"SKIP","floor":36.0},{"not_picked":["Dash","Slice+1"],"picked":"Tactician+1","floor":38.0},{"not_picked":["Concentrate+1","Escape Plan"],"picked":"Corpse Explosion","floor":41.0},{"not_picked":["Cloak And Dagger","Dodge and Roll","Quick Slash+1"],"picked":"SKIP","floor":45.0},{"not_picked":["PiercingWail","Bane+1"],"picked":"Noxious Fumes","floor":47.0}],"player_experience":1237136,"relics_obtained":[{"floor":6.0,"key":"Centennial Puzzle"},{"floor":8.0,"key":"Mango"},{"floor":9.0,"key":"Lantern"},{"floor":43.0,"key":"Mercury Hourglass"},{"floor":47.0,"key":"Bird Faced Urn"},{"floor":48.0,"key":"Toxic Egg 2"}],"event_choices":[{"damage_healed":0.0,"max_hp_gain":0.0,"max_hp_loss":0.0,"gold_gain":75.0,"event_name":"World of Goop","player_choice":"Gather Gold","floor":2.0,"gold_loss":0.0,"damage_taken":11.0},{"damage_healed":0.0,"max_hp_gain":0.0,"max_hp_loss":0.0,"gold_gain":175.0,"event_name":"Liars Game","player_choice":"AGREE","floor":3.0,"gold_loss":0.0,"damage_taken":0.0,"cards_obtained":["Doubt"]},{"damage_healed":22.0,"max_hp_gain":0.0,"max_hp_loss":0.0,"gold_gain":0.0,"event_name":"Mushrooms","player_choice":"Healed and dodged fight","floor":14.0,"gold_loss":0.0,"damage_taken":0.0,"cards_obtained":["Parasite"]},{"damage_healed":0.0,"max_hp_gain":5.0,"max_hp_loss":0.0,"gold_gain":0.0,"event_name":"Forgotten Altar","player_choice":"Shed Blood","floor":20.0,"gold_loss":0.0,"damage_taken":23.0},{"cards_removed":["Parasite"],"damage_healed":0.0,"max_hp_gain":0.0,"max_hp_loss":0.0,"gold_gain":0.0,"event_name":"Wheel of Change","player_choice":"Card Removal","floor":21.0,"gold_loss":0.0,"damage_taken":0.0},{"damage_healed":0.0,"max_hp_gain":0.0,"max_hp_loss":0.0,"gold_gain":0.0,"cards_transformed":["Strike_G"],"event_name":"Transmorgrifier","player_choice":"Transformed","floor":24.0,"gold_loss":0.0,"damage_taken":0.0,"cards_obtained":["Cloak And Dagger"]},{"damage_healed":0.0,"max_hp_gain":0.0,"max_hp_loss":0.0,"gold_gain":0.0,"event_name":"Accursed Blacksmith","player_choice":"Forge","floor":30.0,"gold_loss":0.0,"damage_taken":0.0,"cards_upgraded":["Malaise"]},{"damage_healed":0.0,"max_hp_gain":0.0,"max_hp_loss":0.0,"gold_gain":0.0,"event_name":"SecretPortal","player_choice":"Ignored","floor":37.0,"gold_loss":0.0,"damage_taken":0.0},{"damage_healed":0.0,"max_hp_gain":0.0,"max_hp_loss":0.0,"gold_gain":0.0,"event_name":"MindBloom","player_choice":"Fight","floor":47.0,"gold_loss":0.0,"damage_taken":0.0}],"is_beta":false,"boss_relics":[{"not_picked":["Fusion Hammer","Philosopher\u0027s Stone"],"picked":"WristBlade"},{"not_picked":["Runic Pyramid","SacredBark"],"picked":"Sozu"}],"items_purged_floors":[4],"is_endless":false,"potions_floor_spawned":[5,6,13,22,28,36,38,41],"ascension_level":6}}