{"host":"bg8va46pgqgvtzim","time":1614149942,"event":{"mods":["BaseMod","Minty Spire (QoL Compilation)","Quick Restart","StSLib","SuperFastMode"],"gold_per_floor":[109,123,223,236,254,266,283,208,242,261,261,272,299,309,309,320,330,330,350,376,396,396,491,491,502,512,512,529,529,546,557,576,605,605,640,651,750,783,830,830,830,865,879,400,410,422,422,49,49,49,154,154,171,185,196,207,222,253,253,278,293,293,293,327,381,401,415,415,431,448,448,448,448,448,448,130,161,161],"floor_reached":79,"language":"ZHS","playtime":2390,"items_purged":["Strike_P","Strike_P","Strike_P+1","Defend_P+1"],"score":1959,"play_id":"29679e05-21d7-4088-8ad4-ab157da8ee95","local_time":"20210224145902","is_ascension_mode":true,"campfire_choices":[{"data":"Eruption","floor":11.0,"key":"SMITH"},{"data":"WheelKick","floor":15.0,"key":"SMITH"},{"data":"Omniscience","floor":22.0,"key":"SMITH"},{"data":"Scrawl","floor":34.0,"key":"SMITH"},{"data":"Wallop","floor":41.0,"key":"SMITH"},{"floor":47.0,"key":"REST"},{"floor":50.0,"key":"RECALL"},{"floor":59.0,"key":"REST"},{"floor":71,"key":"REST"},{"floor":72,"key":"REST"},{"floor":75,"key":"REST"}],"circlet_count":0,"master_deck":["Eruption+1","Vigilance+1","ClearTheMind+1","Crescendo+1","WheelKick+1","BowlingBash+1","DeceiveReality+1","Vengeance+1","Indignation+1","Adaptation+1","Prostrate+1","Pray+1","LessonLearned+1","Prostrate+1","Scrawl+1","Wallop+1","EmptyMind+1","Panacea+1","Scrawl+1","MentalFortress+1","TalkToTheHand+1","DevaForm+1","FlurryOfBlows+1","MentalFortress+1","Ragnarok+1","Flash of Steel"],"relics":["PureWater","CloakClasp","Centennial Puzzle","Thread and Needle","Runic Pyramid","Toxic Egg 2","Letter Opener","Omamori","Bottled Tornado","Red Mask","ClockworkSouvenir","Anchor","Sundial","Cursed Key","Happy Flower","StrikeDummy","InkBottle","FossilizedHelix"],"acts_visited":["Exordium","TheCity","TheBeyond","TheEnding"],"potions_floor_usage":[78,78,78],"damage_taken":[{"damage":0.0,"enemies":"Small Slimes","floor":1.0,"turns":2.0},{"damage":0.0,"enemies":"Cultist","floor":2.0,"turns":3.0},{"damage":0.0,"enemies":"2 Louse","floor":4.0,"turns":3.0},{"damage":6.0,"enemies":"Large Slime","floor":5.0,"turns":3.0},{"damage":4.0,"enemies":"Blue Slaver","floor":6.0,"turns":2.0},{"damage":6.0,"enemies":"Lots of Slimes","floor":7.0,"turns":4.0},{"damage":0.0,"enemies":"Gremlin Nob","floor":9.0,"turns":3.0},{"damage":0.0,"enemies":"Looter","floor":10.0,"turns":4.0},{"damage":2.0,"enemies":"3 Louse","floor":12.0,"turns":2.0},{"damage":0.0,"enemies":"Exordium Wildlife","floor":14.0,"turns":4.0},{"damage":0.0,"enemies":"Looter","floor":16.0,"turns":1.0},{"damage":3.0,"enemies":"Blue Slaver","floor":17.0,"turns":2.0},{"damage":0.0,"enemies":"2 Fungi Beasts","floor":19.0,"turns":2.0},{"damage":0.0,"enemies":"3 Sentries","floor":20.0,"turns":4.0},{"damage":0.0,"enemies":"Large Slime","floor":21.0,"turns":2.0},{"damage":0.0,"enemies":"Slime Boss","floor":23.0,"turns":3.0},{"damage":0.0,"enemies":"Spheric Guardian","floor":25.0,"turns":1.0},{"damage":6.0,"enemies":"2 Thieves","floor":26.0,"turns":3.0},{"damage":9.0,"enemies":"Shelled Parasite and Fungi","floor":28.0,"turns":4.0},{"damage":0.0,"enemies":"Cultist and Chosen","floor":30.0,"turns":4.0},{"damage":5.0,"enemies":"Sentry and Sphere","floor":31.0,"turns":4.0},{"damage":0.0,"enemies":"Snecko","floor":32.0,"turns":3.0},{"damage":7.0,"enemies":"Slavers","floor":33.0,"turns":3.0},{"damage":0.0,"enemies":"Gremlin Leader","floor":35.0,"turns":3.0},{"damage":0.0,"enemies":"Shelled Parasite and Fungi","floor":36.0,"turns":3.0},{"damage":0.0,"enemies":"Book of Stabbing","floor":38.0,"turns":1.0},{"damage":4.0,"enemies":"Masked Bandits","floor":42.0,"turns":2.0},{"damage":0.0,"enemies":"Cultist and Chosen","floor":43.0,"turns":3.0},{"damage":0.0,"enemies":"Snake Plant","floor":45.0,"turns":3.0},{"damage":0.0,"enemies":"Centurion and Healer","floor":46.0,"turns":3.0},{"damage":0.0,"enemies":"Automaton","floor":51.0,"turns":5.0},{"damage":0.0,"enemies":"3 Darklings","floor":53.0,"turns":1.0},{"damage":0.0,"enemies":"Orb Walker","floor":54.0,"turns":1.0},{"damage":0.0,"enemies":"Maw","floor":55.0,"turns":2.0},{"damage":0.0,"enemies":"Writhing Mass","floor":56.0,"turns":2.0},{"damage":0.0,"enemies":"Spire Growth","floor":57.0,"turns":2.0},{"damage":0.0,"enemies":"Reptomancer","floor":58.0,"turns":1.0},{"damage":0.0,"enemies":"Nemesis","floor":60.0,"turns":1.0},{"damage":0,"enemies":"4 Shapes","floor":61,"turns":4},{"damage":0,"enemies":"Reptomancer","floor":64,"turns":1},{"damage":0,"enemies":"2 Orb Walkers","floor":65,"turns":1},{"damage":0,"enemies":"Writhing Mass","floor":66,"turns":3},{"damage":0,"enemies":"Sphere and 2 Shapes","floor":67,"turns":3},{"damage":0,"enemies":"Transient","floor":69,"turns":4},{"damage":0,"enemies":"Jaw Worm Horde","floor":70,"turns":1},{"damage":0,"enemies":"Donu and Deca","floor":73,"turns":5},{"damage":0,"enemies":"Shield and Spear","floor":77,"turns":2},{"damage":0,"enemies":"The Heart","floor":78,"turns":5}],"seed_played":"4426651729873310222","potions_obtained":[{"floor":1.0,"key":"Dexterity Potion"},{"floor":6.0,"key":"AttackPotion"},{"floor":10.0,"key":"SteroidPotion"},{"floor":12.0,"key":"EssenceOfSteel"},{"floor":14.0,"key":"Strength Potion"},{"floor":16.0,"key":"Fruit Juice"},{"floor":17.0,"key":"Weak Potion"},{"floor":36.0,"key":"Explosive Potion"},{"floor":51.0,"key":"DistilledChaos"},{"floor":54.0,"key":"DuplicationPotion"}],"is_trial":false,"path_per_floor":["M","M","?","M","M","M","M","$","E","M","R","M","T","M","R","M","M","?","M","E","M","R","B",null,"M","M","?","M","?","M","M","M","E","R","E","M","?","E","T","T","R","?","M","$","M","M","R","$","?","R","B",null,"M","M","M","M","M","E","R","E","M","T","T","E","?","M","M","?","M","M","R","R","B",null,"R","$","E","B",null],"character_chosen":"WATCHER","items_purchased":["ClockworkSouvenir","Anchor","Panacea+1","Sundial","Ragnarok","Flash of Steel"],"campfire_rested":5,"item_purchase_floors":[44,44,44,48,76,76],"current_hp_per_floor":[65,65,65,65,59,55,49,49,49,49,49,47,47,47,47,47,49,49,49,49,49,49,49,70,70,64,64,55,55,55,50,50,43,43,43,43,43,43,43,43,43,39,39,39,39,39,60,60,60,60,60,70,70,70,70,70,70,70,70,70,70,70,70,70,70,70,70,70,70,70,70,70,70,70,70,70,70,70],"gold":161,"neow_bonus":"REMOVE_TWO","is_daily":false,"chose_seed":false,"campfire_upgraded":5,"win_rate":0.0,"timestamp":1614149942,"path_taken":["M","M","?","M","M","M","?","$","E","M","R","M","T","M","R","?","M","?","M","E","M","R","BOSS","M","M","?","M","?","M","?","M","E","R","E","M","?","E","T","T","R","?","M","$","M","M","R","$","?","R","BOSS","M","M","M","M","M","E","R","E","M","T","T","E","?","M","M","?","M","M","R","R","BOSS","R","$","E","BOSS"],"items_purchased_type":["Relic","Relic","Card","Relic","Card","Card"],"build_version":"2020-12-22","purchased_purges":4,"victory":true,"max_hp_per_floor":[65,65,65,65,65,65,65,65,65,65,65,65,65,65,65,65,70,70,70,70,70,70,70,70,70,70,70,70,70,70,70,70,70,70,70,70,70,70,70,70,70,70,70,70,70,70,70,70,70,70,70,70,70,70,70,70,70,70,70,70,70,70,70,70,70,70,70,70,70,70,70,70,70,70,70,70,70,70],"card_choices":[{"not_picked":["Prostrate","Crescendo"],"picked":"ClearTheMind","floor":1.0},{"not_picked":["WreathOfFlame","Evaluate"],"picked":"Crescendo","floor":2.0},{"not_picked":["Prostrate","Protect"],"picked":"WheelKick","floor":4.0},{"not_picked":["CrushJoints","InnerPeace"],"picked":"BowlingBash","floor":5.0},{"not_picked":["Crescendo","ForeignInfluence"],"picked":"Omniscience","floor":6.0},{"not_picked":["SashWhip","Halt"],"picked":"DeceiveReality","floor":7.0},{"not_picked":["ForeignInfluence","Protect","Study"],"picked":"SKIP","floor":9.0},{"not_picked":["Wireheading","WreathOfFlame"],"picked":"Vengeance","floor":10.0},{"not_picked":["CutThroughFate","Halt","EmptyBody"],"picked":"SKIP","floor":12.0},{"not_picked":["Wallop","Weave"],"picked":"Indignation","floor":14.0},{"not_picked":["EmptyMind","EmptyBody"],"picked":"Adaptation","floor":16.0},{"not_picked":["Swivel","Consecrate"],"picked":"Prostrate","floor":17.0},{"not_picked":["CutThroughFate","Protect","FlyingSleeves"],"picked":"SKIP","floor":19.0},{"not_picked":["Prostrate","Sanctity"],"picked":"Pray","floor":20.0},{"not_picked":["SignatureMove","BattleHymn","ConjureBlade"],"picked":"SKIP","floor":21.0},{"not_picked":["Vault","Alpha"],"picked":"LessonLearned","floor":23.0},{"not_picked":["ThirdEye","PathToVictory","FlyingSleeves"],"picked":"SKIP","floor":25.0},{"not_picked":["BattleHymn","Indignation","WaveOfTheHand+1"],"picked":"SKIP","floor":26.0},{"not_picked":["Crescendo","CutThroughFate"],"picked":"Prostrate","floor":28.0},{"not_picked":["BattleHymn","ClearTheMind"],"picked":"Scrawl","floor":30.0},{"not_picked":["Fasting2+1","Consecrate","BowlingBash"],"picked":"SKIP","floor":31.0},{"not_picked":["BowlingBash","SpiritShield"],"picked":"Wallop","floor":32.0},{"not_picked":["JustLucky","Conclude","BowlingBash"],"picked":"SKIP","floor":33.0},{"not_picked":["Prostrate+1","CarveReality","Wireheading"],"picked":"SKIP","floor":35.0},{"not_picked":["ForeignInfluence+1","Worship+1","Evaluate+1"],"picked":"SKIP","floor":36.0},{"not_picked":["CrushJoints","Protect+1","Evaluate+1"],"picked":"SKIP","floor":38.0},{"not_picked":["Crescendo+1","Protect+1"],"picked":"EmptyMind+1","floor":43.0},{"not_picked":["CrushJoints","Halt+1","Wireheading"],"picked":"SKIP","floor":45.0},{"not_picked":["Consecrate","Crescendo+1","Wish+1"],"picked":"SKIP","floor":46.0},{"not_picked":["Omniscience+1","Establishment"],"picked":"Scrawl+1","floor":51.0},{"not_picked":["Consecrate+1","EmptyBody+1","SignatureMove+1"],"picked":"SKIP","floor":53.0},{"not_picked":["CutThroughFate+1","Swivel+1","CrushJoints"],"picked":"SKIP","floor":54.0},{"not_picked":["WaveOfTheHand+1","WindmillStrike"],"picked":"MentalFortress","floor":55.0},{"not_picked":["Pray+1","Protect+1","BattleHymn+1"],"picked":"SKIP","floor":56.0},{"not_picked":["Weave+1","LikeWater"],"picked":"TalkToTheHand+1","floor":57.0},{"not_picked":["JustLucky+1","FlyingSleeves","ThirdEye+1"],"picked":"SKIP","floor":58.0},{"not_picked":["PathToVictory+1","Collect+1"],"picked":"DevaForm","floor":60.0},{"not_picked":["Wallop","BowlingBash"],"picked":"FlurryOfBlows+1","floor":61},{"not_picked":["Indignation+1","ThirdEye+1","EmptyFist+1"],"picked":"SKIP","floor":64},{"not_picked":["BowlingBash+1","ThirdEye+1"],"picked":"MentalFortress","floor":66},{"not_picked":["ClearTheMind+1","Weave","EmptyMind+1"],"picked":"SKIP","floor":67},{"not_picked":["Perseverance+1","Conclude+1","PathToVictory+1"],"picked":"SKIP","floor":69},{"not_picked":["EmptyMind+1","FollowUp","Protect+1"],"picked":"SKIP","floor":70},{"not_picked":["WreathOfFlame+1","SignatureMove+1","Vengeance+1"],"picked":"SKIP","floor":77}],"player_experience":2545491,"relics_obtained":[{"floor":9.0,"key":"CloakClasp"},{"floor":13.0,"key":"Centennial Puzzle"},{"floor":20.0,"key":"Thread and Needle"},{"floor":33.0,"key":"Toxic Egg 2"},{"floor":35.0,"key":"Letter Opener"},{"floor":38.0,"key":"Omamori"},{"floor":40.0,"key":"Bottled Tornado"},{"floor":42.0,"key":"Red Mask"},{"floor":58.0,"key":"Happy Flower"},{"floor":60.0,"key":"StrikeDummy"},{"floor":64,"key":"InkBottle"},{"floor":65,"key":"FossilizedHelix"}],"event_choices":[{"damage_healed":0.0,"max_hp_gain":0.0,"max_hp_loss":0.0,"gold_gain":100.0,"event_name":"Golden Shrine","player_choice":"Pray","floor":3.0,"gold_loss":0.0,"damage_taken":0.0},{"cards_removed":["Defend_P"],"damage_healed":0.0,"max_hp_gain":0.0,"max_hp_loss":0.0,"gold_gain":0.0,"event_name":"Living Wall","player_choice":"Forget","floor":18.0,"gold_loss":0.0,"damage_taken":0.0},{"damage_healed":0.0,"max_hp_gain":0.0,"max_hp_loss":0.0,"gold_gain":0.0,"event_name":"Vampires","player_choice":"Ignored","floor":27.0,"gold_loss":0.0,"damage_taken":0.0},{"damage_healed":0.0,"max_hp_gain":0.0,"max_hp_loss":0.0,"gold_gain":0.0,"event_name":"NoteForYourself","player_choice":"Ignored","floor":29.0,"gold_loss":0.0,"damage_taken":0.0},{"damage_healed":0.0,"max_hp_gain":0.0,"max_hp_loss":0.0,"gold_gain":99.0,"event_name":"Nest","player_choice":"Stole From Cult","floor":37.0,"gold_loss":0.0,"damage_taken":0.0},{"damage_healed":0.0,"max_hp_gain":0.0,"max_hp_loss":0.0,"gold_gain":0.0,"event_name":"Masked Bandits","player_choice":"Fought Bandits","floor":42.0,"gold_loss":0.0,"damage_taken":0.0},{"cards_removed":["Defend_P"],"damage_healed":0.0,"max_hp_gain":0.0,"max_hp_loss":0.0,"gold_gain":0.0,"event_name":"Back to Basics","player_choice":"Elegance","floor":49.0,"gold_loss":0.0,"damage_taken":0.0},{"damage_healed":0,"gold_gain":0,"player_choice":"Fight","damage_taken":0,"max_hp_gain":0,"max_hp_loss":0,"event_name":"Mysterious Sphere","floor":65,"gold_loss":0},{"cards_removed":["Omniscience"],"damage_healed":0,"gold_gain":0,"player_choice":"Removed Skill","damage_taken":0,"max_hp_gain":0,"max_hp_loss":0,"event_name":"Falling","floor":68,"gold_loss":0}],"is_beta":false,"boss_relics":[{"not_picked":["Black Star","Runic Dome"],"picked":"Runic Pyramid"},{"not_picked":["SlaversCollar","Pandora\u0027s Box"],"picked":"Cursed Key"}],"items_purged_floors":[8,44,48,76],"is_endless":false,"potions_floor_spawned":[1,6,10,12,14,16,17,28,30,31,32,36,45,51,54,57,58,60,64,66,67,77],"ascension_level":1}}