{"host":"cjslbtylv9xenywp","time":1614133108,"event":{"mods":["BaseMod","Card Forge","Colored Map","Minty Spire (QoL Compilation)","No Card Rewards","Relic Stats","StSLib","UnlockEverythingMod"],"gold_per_floor":[114,125,225,245,262,262,295,295,295,323,323,341,372,322,322,417,417,437,107,32,48,65,65,65,97,173,191,225,225,251,80,80,185,185,202,202,252,252,252,272,272,306,306,341,393,393,406,435,435,435],"floor_reached":51,"language":"ENG","playtime":4036,"items_purged":[],"score":1364,"play_id":"7ee8a173-221c-4fbd-9aca-f24188029e72","local_time":"20210223181827","daily_mods":["Hoarder"],"is_ascension_mode":true,"campfire_choices":[{"data":"Juggernaut","floor":6,"key":"SMITH"},{"floor":8,"key":"REST"},{"data":"Juggernaut","floor":15,"key":"SMITH"},{"data":"Juggernaut","floor":23,"key":"SMITH"},{"data":"Corruption","floor":29,"key":"SMITH"},{"data":"Corruption","floor":32,"key":"SMITH"},{"data":"Corruption","floor":41,"key":"SMITH"},{"data":"Barricade","floor":46,"key":"SMITH"},{"data":"Offering","floor":49,"key":"SMITH"}],"circlet_count":0,"master_deck":["Barricade+1","Barricade","Barricade","Body Slam+1","Body Slam+1","Body Slam+1","Corruption+1","Corruption+1","Corruption+1","Feel No Pain","Feel No Pain","Feel No Pain","Impervious","Impervious","Impervious","Metallicize","Metallicize","Metallicize","Juggernaut+1","Juggernaut+1","Juggernaut+1","Offering+1","Offering","Offering","Power Through","Power Through","Power Through","Sentinel","Sentinel","Sentinel","True Grit","True Grit","True Grit","Blur","Blur","Blur","Flame Barrier","Flame Barrier","Flame Barrier","Entrench","Entrench","Entrench","Dark Embrace","Dark Embrace","Dark Embrace","Pain","Panacea","Panacea","Panacea","Die Die Die+1","Die Die Die+1","Die Die Die+1","Choke+1","Choke+1","Choke+1","Doubt","Doubt","Doubt","Injury","Injury","Injury","Writhe","Writhe","Writhe","Normality","Normality","Normality","Apotheosis","Apotheosis","Apotheosis","Bandage Up","Bandage Up","Bandage Up"],"relics":["Ring of the Snake","Molten Egg 2","Cursed Key","Anchor","Blue Candle","Tingsha","Gremlin Horn","Cursed Key","Eternal Feather","White Beast Statue","Darkstone Periapt","Matryoshka","Mercury Hourglass","Shuriken","Busted Crown","Bird Faced Urn","Letter Opener","Happy Flower","Lizard Tail","The Specimen"],"acts_visited":["Exordium","TheCity","TheBeyond"],"potions_floor_usage":[7,16,33,33,33,40,42,50,50,50],"damage_taken":[{"damage":6,"enemies":"Jaw Worm","floor":1,"turns":2},{"damage":6,"enemies":"Cultist","floor":2,"turns":2},{"damage":0,"enemies":"2 Louse","floor":4,"turns":2},{"damage":6,"enemies":"Gremlin Gang","floor":5,"turns":3},{"damage":22,"enemies":"Lagavulin","floor":7,"turns":4},{"damage":13,"enemies":"Gremlin Nob","floor":10,"turns":2},{"damage":11,"enemies":"Blue Slaver","floor":12,"turns":4},{"damage":2,"enemies":"Lagavulin","floor":13,"turns":5},{"damage":14,"enemies":"Hexaghost","floor":16,"turns":5},{"damage":7,"enemies":"2 Thieves","floor":18,"turns":2},{"damage":0,"enemies":"Spheric Guardian","floor":21,"turns":4},{"damage":7,"enemies":"Shelled Parasite and Fungi","floor":22,"turns":4},{"damage":8,"enemies":"Gremlin Leader","floor":25,"turns":4},{"damage":7,"enemies":"Centurion and Healer","floor":27,"turns":4},{"damage":4,"enemies":"Slavers","floor":28,"turns":4},{"damage":19,"enemies":"Gremlin Leader","floor":30,"turns":4},{"damage":15,"enemies":"Automaton","floor":33,"turns":4},{"damage":22,"enemies":"Orb Walker","floor":35,"turns":3},{"damage":18,"enemies":"Mind Bloom Boss Battle","floor":37,"turns":7},{"damage":13,"enemies":"3 Darklings","floor":40,"turns":4},{"damage":10,"enemies":"Reptomancer","floor":42,"turns":5},{"damage":34,"enemies":"Nemesis","floor":44,"turns":5},{"damage":21,"enemies":"2 Orb Walkers","floor":45,"turns":6},{"damage":13,"enemies":"Writhing Mass","floor":47,"turns":5},{"damage":10,"enemies":"Reptomancer","floor":48,"turns":2},{"damage":56,"enemies":"Awakened One","floor":50,"turns":8}],"seed_played":"4366370336243610294","potions_obtained":[{"floor":5,"key":"Weak Potion"},{"floor":12,"key":"Ancient Potion"},{"floor":13,"key":"Strength Potion"},{"floor":18,"key":"PowerPotion"},{"floor":25,"key":"SteroidPotion"},{"floor":27,"key":"LiquidBronze"},{"floor":33,"key":"AttackPotion"},{"floor":35,"key":"Strength Potion"},{"floor":37,"key":"Fruit Juice"},{"floor":40,"key":"LiquidMemories"},{"floor":42,"key":"GamblersBrew"},{"floor":44,"key":"SpeedPotion"},{"floor":48,"key":"SteroidPotion"}],"is_trial":true,"path_per_floor":["M","M","?","M","M","R","E","R","T","E","?","M","E","?","R","B",null,"M","$","?","M","M","R","T","E","T","M","E","R","E","$","R","B",null,"M","?","?","?","?","M","R","E","T","E","?","R","M","E","R","B",null],"character_chosen":"THE_SILENT","items_purchased":["Eternal Feather","Choke+1","Apotheosis"],"campfire_rested":1,"item_purchase_floors":[19,19,31],"current_hp_per_floor":[64,58,58,58,52,52,30,51,51,38,38,27,25,25,25,11,70,63,63,63,63,56,70,70,62,98,91,87,106,87,87,106,91,106,84,84,66,56,56,66,108,111,111,102,109,111,109,104,111,97],"gold":435,"neow_bonus":"","is_daily":false,"chose_seed":true,"campfire_upgraded":8,"win_rate":0.0,"timestamp":1614133107,"path_taken":["M","M","?","?","M","R","E","R","T","E","?","?","E","?","R","BOSS","M","$","?","M","M","R","?","E","T","M","E","R","E","?","R","BOSS","M","?","?","?","?","?","R","E","T","E","?","R","M","E","R","BOSS"],"items_purchased_type":["Relic","Card","Card"],"build_version":"2020-12-22","purchased_purges":0,"victory":true,"max_hp_per_floor":[70,70,70,70,70,70,70,70,70,70,70,70,70,70,70,70,70,70,70,70,70,70,70,70,70,106,106,106,106,106,106,106,106,106,106,106,106,106,106,111,111,111,111,111,111,111,111,111,111,111],"relic_stats":{"Darkstone Periapt":36,"Gremlin Horn":[28,28],"Happy Flower":[7],"counters":[26,104],"Blue Candle":[101],"Tingsha":[0],"Eternal Feather":103,"Letter Opener":[110],"Cursed Key":5,"Mercury Hourglass":[240],"Lizard Tail":0,"Busted Crown":22,"Shuriken":[1],"Bird Faced Urn":[88],"obtain_stats":[{"Darkstone Periapt":25,"Gremlin Horn":13,"Happy Flower":44,"The Specimen":48,"Blue Candle":9,"Tingsha":10,"Eternal Feather":19,"Hammer of Thor":0,"Seething Fire":0,"Letter Opener":42,"Cursed Key":0,"White Beast Statue":24,"Mercury Hourglass":28,"Anchor":7,"Lizard Tail":45,"Matryoshka":26,"Busted Crown":34,"Anvil of the Gods":0,"Shuriken":30,"Bird Faced Urn":37,"Molten Egg 2":0,"Ring of the Snake":0},{"Darkstone Periapt":13,"Gremlin Horn":8,"Happy Flower":22,"The Specimen":25,"Blue Candle":5,"Tingsha":6,"Eternal Feather":10,"Hammer of Thor":0,"Seething Fire":0,"Letter Opener":21,"Cursed Key":0,"White Beast Statue":12,"Mercury Hourglass":15,"Anchor":5,"Lizard Tail":23,"Matryoshka":13,"Busted Crown":17,"Anvil of the Gods":0,"Shuriken":16,"Bird Faced Urn":19,"Molten Egg 2":0,"Ring of the Snake":0},{"Darkstone Periapt":43,"Gremlin Horn":24,"Happy Flower":83,"The Specimen":96,"Blue Candle":13,"Tingsha":15,"Eternal Feather":31,"Hammer of Thor":0,"Seething Fire":0,"Letter Opener":78,"Cursed Key":0,"White Beast Statue":39,"Mercury Hourglass":51,"Anchor":13,"Lizard Tail":89,"Matryoshka":43,"Busted Crown":59,"Anvil of the Gods":0,"Shuriken":55,"Bird Faced Urn":69,"Molten Egg 2":0,"Ring of the Snake":0}],"Ring of the Snake":[52]},"card_choices":[{"not_picked":[],"picked":"Bandage Up","floor":38}],"player_experience":127101,"relics_obtained":[{"floor":7,"key":"Anchor"},{"floor":9,"key":"Blue Candle"},{"floor":10,"key":"Tingsha"},{"floor":13,"key":"Gremlin Horn"},{"floor":24,"key":"White Beast Statue"},{"floor":25,"key":"Darkstone Periapt"},{"floor":26,"key":"Matryoshka"},{"floor":28,"key":"Mercury Hourglass"},{"floor":30,"key":"Shuriken"},{"floor":37,"key":"Bird Faced Urn"},{"floor":42,"key":"Letter Opener"},{"floor":44,"key":"Happy Flower"},{"floor":45,"key":"Lizard Tail"},{"floor":48,"key":"The Specimen"}],"event_choices":[{"damage_healed":0,"gold_gain":100,"player_choice":"Pray","damage_taken":0,"max_hp_gain":0,"max_hp_loss":0,"event_name":"Golden Shrine","floor":3,"gold_loss":0},{"damage_healed":0,"gold_gain":0,"player_choice":"2 cards matched","damage_taken":0,"max_hp_gain":0,"max_hp_loss":0,"event_name":"Match and Keep!","floor":11,"gold_loss":0,"cards_obtained":["Panacea","Die Die Die"]},{"cards_removed":["Pain"],"damage_healed":0,"gold_gain":0,"player_choice":"Card Removal","damage_taken":0,"max_hp_gain":0,"max_hp_loss":0,"event_name":"The Cleric","floor":14,"gold_loss":50},{"cards_removed":["Pain"],"damage_healed":0,"gold_gain":0,"player_choice":"Gave Gold","damage_taken":0,"max_hp_gain":0,"max_hp_loss":0,"event_name":"Beggar","floor":20,"gold_loss":75},{"damage_healed":0,"gold_gain":0,"player_choice":"Ignored","damage_taken":0,"max_hp_gain":0,"max_hp_loss":0,"event_name":"Tomb of Lord Red Mask","floor":36,"gold_loss":0},{"damage_healed":0,"gold_gain":0,"player_choice":"Fight","damage_taken":0,"max_hp_gain":0,"max_hp_loss":0,"event_name":"MindBloom","floor":37,"gold_loss":0},{"damage_healed":0,"gold_gain":0,"player_choice":"Memory 3","damage_taken":10,"max_hp_gain":0,"max_hp_loss":0,"event_name":"SensoryStone","floor":38,"gold_loss":0},{"damage_healed":0,"gold_gain":0,"player_choice":"Ignored","damage_taken":0,"max_hp_gain":0,"max_hp_loss":0,"event_name":"Fountain of Cleansing","floor":39,"gold_loss":0},{"damage_healed":0,"gold_gain":0,"player_choice":"Fight","damage_taken":0,"max_hp_gain":0,"max_hp_loss":0,"event_name":"Mysterious Sphere","floor":45,"gold_loss":0}],"is_beta":false,"boss_relics":[{"not_picked":["Runic Dome","Coffee Dripper"],"picked":"Cursed Key"},{"not_picked":["Philosopher\u0027s Stone","HoveringKite"],"picked":"Busted Crown"}],"items_purged_floors":[],"is_endless":false,"potions_floor_spawned":[5,12,13,18,25,27,28,30,33,35,37,40,42,44,45,47,48],"ascension_level":1}}