{"host":"3l7pjqamlik2rm5b","time":1614202077,"event":{"mods":["Aspiration","BaseMod","BetterRewards","Colored Map","Conspire","Custom Start","Energized Spire","GifTheSpireLib","GungeonMod","Halation","Hubris","Infinite Spire","Minty Spire (QoL Compilation)","Replay The Spire","Spikes Relics","StSLib","Stuff the Spire","The Jungle"],"gold_per_floor":[117,117,117,127,139,164,164,164,191,191,201,212,65,78,78,183,183,183,183,183,69,69,69,69,69,69,69,69,69,69,69,69,69,69,69,32,32,32,32,32,5,5,5,5,5,5,5,5,5,5],"floor_reached":51,"language":"ENG","playtime":3547,"items_purged":["Strike_R"],"score":953,"play_id":"d89524ef-c5b9-4b78-ae06-bc167fda25dd","local_time":"20210224212757","is_ascension_mode":false,"campfire_choices":[{"floor":10.0,"key":"REST"},{"data":"hubris:Fate","floor":15.0,"key":"SMITH"},{"data":"Inflame","floor":23,"key":"SMITH"},{"data":"infinitespire:Starlight","floor":30,"key":"SMITH"},{"data":"Feel No Pain","floor":32,"key":"SMITH"},{"data":"infinitespire:NeuralNetwork","floor":40,"key":"SMITH"},{"data":"Demon Form","floor":47,"key":"SMITH"},{"data":"Dual Wield","floor":49,"key":"SMITH"}],"circlet_count":0,"master_deck":["Defend_R","Bash","ReplayTheSpireMod:Muscle Training+1","Carnage","Cleave","hubris:Fate+1","Pummel","Twin Strike","conspire:Purge+1","Heavy Blade+1","Inflame+1","Armaments+1","StuffTheSpire:Slingshot+1","Spot Weakness+1","infinitespire:Starlight+1","infinitespire:TheBestDefense","Rampage+1","StuffTheSpire:Incineration+1","Feel No Pain+1","Demon Form+1","Clash","Flex","infinitespire:NeuralNetwork+1","True Grit+1","Dual Wield+1","Shrug It Off","StuffTheSpire:Resist+1"],"relics":["Burning Blood","NeowsBlessing","Replay:Bottled Flurry","Bag of Marbles","Oddly Smooth Stone","ReplayFunnel","Ectoplasm","StuffTheSpire:Barrel","Philosopher\u0027s Stone","conspire:RoyalGoblet","infinitespire:EvilPickle","War Paint","infinitespire:FocusingShard"],"acts_visited":["Exordium","TheCity","TheBeyond"],"potions_floor_usage":[24,33,33,33,33,33,33,33,33],"damage_taken":[{"damage":0.0,"enemies":"Cultist","floor":1.0,"turns":1.0},{"damage":0.0,"enemies":"2 Louse","floor":4.0,"turns":1.0},{"damage":0.0,"enemies":"Jaw Worm","floor":5.0,"turns":1.0},{"damage":39.0,"enemies":"3 Sentries","floor":6.0,"turns":8.0},{"damage":0.0,"enemies":"2 Fungi Beasts","floor":11.0,"turns":3.0},{"damage":1.0,"enemies":"Exordium Thugs","floor":12.0,"turns":4.0},{"damage":0.0,"enemies":"3 Louse","floor":14.0,"turns":3.0},{"damage":29.0,"enemies":"Fading Forest","floor":16.0,"turns":11.0},{"damage":6.0,"enemies":"Shell Parasite","floor":18.0,"turns":4.0},{"damage":4.0,"enemies":"3 Byrds","floor":19.0,"turns":6.0},{"damage":13,"enemies":"Centurion and Healer","floor":22,"turns":2},{"damage":11,"enemies":"Snecko","floor":24,"turns":3},{"damage":12,"enemies":"Cultist and Chosen","floor":25,"turns":3},{"damage":12,"enemies":"Chosen and Byrds","floor":28,"turns":3},{"damage":15,"enemies":"Centurion and Healer","floor":29,"turns":3},{"damage":19,"enemies":"Sentry and Sphere","floor":31,"turns":5},{"damage":25,"enemies":"Pondfish","floor":33,"turns":8},{"damage":22,"enemies":"3 Shapes","floor":35,"turns":7},{"damage":6,"enemies":"3 Darklings","floor":37,"turns":9},{"damage":12,"enemies":"4 Shapes","floor":42,"turns":5},{"damage":17,"enemies":"conspire:MimicChest","floor":44,"turns":6},{"damage":35,"enemies":"Writhing Mass","floor":46,"turns":4},{"damage":1,"enemies":"Spire Growth","floor":48,"turns":3},{"damage":45,"enemies":"Time Eater","floor":50,"turns":7}],"seed_played":"5327761484408935385","potions_obtained":[{"floor":1.0,"key":"FearPotion"},{"floor":5.0,"key":"PowerPotion"},{"floor":14.0,"key":"Elixir"},{"floor":19.0,"key":"FearPotion"},{"floor":20,"key":"EntropicBrew"},{"floor":22,"key":"PowerPotion"},{"floor":31,"key":"DemoMod:LeadSkinPotion"},{"floor":44,"key":"BlessingOfTheForge"},{"floor":48,"key":"Adrenaline Potion"}],"is_trial":false,"path_per_floor":["M","$","?","M","M","E","?","?","T","R","M","M","$","M","R","B",null,"M","M","?","$","M","R","M","M","T","AVR","M","M","R","M","R","B",null,"M","$","M","AVR","?","R","$","M","T","?","$","M","R","M","R","B",null],"character_chosen":"IRONCLAD","items_purchased":["ReplayFunnel","Armaments+1","Flex","True Grit"],"campfire_rested":1,"item_purchase_floors":[13,21,36,41],"current_hp_per_floor":[80,80,80,80,80,47,47,27,27,51,57,62,62,68,68,45,80,80,80,80,80,73,73,68,62,62,62,66,67,67,69,69,80,80,64,64,80,80,80,80,80,80,80,77,77,71,71,80,80,63],"gold":5,"neow_bonus":"THREE_ENEMY_KILL","is_daily":false,"chose_seed":false,"campfire_upgraded":7,"win_rate":0.0,"timestamp":1614202077,"path_taken":["M","$","?","?","M","E","?","?","T","R","M","M","$","M","R","BOSS","M","M","?","?","M","R","M","M","T","AVR","M","M","R","M","R","BOSS","M","$","M","AVR","?","R","?","M","T","?","$","M","R","?","R","BOSS"],"items_purchased_type":["Relic","Card","Card","Card"],"build_version":"2020-12-22","purchased_purges":1,"victory":true,"max_hp_per_floor":[80,80,80,80,80,80,80,80,80,80,80,80,80,80,80,80,80,80,80,80,80,80,80,80,80,80,80,80,80,80,80,80,80,80,80,80,80,80,80,80,80,80,80,80,80,80,80,80,80,80],"card_choices":[{"not_picked":["Cleave","ReplayTheSpireMod:Strike From Hell"],"picked":"ReplayTheSpireMod:Muscle Training","floor":1.0},{"not_picked":["Uppercut","Replay:Undeath\u0027s Touch","Whirlwind"],"picked":"SKIP","floor":4.0},{"not_picked":["Replay:Undeath\u0027s Touch","StuffTheSpire:Incineration"],"picked":"Carnage","floor":5.0},{"not_picked":["Combust","StuffTheSpire:TitanForm"],"picked":"Cleave","floor":6.0},{"not_picked":["ReplayTheSpireMod:Chaos Vortex","infinitespire:SevenWalls"],"picked":"hubris:Fate","floor":8.0},{"not_picked":["StuffTheSpire:RagingBull","Perfected Strike","Battle Trance"],"picked":"SKIP","floor":11.0},{"not_picked":["Thunderclap","StuffTheSpire:BloodClot"],"picked":"Pummel","floor":12.0},{"not_picked":["hubris:ReadiedAction","Dark Embrace"],"picked":"Twin Strike","floor":14.0},{"not_picked":["Impervious","Replay:Many Hands"],"picked":"conspire:Purge","floor":16.0},{"not_picked":["Shrug It Off","Twin Strike"],"picked":"Heavy Blade+1","floor":18.0},{"not_picked":["Replay:Many Hands","StuffTheSpire:RagingBull"],"picked":"ReplayTheSpireMod:Strike From Hell+1","floor":19.0},{"not_picked":["Battle Trance","Armaments"],"picked":"Inflame","floor":20},{"not_picked":["Burning Pact","BarbarianYell"],"picked":"StuffTheSpire:Slingshot+1","floor":22},{"not_picked":["Thunderclap+1","Burning Pact"],"picked":"Entrench","floor":24},{"not_picked":["Sword Boomerang","Shockwave+1"],"picked":"Spot Weakness+1","floor":25},{"not_picked":["Fiend Fire","Whirlwind"],"picked":"Rampage+1","floor":28},{"not_picked":["Feel No Pain","conspire:Charge"],"picked":"StuffTheSpire:Incineration+1","floor":29},{"not_picked":["ReplayTheSpireMod:LeadingStrike+1","Shockwave+1"],"picked":"Feel No Pain","floor":31},{"not_picked":["StuffTheSpire:TitanForm","Berserk"],"picked":"Demon Form","floor":33},{"not_picked":["Thunderclap","Rupture+1"],"picked":"Clash","floor":35},{"not_picked":["Armaments","Reckless Charge","StuffTheSpire:Incineration+1"],"picked":"SKIP","floor":37},{"not_picked":["Sword Boomerang+1","Body Slam"],"picked":"Dual Wield","floor":42},{"not_picked":["Iron Wave","Absolvement+1"],"picked":"Shrug It Off","floor":44},{"not_picked":["hubris:ReadiedAction","Heavy Blade+1"],"picked":"StuffTheSpire:Resist+1","floor":46},{"not_picked":["Clash","Bloodletting","ReplayTheSpireMod:Strike From Hell"],"picked":"SKIP","floor":48}],"player_experience":124000,"relics_obtained":[{"floor":6.0,"key":"Bag of Marbles"},{"floor":9.0,"key":"Oddly Smooth Stone"},{"floor":20,"key":"StuffTheSpire:Barrel"},{"floor":43,"key":"War Paint"},{"floor":44,"key":"infinitespire:FocusingShard"}],"event_choices":[{"damage_healed":0.0,"max_hp_gain":0.0,"max_hp_loss":0.0,"gold_gain":0.0,"event_name":"WeMeetAgain","player_choice":"Gave Potion","floor":3.0,"gold_loss":0.0,"damage_taken":0.0,"relics_obtained":["Replay:Bottled Flurry"]},{"cards_removed":["Flex"],"damage_healed":0,"gold_gain":0,"player_choice":"Purged","damage_taken":0,"max_hp_gain":0,"max_hp_loss":0,"event_name":"Purifier","floor":39,"gold_loss":0}],"is_beta":false,"boss_relics":[{"not_picked":["aspiration:SecretTechniqueScroll","StuffTheSpire:ModemDavis"],"picked":"Ectoplasm"},{"not_picked":["Electric Blood","aspiration:SilentSkillbook"],"picked":"conspire:RoyalGoblet"}],"items_purged_floors":[21],"is_endless":false,"potions_floor_spawned":[1,5,14,19,22,31,44,48],"ascension_level":0}}