{"host":"z4s4qib7mdvdkfud","time":1614169876,"event":{"mods":["BaseMod","Colored Map","Colored Powertips","Curses Come First","DeckTracker","Downfall","Highlight Path","Minty Spire (QoL Compilation)","Permanent Neow","StSLib"],"gold_per_floor":[99,118,128,35,46,146,170,228,258,58,70,99,99,113,124,223,223,123,143,162,173,184,204,204,204,204,204],"floor_reached":25,"language":"ENG","playtime":1676,"items_purged":[],"score":267,"play_id":"49935694-62b5-4869-9ed2-2446f194d790","local_time":"20210224233116","is_ascension_mode":false,"campfire_choices":[{"floor":1,"key":"RECALL"},{"data":"sneckomod:SoulDraw","floor":10,"key":"SMITH"},{"floor":13,"key":"REST"},{"data":"sneckomod:WideSting","floor":18,"key":"SMITH"}],"circlet_count":0,"master_deck":["sneckomod:Strike","sneckomod:Strike","sneckomod:Strike","sneckomod:Defend","sneckomod:Defend","sneckomod:Defend","sneckomod:TailWhip","sneckomod:SnekBite","sneckomod:Unknown","sneckomod:Unknown","sneckomod:Nope","sneckomod:SoulDraw+1","sneckomod:UnknownCommonAttack","sneckomod:SnakeSap","sneckomod:UnknownUncommonSkill","sneckomod:QuickMove","sneckomod:QuickBite","sneckomod:UnknownUncommonPower","sneckomod:SoulDraw+1","sneckomod:WideSting+1","sneckomod:UnknownDraw+1","sneckomod:Cheat+1","sneckomod:UnknownClassRED+1","sneckomod:UnknownClassRED+1","sneckomod:UnknownClassRED+1","sneckomod:UnknownClassRED+1","sneckomod:UnknownClassRED+1","sneckomod:RainOfDice","sneckomod:UnknownX+1","sneckomod:CheapStock","Berserk","sneckomod:DiceBlock+1"],"relics":["sneckomod:SneckoSoul","Happy Flower","Juzu Bracelet","Orichalcum","downfall:HeartBlessingRed","downfall:HeartBlessingGreen","Toxic Egg 2","sneckomod:SneckoBoss","downfall:HeartBlessingBlue","Eternal Feather"],"acts_visited":["Exordium","TheCity"],"potions_floor_usage":[9,23,25],"damage_taken":[{"damage":0,"enemies":"Jaw Worm","floor":2,"turns":3},{"damage":7,"enemies":"Small Slimes","floor":3,"turns":3},{"damage":5,"enemies":"downfall:FleeingMerchant","floor":4,"turns":4},{"damage":0,"enemies":"Cultist","floor":5,"turns":3},{"damage":35,"enemies":"Gremlin Nob","floor":8,"turns":5},{"damage":27,"enemies":"3 Sentries","floor":9,"turns":8},{"damage":2,"enemies":"Exordium Thugs","floor":11,"turns":3},{"damage":6,"enemies":"Gremlin Nob","floor":12,"turns":3},{"damage":2,"enemies":"Exordium Wildlife","floor":14,"turns":3},{"damage":0,"enemies":"3 Louse","floor":15,"turns":1},{"damage":2,"enemies":"WA_ARCHETYPE_RETAIN","floor":16,"turns":5},{"damage":0,"enemies":"3 Byrds","floor":19,"turns":3},{"damage":21,"enemies":"downfall:LooterAlt2","floor":20,"turns":5},{"damage":14,"enemies":"Centurion and Healer","floor":21,"turns":7},{"damage":18,"enemies":"Snake Plant","floor":22,"turns":7},{"damage":9,"enemies":"3 Cultists","floor":23,"turns":4},{"damage":50,"enemies":"Slavers","floor":25,"turns":3}],"seed_played":"-1058312018222945625","potions_obtained":[{"floor":5,"key":"sneckomod:CheatPotion"},{"floor":8,"key":"Fruit Juice"},{"floor":11,"key":"SteroidPotion"},{"floor":14,"key":"ColorlessPotion"},{"floor":15,"key":"CultistPotion"}],"is_trial":false,"path_per_floor":["R","M","M","$","M","?","T","?","E","R","M","E","R","M","M","B",null,"R","M","M","M","M","M","T","E"],"character_chosen":"THE_SNECKO","items_purchased":["sneckomod:SnakeSap"],"campfire_rested":1,"item_purchase_floors":[4],"current_hp_per_floor":[90,90,83,78,78,78,78,43,21,21,19,13,41,39,39,37,95,105,105,84,74,56,47,47,0,0,0],"gold":204,"neow_bonus":"RANDOM_COMMON_RELIC","is_daily":false,"chose_seed":false,"campfire_upgraded":2,"win_rate":0.0,"timestamp":1614169876,"path_taken":["R","M","M","$","M","?","T","?","E","R","M","E","R","M","M","BOSS","R","M","M","M","M","M","T","E"],"items_purchased_type":["Card"],"build_version":"2020-12-22","purchased_purges":0,"victory":false,"max_hp_per_floor":[90,90,90,90,90,90,90,90,95,95,95,95,95,95,95,95,95,105,105,105,109,109,109,109,109,109,109],"card_choices":[{"not_picked":["sneckomod:QuickBite","sneckomod:RainOfDice"],"picked":"sneckomod:Nope","floor":2},{"not_picked":["sneckomod:UnknownExhaust","sneckomod:UnknownDraw"],"picked":"sneckomod:SoulDraw","floor":3},{"not_picked":["sneckomod:Unknown1Cost","sneckomod:UnknownRareSkill"],"picked":"sneckomod:UnknownCommonAttack","floor":4},{"not_picked":["sneckomod:ImprovisedGuard","sneckomod:UnknownCommonSkill"],"picked":"sneckomod:UnknownUncommonSkill","floor":5},{"not_picked":["sneckomod:UnknownBlock","sneckomod:Nope"],"picked":"sneckomod:QuickMove","floor":8},{"not_picked":["sneckomod:UnknownCommonSkill","sneckomod:Mudshield"],"picked":"sneckomod:QuickBite","floor":9},{"not_picked":["sneckomod:RainOfDice","sneckomod:UnknownCommonAttack"],"picked":"sneckomod:UnknownUncommonPower","floor":11},{"not_picked":["sneckomod:UnknownUncommonSkill+1","sneckomod:UnknownUncommonPower"],"picked":"sneckomod:SoulDraw+1","floor":12},{"not_picked":["sneckomod:UnknownCommonAttack","sneckomod:UnknownBoss+1"],"picked":"sneckomod:WideSting","floor":14},{"not_picked":["sneckomod:DiceCrush","sneckomod:SoulDraw+1"],"picked":"sneckomod:UnknownDraw+1","floor":15},{"not_picked":["sneckomod:UnknownRarePower","sneckomod:Unknown3Cost+1"],"picked":"sneckomod:Cheat+1","floor":16},{"not_picked":["sneckomod:DefensiveFlair+1","sneckomod:UnknownStrike"],"picked":"sneckomod:RainOfDice","floor":19},{"not_picked":["sneckomod:ImprovisedGuard+1","sneckomod:Unknown1Cost+1"],"picked":"sneckomod:UnknownX+1","floor":20},{"not_picked":["sneckomod:UnknownCommonAttack","sneckomod:UnknownVulnerable+1"],"picked":"sneckomod:CheapStock","floor":21},{"not_picked":["Combust","Dropkick"],"picked":"Berserk","floor":22},{"not_picked":["sneckomod:SerpentIdol+1","sneckomod:UnknownWeak+1"],"picked":"sneckomod:DiceBlock+1","floor":22},{"not_picked":["sneckomod:UnknownClassRED+1","sneckomod:UnknownCommonAttack","sneckomod:DiceBoulder"],"picked":"SKIP","floor":23}],"player_experience":73965,"relics_obtained":[{"floor":8,"key":"Juzu Bracelet"},{"floor":9,"key":"Orichalcum"},{"floor":12,"key":"Toxic Egg 2"},{"floor":24,"key":"Eternal Feather"}],"event_choices":[],"is_beta":false,"boss_relics":[{"not_picked":["SacredBark","Black Star"],"picked":"sneckomod:SneckoBoss"}],"items_purged_floors":[],"is_endless":false,"potions_floor_spawned":[5,8,11,14,15,19,21,22],"killed_by":"Slavers","ascension_level":0}}