{"host":"ju66gn9zov5ov15o","time":1614204503,"event":{"mods":["100% Spire Juice","2.2 Compatiblity","Act Like it!","Aspiration","BaseMod","Conspire","Downfall","GifTheSpireLib","Hubris","Lobotomy","LobotomyExtend","Marisa????????","Minty Spire (QoL Compilation)","Pale of the Ancients","Rare Cards Sparkle","Relic Stats","Ruina","Shapeshifter Mod","StSLib","The Alterego","The Animator"],"gold_per_floor":[99,109,124,58,75,75,75,75,75,75,75],"floor_reached":9,"language":"ENG","playtime":452,"items_purged":[],"score":51,"play_id":"bb670a5f-8933-420b-860a-2013327dd0e3","local_time":"20210224230823","is_ascension_mode":false,"campfire_choices":[{"floor":1,"key":"RECALL"},{"data":"bronze:Flail","floor":6,"key":"SMITH"}],"circlet_count":0,"master_deck":["bronze:Strike","bronze:Strike","bronze:Strike","bronze:Strike","bronze:Defend","bronze:Defend","bronze:Defend","bronze:Defend","bronze:Replicate","bronze:Goto","bronze:OilSpill","bronze:Branch","bronze:Overheat","bronze:DelayedSlice","bronze:Flail+1","bronze:Spike","bronze:Explode"],"relics":["bronze:BronzeCore","Turnip","aspiration:VileToxins"],"acts_visited":["Exordium"],"potions_floor_usage":[4,4,4],"damage_taken":[{"damage":5,"enemies":"2 Louse","floor":2,"turns":3},{"damage":1,"enemies":"Jaw Worm","floor":3,"turns":3},{"damage":2,"enemies":"downfall:FleeingMerchant","floor":4,"turns":4},{"damage":0,"enemies":"Cultist","floor":5,"turns":2},{"damage":32,"enemies":"Cultist","floor":8,"turns":3},{"damage":23,"enemies":"Lagavulin","floor":9,"turns":3}],"seed_played":"-6715113147298913808","potions_obtained":[{"floor":2,"key":"EntropicBrew"}],"is_trial":false,"path_per_floor":["R","M","M","$","M","R","T","?","E"],"character_chosen":"THE_AUTOMATON","items_purchased":["bronze:DelayedSlice"],"campfire_rested":0,"item_purchase_floors":[4],"current_hp_per_floor":[63,58,57,55,55,55,55,23,0,0,0],"gold":75,"neow_bonus":"ONE_RARE_RELIC","is_daily":false,"chose_seed":false,"campfire_upgraded":1,"win_rate":0.0,"timestamp":1614204503,"path_taken":["R","M","M","$","M","R","T","?","E"],"items_purchased_type":["Card"],"build_version":"2020-12-22","purchased_purges":0,"victory":false,"max_hp_per_floor":[63,63,63,63,63,63,63,63,63,63,63],"relic_stats":{"counters":[6,18],"Turnip":[0],"obtain_stats":[{"aspiration:VileToxins":7,"bronze:BronzeCore":0,"Turnip":0},{"aspiration:VileToxins":4,"bronze:BronzeCore":0,"Turnip":0},{"aspiration:VileToxins":12,"bronze:BronzeCore":0,"Turnip":0}]},"card_choices":[{"not_picked":["bronze:Turbo","bronze:Return"],"picked":"bronze:OilSpill","floor":2},{"not_picked":["bronze:WildBeam","bronze:BuggyMess"],"picked":"bronze:Branch","floor":3},{"not_picked":["bronze:Iterate","bronze:DelayedGuard"],"picked":"bronze:Overheat","floor":4},{"not_picked":["bronze:Deprecate","bronze:Turbo"],"picked":"bronze:Flail","floor":5},{"not_picked":[],"picked":"bronze:Spike","floor":8},{"not_picked":[],"picked":"bronze:Explode","floor":8}],"player_experience":531243,"relics_obtained":[{"floor":7,"key":"aspiration:VileToxins"}],"event_choices":[],"is_beta":false,"boss_relics":[],"items_purged_floors":[],"is_endless":false,"potions_floor_spawned":[2],"killed_by":"Lagavulin","ascension_level":0}}