{"host":"cr9rpoy6dx9riis3","time":1614167505,"event":{"mods":["AchievementEnabler","BaseMod","Better Altar","Better Note","Better Sensory Stone","Better Skull","Better Third Choice","Better-Laid Plans","BetterRewards","Block Reminder","Curses Come First","Displayed Cursed Tome","Emptier Cage","Marked Mod","Minty Spire (QoL Compilation)","Permanent Neow","Relic Sorter","StSLib","The Blue Laboratory","Transform Curses"],"gold_per_floor":[110,130,30,30,130,130,155,165,165,195,9,44,44,10,10,115,115,128,142,154,5,5,5],"floor_reached":22,"language":"ENG","playtime":2905,"items_purged":["Eruption","Vigilance"],"score":347,"play_id":"1522e0a8-ed5e-4b63-a22c-106530db228a","local_time":"20210224125145","is_ascension_mode":true,"campfire_choices":[{"data":"Sadistic Nature","floor":6,"key":"SMITH"},{"floor":13,"key":"REST"},{"data":"MarkedMod:PinPointDefense","floor":15,"key":"SMITH"}],"circlet_count":0,"master_deck":["Strike_P","Strike_P","Strike_P","Defend_P+1","Defend_P","Sadistic Nature+1","SashWhip","Blind","PathToVictory+1","CarveReality","Vengeance","MarkedMod:OneThousandNeedles","MarkedMod:ChiBlock","DeceiveReality","MarkedMod:PinPointDefense+1","WaveOfTheHand","MarkedMod:NorthStar","Conclude","MarkedMod:GracefulMovements","MarkedMod:OneThousandNeedles","TalkToTheHand"],"relics":["PureWater","Kunai"],"acts_visited":["TheCity"],"potions_floor_usage":[10,16,20],"damage_taken":[{"damage":3,"enemies":"Small Slimes","floor":1,"turns":4},{"damage":0,"enemies":"Cultist","floor":2,"turns":4},{"damage":15,"enemies":"Lagavulin","floor":7,"turns":4},{"damage":1,"enemies":"2 Louse","floor":8,"turns":3},{"damage":9,"enemies":"Gremlin Nob","floor":10,"turns":5},{"damage":30,"enemies":"3 Sentries","floor":12,"turns":9},{"damage":8,"enemies":"Slime Boss","floor":16,"turns":7},{"damage":11,"enemies":"2 Thieves","floor":18,"turns":3},{"damage":28,"enemies":"3 Byrds","floor":19,"turns":3},{"damage":30,"enemies":"Snecko","floor":20,"turns":5},{"damage":8,"enemies":"Snake Plant","floor":22,"turns":1}],"seed_played":"-3583970097461810663","potions_obtained":[{"floor":2,"key":"blueLaboratory:TrueEctoplasm"},{"floor":12,"key":"Ancient Potion"},{"floor":18,"key":"EssenceOfSteel"},{"floor":19,"key":"blueLaboratory:Moonshine"}],"is_trial":false,"path_per_floor":["M","M","$","?","?","R","E","M","T","E","$","E","R","$","R","B",null,"M","M","M","$","M"],"character_chosen":"WATCHER","items_purchased":["Sadistic Nature","SashWhip","Blind","MarkedMod:ChiBlock","DeceiveReality","WaveOfTheHand","MarkedMod:OneThousandNeedles","TalkToTheHand"],"campfire_rested":1,"item_purchase_floors":[0,0,0,11,11,14,21,21],"current_hp_per_floor":[56,56,56,61,61,61,46,45,45,36,36,6,29,29,29,21,77,66,38,8,8,0,0],"gold":5,"neow_bonus":"","is_daily":false,"chose_seed":false,"campfire_upgraded":2,"win_rate":0.0,"timestamp":1614167505,"path_taken":["M","M","$","?","?","R","E","?","T","E","$","E","R","$","R","BOSS","M","M","M","$","M"],"items_purchased_type":["Card","Card","Card","Card","Card","Card","Card","Card"],"build_version":"2020-12-22","purchased_purges":2,"victory":false,"max_hp_per_floor":[72,72,72,77,77,77,77,77,77,77,77,77,77,77,77,77,77,77,77,77,77,77,77],"card_choices":[{"not_picked":["Halt","FlurryOfBlows"],"picked":"PathToVictory","floor":1},{"not_picked":["ClearTheMind","CutThroughFate"],"picked":"CarveReality","floor":2},{"not_picked":["BowlingBash","JustLucky","Blasphemy"],"picked":"SKIP","floor":7},{"not_picked":["FlyingSleeves","Conclude"],"picked":"Vengeance","floor":8},{"not_picked":["MarkedMod:Acupuncture","SignatureMove"],"picked":"MarkedMod:OneThousandNeedles","floor":10},{"not_picked":["Conclude","Crescendo"],"picked":"MarkedMod:PinPointDefense","floor":12},{"not_picked":["ConjureBlade","LessonLearned"],"picked":"MarkedMod:NorthStar","floor":16},{"not_picked":["Protect+1","MarkedMod:Acupuncture"],"picked":"Conclude","floor":18},{"not_picked":["Protect","CutThroughFate","FollowUp"],"picked":"SKIP","floor":19},{"not_picked":["FlyingSleeves","Prostrate"],"picked":"MarkedMod:GracefulMovements","floor":20}],"player_experience":796042,"relics_obtained":[{"floor":7,"key":"War Paint"},{"floor":10,"key":"Kunai"}],"event_choices":[{"damage_healed":0,"gold_gain":0,"player_choice":"Donut","damage_taken":0,"max_hp_gain":5,"max_hp_loss":0,"event_name":"Big Fish","floor":4,"gold_loss":0},{"damage_healed":0,"gold_gain":100,"player_choice":"Pray","damage_taken":0,"max_hp_gain":0,"max_hp_loss":0,"event_name":"Golden Shrine","floor":5,"gold_loss":0}],"is_beta":false,"boss_relics":[{"not_picked":["Tiny House","Black Star"],"picked":"Empty Cage"}],"items_purged_floors":[0,3],"is_endless":false,"potions_floor_spawned":[2,12,18,19],"killed_by":"Snake Plant","ascension_level":3}}