{"host":"03jd0k347uuzjnun","time":1614195450,"event":{"mods":["BaseMod","Bestiary","Minty Spire (QoL Compilation)","Permanent Neow","Quick Restart","Random Character Button","Relic Stats"],"gold_per_floor":[119,138,108,120,135,167,167,199,199,219,229,229,248,259,259,336,336,349,367,384,400,51,81,81,115,115,133,148,158,177,177,177],"floor_reached":31,"language":"ENG","playtime":3015,"items_purged":[],"score":644,"play_id":"42da268c-b04a-4b56-9e4d-3296dc57566c","local_time":"20210224203730","is_ascension_mode":true,"campfire_choices":[{"floor":7.0,"key":"REST"},{"floor":12.0,"key":"REST"},{"data":"Fasting2","floor":15.0,"key":"SMITH"},{"floor":24.0,"key":"REST"}],"circlet_count":0,"master_deck":["AscendersBane","Strike_P+1","Strike_P+1","Strike_P+1","Strike_P+1","Defend_P+1","Defend_P+1","Eruption","Vigilance+1","LessonLearned+1","Fasting2+1","Wallop+1","Wallop+1","FlyingSleeves+1","FlurryOfBlows+1","Prostrate+1","Wallop+1","Halt","CrushJoints+1","LessonLearned+1","Prostrate+1","ClearTheMind+1","Halt","FlurryOfBlows+1","EmptyBody","MentalFortress+1","TalkToTheHand+1","Flash of Steel+1","Tantrum","TalkToTheHand","Devotion"],"relics":["PureWater","Bottled Flame","Regal Pillow","Bag of Preparation","Cursed Key","Orrery","TeardropLocket","Whetstone"],"acts_visited":["Exordium","TheCity"],"potions_floor_usage":[25,30,31],"damage_taken":[{"damage":4.0,"enemies":"Cultist","floor":1.0,"turns":3.0},{"damage":0.0,"enemies":"2 Louse","floor":2.0,"turns":2.0},{"damage":0.0,"enemies":"Jaw Worm","floor":4.0,"turns":2.0},{"damage":0.0,"enemies":"Large Slime","floor":5.0,"turns":2.0},{"damage":24.0,"enemies":"Lagavulin","floor":6.0,"turns":7.0},{"damage":13.0,"enemies":"3 Sentries","floor":8.0,"turns":7.0},{"damage":0.0,"enemies":"Exordium Wildlife","floor":10.0,"turns":5.0},{"damage":12.0,"enemies":"Blue Slaver","floor":11.0,"turns":5.0},{"damage":0.0,"enemies":"Large Slime","floor":13.0,"turns":4.0},{"damage":0.0,"enemies":"Looter","floor":14.0,"turns":1.0},{"damage":29.0,"enemies":"Slime Boss","floor":16.0,"turns":8.0},{"damage":7.0,"enemies":"2 Thieves","floor":18.0,"turns":4.0},{"damage":17.0,"enemies":"Spheric Guardian","floor":19.0,"turns":6.0},{"damage":3.0,"enemies":"Centurion and Healer","floor":20.0,"turns":8.0},{"damage":24.0,"enemies":"Snecko","floor":21.0,"turns":6.0},{"damage":0.0,"enemies":"Book of Stabbing","floor":23.0,"turns":4.0},{"damage":2,"enemies":"Gremlin Leader","floor":25,"turns":4},{"damage":15,"enemies":"3 Cultists","floor":27,"turns":7},{"damage":15,"enemies":"Snake Plant","floor":28,"turns":5},{"damage":0,"enemies":"Centurion and Healer","floor":29,"turns":10},{"damage":0,"enemies":"Snecko","floor":30,"turns":5},{"damage":9,"enemies":"Sentry and Sphere","floor":31,"turns":3}],"seed_played":"7544653101496956868","potions_obtained":[{"floor":3.0,"key":"DuplicationPotion"},{"floor":3.0,"key":"Energy Potion"},{"floor":6.0,"key":"LiquidBronze"},{"floor":8.0,"key":"EssenceOfSteel"},{"floor":10.0,"key":"SpeedPotion"},{"floor":14.0,"key":"Energy Potion"},{"floor":19.0,"key":"Energy Potion"},{"floor":20.0,"key":"CultistPotion"},{"floor":23.0,"key":"DuplicationPotion"},{"floor":25,"key":"DistilledChaos"},{"floor":28,"key":"ColorlessPotion"}],"is_trial":false,"path_per_floor":["M","M","?","M","M","E","R","E","T","M","M","R","M","M","R","B",null,"M","M","M","M","$","E","R","E","T","M","M","M","M","M"],"character_chosen":"WATCHER","items_purchased":["Orrery","TalkToTheHand","Flash of Steel"],"campfire_rested":3,"item_purchase_floors":[22,22,22],"current_hp_per_floor":[39,39,39,39,39,15,35,22,22,22,10,45,45,45,45,16,55,48,31,28,4,4,4,39,37,37,22,7,7,7,0,0],"gold":177,"neow_bonus":"TRANSFORM_TWO_CARDS","is_daily":false,"chose_seed":false,"campfire_upgraded":1,"win_rate":0.0,"timestamp":1614195450,"path_taken":["M","?","?","M","M","E","R","E","T","M","M","R","M","M","R","BOSS","M","?","M","M","$","E","R","E","T","M","M","M","M","M"],"items_purchased_type":["Relic","Card","Card"],"build_version":"2020-12-22","purchased_purges":0,"victory":false,"max_hp_per_floor":[68,68,68,68,68,68,68,68,68,68,68,68,68,68,68,68,68,68,68,68,68,68,68,68,68,68,68,68,68,68,68,68],"relic_stats":{"Regal Pillow":30,"counters":[22,108],"Bag of Preparation":[32],"Whetstone":["Flash of Steel","Strike_P"],"Cursed Key":0,"obtain_stats":[{"Bottled Flame":6,"Regal Pillow":8,"Orrery":22,"Bag of Preparation":9,"TeardropLocket":23,"Whetstone":25,"PureWater":0,"Cursed Key":17},{"Bottled Flame":5,"Regal Pillow":6,"Orrery":15,"Bag of Preparation":6,"TeardropLocket":16,"Whetstone":17,"PureWater":0,"Cursed Key":11},{"Bottled Flame":16,"Regal Pillow":23,"Orrery":70,"Bag of Preparation":23,"TeardropLocket":74,"Whetstone":78,"PureWater":0,"Cursed Key":46}]},"card_choices":[{"not_picked":["FlyingSleeves","BowlingBash"],"picked":"Wallop","floor":1.0},{"not_picked":["CarveReality","InnerPeace"],"picked":"Wallop","floor":2.0},{"not_picked":["SandsOfTime","DeceiveReality"],"picked":"FlyingSleeves","floor":4.0},{"not_picked":["Evaluate","FlyingSleeves"],"picked":"FlurryOfBlows","floor":5.0},{"not_picked":["Protect","ClearTheMind"],"picked":"Prostrate","floor":6.0},{"not_picked":["Protect","Alpha"],"picked":"Wallop","floor":8.0},{"not_picked":["Conclude","Protect"],"picked":"Halt","floor":10.0},{"not_picked":["ReachHeaven","SignatureMove"],"picked":"CrushJoints","floor":11.0},{"not_picked":["Protect","Pray","FlyingSleeves"],"picked":"SKIP","floor":13.0},{"not_picked":["PathToVictory","BowlingBash","CrushJoints"],"picked":"SKIP","floor":14.0},{"not_picked":["Brilliance","MasterReality"],"picked":"LessonLearned","floor":16.0},{"not_picked":["Collect","CrushJoints+1"],"picked":"Prostrate","floor":18.0},{"not_picked":["CrushJoints+1","SandsOfTime"],"picked":"ClearTheMind+1","floor":19.0},{"not_picked":["FlurryOfBlows","BowlingBash"],"picked":"Halt","floor":20.0},{"not_picked":["FlyingSleeves","BowlingBash","Indignation"],"picked":"SKIP","floor":21.0},{"not_picked":["FlyingSleeves+1","ClearTheMind"],"picked":"FlurryOfBlows","floor":22.0},{"not_picked":["BattleHymn","Wallop"],"picked":"EmptyBody","floor":22.0},{"not_picked":["BattleHymn","WheelKick"],"picked":"MentalFortress","floor":22.0},{"not_picked":["CutThroughFate","Evaluate","ClearTheMind"],"picked":"SKIP","floor":23.0},{"not_picked":["Swivel","ClearTheMind","Fasting2"],"picked":"SKIP","floor":25},{"not_picked":["Consecrate","EmptyBody"],"picked":"Tantrum","floor":27},{"not_picked":["SandsOfTime","Perseverance","WaveOfTheHand"],"picked":"SKIP","floor":28},{"not_picked":["Adaptation","Pray"],"picked":"TalkToTheHand","floor":29},{"not_picked":["Crescendo","Vengeance+1"],"picked":"Devotion","floor":30}],"player_experience":1466099,"relics_obtained":[{"floor":6.0,"key":"Bottled Flame"},{"floor":8.0,"key":"Regal Pillow"},{"floor":9.0,"key":"Bag of Preparation"},{"floor":23.0,"key":"TeardropLocket"},{"floor":25,"key":"Whetstone"}],"event_choices":[{"damage_healed":0.0,"max_hp_gain":0.0,"max_hp_loss":0.0,"gold_gain":0.0,"event_name":"The Woman in Blue","player_choice":"Bought 2 Potions","floor":3.0,"gold_loss":0.0,"damage_taken":0.0}],"is_beta":false,"boss_relics":[{"not_picked":["HolyWater","Astrolabe"],"picked":"Cursed Key"}],"items_purged_floors":[],"is_endless":false,"potions_floor_spawned":[6,8,10,14,19,20,23,25,28],"killed_by":"Sentry and Sphere","ascension_level":20}}