{"host":"9l1knhxfturzliqa","time":1614146357,"event":{"mods":["AchievementEnabler","BaseMod","Colored Map","Colored Powertips","DeckTracker","Highlight Path","Keyboard Shortcuts","Minty Spire (QoL Compilation)","Random Character Button"],"gold_per_floor":[18,33,43,58,74,74,174,174,174],"floor_reached":8,"language":"KOR","playtime":295,"items_purged":[],"score":85,"play_id":"7e9ec1cb-efa9-45ee-9b2d-85148e1debb7","local_time":"20210224145917","is_ascension_mode":true,"campfire_choices":[{"floor":6,"key":"REST"}],"circlet_count":0,"master_deck":["AscendersBane","Strike_B","Strike_B","Strike_B","Strike_B","Defend_B","Defend_B","Defend_B","Defend_B","Zap","Dualcast","Blizzard","Conserve Battery","Go for the Eyes"],"relics":["Cracked Core","Calipers"],"acts_visited":["Exordium"],"potions_floor_usage":[5,5],"damage_taken":[{"damage":12.0,"enemies":"Small Slimes","floor":1.0,"turns":3.0},{"damage":1.0,"enemies":"Cultist","floor":2.0,"turns":3.0},{"damage":0.0,"enemies":"2 Louse","floor":3.0,"turns":4.0},{"damage":20.0,"enemies":"Lots of Slimes","floor":4.0,"turns":4.0},{"damage":29,"enemies":"Exordium Thugs","floor":5,"turns":5},{"damage":31,"enemies":"Lagavulin","floor":8,"turns":8}],"seed_played":"-1961551002092475837","potions_obtained":[{"floor":1.0,"key":"GamblersBrew"},{"floor":3.0,"key":"Weak Potion"}],"is_trial":false,"path_per_floor":["M","M","M","M","M","R","?","E"],"character_chosen":"DEFECT","items_purchased":[],"campfire_rested":1,"item_purchase_floors":[],"current_hp_per_floor":[52,51,51,31,2,23,23,0,0],"gold":174,"neow_bonus":"ONE_RARE_RELIC","is_daily":false,"chose_seed":false,"campfire_upgraded":0,"win_rate":0.0,"timestamp":1614146357,"path_taken":["M","M","M","M","M","R","?","E"],"items_purchased_type":[],"build_version":"2020-12-22","purchased_purges":0,"victory":false,"max_hp_per_floor":[71,71,71,71,71,71,71,71,71],"card_choices":[{"not_picked":["Streamline","Genetic Algorithm"],"picked":"Blizzard","floor":1.0},{"not_picked":["Gash","Hello World","Barrage"],"picked":"SKIP","floor":2.0},{"not_picked":["Redo","Streamline"],"picked":"Conserve Battery","floor":3.0},{"not_picked":["Rip and Tear","Rainbow","Chaos"],"picked":"SKIP","floor":4.0},{"not_picked":["Compile Driver","Aggregate"],"picked":"Go for the Eyes","floor":5}],"player_experience":724626,"relics_obtained":[],"event_choices":[{"damage_healed":0,"gold_gain":100,"player_choice":"Pray","damage_taken":0,"max_hp_gain":0,"max_hp_loss":0,"event_name":"Golden Shrine","floor":7,"gold_loss":0}],"is_beta":false,"boss_relics":[],"items_purged_floors":[],"is_endless":false,"potions_floor_spawned":[1,3],"killed_by":"Lagavulin","ascension_level":14}}