{"host":"9kesdg97wkrx2bva","time":1614201910,"event":{"mods":["AchievementEnabler","BaseMod","Colored Map","GifTheSpireLib","Infinite Spire","Minty Spire (QoL Compilation)","Replay The Spire","StSLib"],"gold_per_floor":[210,224,224,105,105,105,130,144,144,144,144],"floor_reached":10,"language":"ENG","playtime":346,"items_purged":["Strike_G"],"score":125,"play_id":"a280965b-7ccc-4491-a2ce-a7da09f098b7","local_time":"20210224152510","is_ascension_mode":true,"campfire_choices":[{"floor":6,"key":"REST"}],"circlet_count":0,"master_deck":["AscendersBane","Strike_G","Strike_G","Strike_G","Defend_G","Defend_G","Defend_G","Defend_G","Survivor","Neutralize","Replay:Poison Smokescreen","Predator","Skewer","Leg Sweep","Replay:Poison Smokescreen"],"relics":["Ring of the Snake","Replay:Bottled Steam","Blue Doll"],"acts_visited":["Exordium"],"potions_floor_usage":[7,10,10],"damage_taken":[{"damage":3,"enemies":"Jaw Worm","floor":1,"turns":5},{"damage":4,"enemies":"2 Louse","floor":2,"turns":5},{"damage":43,"enemies":"3 Sentries","floor":7,"turns":12},{"damage":0,"enemies":"Small Slimes","floor":8,"turns":6},{"damage":46,"enemies":"Gremlin Nob","floor":10,"turns":4}],"seed_played":"5849409515145773674","potions_obtained":[{"floor":1,"key":"SkillPotion"},{"floor":7,"key":"Fruit Juice"},{"floor":8,"key":"Block Potion"}],"is_trial":false,"path_per_floor":["M","M","?","$","?","R","E","M","T","E"],"character_chosen":"THE_SILENT","items_purchased":["Skewer"],"campfire_rested":1,"item_purchase_floors":[4],"current_hp_per_floor":[56,52,45,45,45,64,21,21,21,0,0],"gold":144,"neow_bonus":"HUNDRED_GOLD","is_daily":false,"chose_seed":false,"campfire_upgraded":0,"win_rate":0.0,"timestamp":1614201910,"path_taken":["M","M","?","$","?","R","E","M","T","E"],"items_purchased_type":["Card"],"build_version":"2020-12-22","purchased_purges":1,"victory":false,"max_hp_per_floor":[66,66,66,66,66,66,66,66,66,71,71],"card_choices":[{"not_picked":["Flying Knee","Acrobatics"],"picked":"Replay:Poison Smokescreen","floor":1},{"not_picked":["Blade Dance","Dash"],"picked":"Predator","floor":2},{"not_picked":["Sucker Punch","Underhanded Strike"],"picked":"Leg Sweep","floor":7},{"not_picked":["Deflect","Prepared"],"picked":"Replay:Poison Smokescreen","floor":8}],"player_experience":1053005,"relics_obtained":[{"floor":7,"key":"Replay:Bottled Steam"},{"floor":9,"key":"Blue Doll"}],"event_choices":[{"cards_removed":["Defend_G"],"damage_healed":0,"gold_gain":0,"player_choice":"Card Removal","damage_taken":7,"max_hp_gain":0,"max_hp_loss":0,"event_name":"Golden Wing","floor":3,"gold_loss":0},{"cards_removed":["Strike_G"],"damage_healed":0,"gold_gain":0,"player_choice":"Forget","damage_taken":0,"max_hp_gain":0,"max_hp_loss":0,"event_name":"Living Wall","floor":5,"gold_loss":0}],"is_beta":false,"boss_relics":[],"items_purged_floors":[4],"is_endless":false,"potions_floor_spawned":[1,7,8],"killed_by":"Gremlin Nob","ascension_level":18}}