{"host":"sgdhw3pdkzxa44vc","time":1614135232,"event":{"mods":["BaseMod","Bestiary","Colored Map","Highlight Path","Minty Spire (QoL Compilation)","Relic Stats"],"gold_per_floor":[119,119,39,51,68,101,101,131,131,144,144,171,171,201,201,297,297,317,317,317],"floor_reached":19,"language":"ENG","playtime":698,"items_purged":[],"score":224,"play_id":"e1dbbf45-f9f7-489b-9682-8a529a9b6c3c","local_time":"20210224045352","is_ascension_mode":true,"campfire_choices":[{"data":"Creative AI","floor":13,"key":"SMITH"},{"floor":15,"key":"REST"}],"circlet_count":0,"master_deck":["Strike_B","Strike_B","Strike_B","Strike_B","Defend_B","Defend_B","Defend_B","Zap+1","Dualcast","BootSequence","Defragment","Sweeping Beam","Leap","Ball Lightning","Creative AI+1","Cold Snap","Defragment","Loop","Electrodynamics","Genetic Algorithm"],"relics":["Cracked Core","NeowsBlessing","Oddly Smooth Stone","Darkstone Periapt","Letter Opener","Blood Vial","Dead Branch","SacredBark"],"acts_visited":["Exordium","TheCity"],"potions_floor_usage":[12,16,19],"damage_taken":[{"damage":0,"enemies":"Jaw Worm","floor":1,"turns":1},{"damage":0,"enemies":"Cultist","floor":4,"turns":1},{"damage":0,"enemies":"2 Louse","floor":5,"turns":1},{"damage":21,"enemies":"3 Sentries","floor":6,"turns":6},{"damage":19,"enemies":"Lagavulin","floor":8,"turns":8},{"damage":0,"enemies":"Lots of Slimes","floor":10,"turns":2},{"damage":7,"enemies":"3 Sentries","floor":12,"turns":6},{"damage":29,"enemies":"Gremlin Nob","floor":14,"turns":5},{"damage":13,"enemies":"The Guardian","floor":16,"turns":9},{"damage":15,"enemies":"3 Byrds","floor":18,"turns":4},{"damage":71,"enemies":"Masked Bandits","floor":19,"turns":3}],"seed_played":"-2603565597303044245","potions_obtained":[{"floor":1,"key":"GamblersBrew"},{"floor":5,"key":"GamblersBrew"},{"floor":10,"key":"Fire Potion"},{"floor":12,"key":"FocusPotion"},{"floor":18,"key":"Strength Potion"}],"is_trial":false,"path_per_floor":["M","?","$","M","M","E","?","E","T","M","?","E","R","E","R","B",null,"M","?"],"character_chosen":"DEFECT","items_purchased":["Defragment"],"campfire_rested":1,"item_purchase_floors":[3],"current_hp_per_floor":[75,75,75,75,75,54,54,35,35,35,60,53,53,26,48,37,75,60,0,0],"gold":317,"neow_bonus":"THREE_ENEMY_KILL","is_daily":false,"chose_seed":false,"campfire_upgraded":1,"win_rate":0.0,"timestamp":1614135232,"path_taken":["M","?","$","?","M","E","?","E","T","?","?","E","R","E","R","BOSS","M","?"],"items_purchased_type":["Card"],"build_version":"2020-12-22","purchased_purges":0,"victory":false,"max_hp_per_floor":[75,75,75,75,75,75,75,75,75,75,75,75,75,75,75,75,75,75,75,75],"relic_stats":{"Darkstone Periapt":0,"Blood Vial":6,"counters":[11,45],"Dead Branch":[4],"Letter Opener":[20],"obtain_stats":[{"Darkstone Periapt":8,"Blood Vial":12,"NeowsBlessing":0,"Dead Branch":14,"SacredBark":17,"Oddly Smooth Stone":6,"Letter Opener":9,"Cracked Core":0},{"Darkstone Periapt":5,"Blood Vial":7,"NeowsBlessing":0,"Dead Branch":8,"SacredBark":9,"Oddly Smooth Stone":4,"Letter Opener":5,"Cracked Core":0},{"Darkstone Periapt":17,"Blood Vial":25,"NeowsBlessing":0,"Dead Branch":30,"SacredBark":38,"Oddly Smooth Stone":9,"Letter Opener":17,"Cracked Core":0}]},"card_choices":[{"not_picked":["Heatsinks","Gash"],"picked":"BootSequence","floor":1},{"not_picked":["FTL","Steam"],"picked":"Sweeping Beam","floor":4},{"not_picked":["Undo","Gash"],"picked":"Leap","floor":5},{"not_picked":["Seek","Reinforced Body"],"picked":"Ball Lightning","floor":6},{"not_picked":["Static Discharge","Stack"],"picked":"Creative AI","floor":8},{"not_picked":["Auto Shields","Double Energy"],"picked":"Cold Snap","floor":10},{"not_picked":["Recycle","Coolheaded"],"picked":"Defragment","floor":12},{"not_picked":["Conserve Battery","Ball Lightning"],"picked":"Loop","floor":14},{"not_picked":["Meteor Strike","Machine Learning"],"picked":"Electrodynamics","floor":16},{"not_picked":["Hello World","Compile Driver"],"picked":"Genetic Algorithm","floor":18}],"player_experience":573142,"relics_obtained":[{"floor":6,"key":"Oddly Smooth Stone"},{"floor":8,"key":"Darkstone Periapt"},{"floor":9,"key":"Letter Opener"},{"floor":12,"key":"Blood Vial"},{"floor":14,"key":"Dead Branch"}],"event_choices":[{"cards_removed":["Defend_B"],"damage_healed":0,"gold_gain":0,"player_choice":"Purged","damage_taken":0,"max_hp_gain":0,"max_hp_loss":0,"event_name":"Purifier","floor":2,"gold_loss":0},{"damage_healed":0,"gold_gain":0,"player_choice":"Forge","damage_taken":0,"max_hp_gain":0,"max_hp_loss":0,"event_name":"Accursed Blacksmith","floor":7,"gold_loss":0,"cards_upgraded":["Zap"]},{"damage_healed":25,"gold_gain":0,"player_choice":"Banana","damage_taken":0,"max_hp_gain":0,"max_hp_loss":0,"event_name":"Big Fish","floor":11,"gold_loss":0},{"damage_healed":0,"gold_gain":0,"player_choice":"Fought Bandits","damage_taken":0,"max_hp_gain":0,"max_hp_loss":0,"event_name":"Masked Bandits","floor":19,"gold_loss":0}],"is_beta":false,"boss_relics":[{"not_picked":["Runic Dome","Pandora\u0027s Box"],"picked":"SacredBark"}],"items_purged_floors":[],"is_endless":false,"potions_floor_spawned":[1,5,10,12,18],"killed_by":"Masked Bandits","ascension_level":3}}