{"host":"a57oumegxze0vmhs","time":1614170037,"event":{"mods":["AchievementEnabler","BaseMod","Colored Powertips","Minty Spire (QoL Compilation)","Quick Restart","Relic Stats"],"gold_per_floor":[111,111,111,130,130,162,162,182,205,205,225,256,256,270,270,370,370,380,380,396,408,423,423,134,134,134,148,185,185,185,225,225,333,333,349,199,254,277,31,31,31,0,0,50,84,84,33,59,59,59,59,59,9,49,49,49],"floor_reached":55,"language":"ENG","playtime":2277,"items_purged":[],"score":1072,"play_id":"99b31cd7-d3c2-41a0-a003-03fe9f3e1ff5","local_time":"20210224143357","is_ascension_mode":true,"campfire_choices":[{"data":"Inflame","floor":7.0,"key":"SMITH"},{"data":"Pummel","floor":10.0,"key":"SMITH"},{"data":"Impervious","floor":15.0,"key":"SMITH"},{"data":"Perfected Strike","floor":23.0,"key":"SMITH"},{"data":"Cleave","floor":25.0,"key":"SMITH"},{"floor":30.0,"key":"REST"},{"data":"Pummel","floor":32.0,"key":"SMITH"},{"floor":40.0,"key":"RECALL"},{"data":"Demon Form","floor":41.0,"key":"SMITH"},{"floor":46.0,"key":"REST"},{"data":"Spot Weakness","floor":49,"key":"SMITH"},{"data":"Flex","floor":52,"key":"SMITH"}],"circlet_count":0,"master_deck":["Strike_R","Strike_R","Strike_R","Strike_R","Strike_R+1","Defend_R+1","Defend_R+1","Defend_R+1","Defend_R+1","Bash+1","Pummel+1","Cleave+1","Inflame+1","Perfected Strike+1","Impervious+1","Flex+1","Reaper+1","Thunderclap","Infernal Blade+1","Pommel Strike","Fire Breathing","Immolate","Pummel+1","Demon Form+1","Spot Weakness+1","Exhume"],"relics":["Burning Blood","NeowsBlessing","Strawberry","War Paint","Blood Vial","Nunchaku","Philosopher\u0027s Stone","Whetstone","CeramicFish","Gremlin Horn","Calipers","Red Skull","WingedGreaves","StrikeDummy","Red Mask","Pantograph","Dead Branch","Blue Candle","MealTicket","Lantern"],"acts_visited":["Exordium","TheCity","TheBeyond","TheEnding"],"potions_floor_usage":[50,50,50,55,55],"damage_taken":[{"damage":0.0,"enemies":"Cultist","floor":1.0,"turns":1.0},{"damage":0.0,"enemies":"2 Louse","floor":4.0,"turns":1.0},{"damage":0.0,"enemies":"Gremlin Nob","floor":6.0,"turns":1.0},{"damage":0.0,"enemies":"Jaw Worm","floor":8.0,"turns":3.0},{"damage":12.0,"enemies":"Exordium Thugs","floor":11.0,"turns":6.0},{"damage":26.0,"enemies":"3 Sentries","floor":12.0,"turns":7.0},{"damage":1.0,"enemies":"Red Slaver","floor":14.0,"turns":4.0},{"damage":21.0,"enemies":"The Guardian","floor":16.0,"turns":13.0},{"damage":6.0,"enemies":"Chosen","floor":18.0,"turns":3.0},{"damage":0.0,"enemies":"Spheric Guardian","floor":20.0,"turns":5.0},{"damage":0.0,"enemies":"Snake Plant","floor":21.0,"turns":2.0},{"damage":25.0,"enemies":"Shelled Parasite and Fungi","floor":22.0,"turns":4.0},{"damage":22.0,"enemies":"3 Cultists","floor":27.0,"turns":4.0},{"damage":33.0,"enemies":"Slavers","floor":28.0,"turns":5.0},{"damage":0.0,"enemies":"Gremlin Leader","floor":31.0,"turns":5.0},{"damage":76.0,"enemies":"Champ","floor":33.0,"turns":9.0},{"damage":17.0,"enemies":"3 Darklings","floor":35.0,"turns":4.0},{"damage":29.0,"enemies":"2 Orb Walkers","floor":37.0,"turns":4.0},{"damage":9.0,"enemies":"Orb Walker","floor":38.0,"turns":3.0},{"damage":0.0,"enemies":"Mind Bloom Boss Battle","floor":44.0,"turns":4.0},{"damage":32.0,"enemies":"Nemesis","floor":45.0,"turns":5.0},{"damage":116,"enemies":"Donu and Deca","floor":50,"turns":6},{"damage":78,"enemies":"Shield and Spear","floor":54,"turns":4},{"damage":48,"enemies":"The Heart","floor":55,"turns":2}],"seed_played":"-2456222071779415104","potions_obtained":[{"floor":4.0,"key":"Fruit Juice"},{"floor":8.0,"key":"Ancient Potion"},{"floor":11.0,"key":"PowerPotion"},{"floor":20.0,"key":"Fire Potion"},{"floor":21.0,"key":"ElixirPotion"},{"floor":27.0,"key":"SmokeBomb"},{"floor":33.0,"key":"GamblersBrew"},{"floor":35.0,"key":"DuplicationPotion"},{"floor":38.0,"key":"AttackPotion"},{"floor":44.0,"key":"Fire Potion"},{"floor":45.0,"key":"Weak Potion"},{"floor":54,"key":"AttackPotion"}],"is_trial":false,"path_per_floor":["M","$","?","M","?","E","R","M","T","R","M","E","?","M","R","B",null,"M","?","M","M","M","R","$","R","T","M","E","T","R","E","R","B",null,"M","$","?","M","$","R","R","?","T","?","E","R","$","T","R","B",null,"R","$","E","B"],"character_chosen":"IRONCLAD","items_purchased":["CultistPotion","Whetstone","AttackPotion","Red Skull","StrikeDummy","SteroidPotion","Dexterity Potion"],"campfire_rested":2,"item_purchase_floors":[24,24,24,36,39,47,53],"current_hp_per_floor":[78,78,78,89,71,77,77,83,83,83,79,61,61,68,68,55,83,92,92,92,92,73,73,73,73,73,74,49,49,76,92,92,35,78,89,89,68,77,77,77,77,77,77,92,66,92,92,92,92,16,73,73,88,18,0,0],"gold":49,"neow_bonus":"THREE_ENEMY_KILL","is_daily":false,"chose_seed":false,"campfire_upgraded":9,"win_rate":0.0,"timestamp":1614170037,"path_taken":["M","$","?","M","?","E","R","M","T","R","M","E","?","?","R","BOSS","M","?","?","M","?","R","$","R","T","M","E","?","R","E","R","BOSS","M","$","?","M","$","R","R","?","T","?","E","R","$","?","R","BOSS","R","$","E","BOSS"],"items_purchased_type":["Potion","Relic","Potion","Relic","Relic","Potion","Potion"],"build_version":"2020-12-22","purchased_purges":0,"victory":false,"max_hp_per_floor":[80,80,87,92,92,92,92,92,92,92,92,92,92,92,92,92,92,92,92,92,92,92,92,92,92,92,92,92,92,92,92,92,92,92,92,92,92,92,92,92,92,92,92,92,92,92,92,92,92,92,92,92,92,92,92,92],"relic_stats":{"Gremlin Horn":[11,11],"counters":[24,105],"CeramicFish":45,"Dead Branch":[11],"Blue Candle":[0],"Whetstone":["Reaper","Strike_R"],"War Paint":["Defend_R","Defend_R"],"Burning Blood":118,"Blood Vial":26,"Nunchaku":[18],"Pantograph":40,"MealTicket":15,"obtain_stats":[{"Lantern":54,"Calipers":31,"NeowsBlessing":0,"Gremlin Horn":29,"CeramicFish":28,"Dead Branch":44,"Blue Candle":45,"Whetstone":24,"War Paint":6,"Burning Blood":0,"Blood Vial":9,"Nunchaku":12,"Strawberry":3,"Pantograph":43,"Philosopher\u0027s Stone":17,"MealTicket":48,"WingedGreaves":37,"Red Mask":42,"StrikeDummy":39,"Red Skull":36},{"Lantern":23,"Calipers":15,"NeowsBlessing":0,"Gremlin Horn":14,"CeramicFish":14,"Dead Branch":20,"Blue Candle":21,"Whetstone":12,"War Paint":3,"Burning Blood":0,"Blood Vial":4,"Nunchaku":6,"Strawberry":1,"Pantograph":19,"Philosopher\u0027s Stone":8,"MealTicket":21,"WingedGreaves":18,"Red Mask":19,"StrikeDummy":19,"Red Skull":17},{"Lantern":103,"Calipers":64,"NeowsBlessing":0,"Gremlin Horn":59,"CeramicFish":59,"Dead Branch":88,"Blue Candle":93,"Whetstone":50,"War Paint":3,"Burning Blood":0,"Blood Vial":6,"Nunchaku":19,"Strawberry":1,"Pantograph":84,"Philosopher\u0027s Stone":36,"MealTicket":93,"WingedGreaves":81,"Red Mask":84,"StrikeDummy":84,"Red Skull":77}]},"card_choices":[{"not_picked":["Clash","Flex"],"picked":"Pummel","floor":1.0},{"not_picked":["Sword Boomerang","Clash"],"picked":"Cleave","floor":4.0},{"not_picked":["Iron Wave","Warcry"],"picked":"Inflame","floor":6.0},{"not_picked":["Blood for Blood","Dual Wield","Cleave"],"picked":"SKIP","floor":8.0},{"not_picked":["Cleave","Warcry"],"picked":"Perfected Strike","floor":11.0},{"not_picked":["Flex","Body Slam"],"picked":"Impervious","floor":12.0},{"not_picked":["Sentinel","Havoc"],"picked":"Flex","floor":14.0},{"not_picked":["Fiend Fire","Berserk"],"picked":"Reaper","floor":16.0},{"not_picked":["Reckless Charge+1","Warcry+1"],"picked":"Thunderclap","floor":18.0},{"not_picked":["Sword Boomerang","True Grit"],"picked":"Infernal Blade+1","floor":20.0},{"not_picked":["Dark Embrace","Iron Wave"],"picked":"Pommel Strike","floor":21.0},{"not_picked":["Clash","Cleave+1","Evolve+1"],"picked":"SKIP","floor":22.0},{"not_picked":["Entrench","Armaments+1"],"picked":"Fire Breathing","floor":27.0},{"not_picked":["Fiend Fire","Anger"],"picked":"Immolate","floor":28.0},{"not_picked":["Blood for Blood","Armaments+1"],"picked":"Pummel","floor":31.0},{"not_picked":["Barricade","Feed"],"picked":"Demon Form","floor":33.0},{"not_picked":["True Grit+1","Armaments+1","Whirlwind+1"],"picked":"SKIP","floor":35.0},{"not_picked":["Metallicize+1","Body Slam+1"],"picked":"Spot Weakness","floor":38.0},{"not_picked":["Shrug It Off","Infernal Blade+1","Cleave+1"],"picked":"SKIP","floor":45.0},{"not_picked":["Heavy Blade","Thunderclap+1"],"picked":"Exhume","floor":54}],"player_experience":469017,"relics_obtained":[{"floor":6.0,"key":"War Paint"},{"floor":9.0,"key":"Blood Vial"},{"floor":12.0,"key":"Nunchaku"},{"floor":28.0,"key":"CeramicFish"},{"floor":29.0,"key":"Gremlin Horn"},{"floor":31.0,"key":"Calipers"},{"floor":37.0,"key":"WingedGreaves"},{"floor":43.0,"key":"Pantograph"},{"floor":44.0,"key":"Dead Branch"},{"floor":45.0,"key":"Blue Candle"},{"floor":48.0,"key":"MealTicket"},{"floor":54,"key":"Lantern"}],"event_choices":[{"damage_healed":0.0,"max_hp_gain":0.0,"max_hp_loss":0.0,"gold_gain":0.0,"event_name":"Scrap Ooze","player_choice":"Success","floor":3.0,"gold_loss":0.0,"damage_taken":7.0,"relics_obtained":["Strawberry"]},{"damage_healed":0.0,"max_hp_gain":0.0,"max_hp_loss":0.0,"gold_gain":0.0,"event_name":"Shining Light","player_choice":"Entered Light","floor":5.0,"gold_loss":0.0,"damage_taken":18.0,"cards_upgraded":["Defend_R","Defend_R"]},{"damage_healed":0.0,"max_hp_gain":0.0,"max_hp_loss":0.0,"gold_gain":0.0,"event_name":"Upgrade Shrine","player_choice":"Upgraded","floor":13.0,"gold_loss":0.0,"damage_taken":0.0,"cards_upgraded":["Bash"]},{"damage_healed":0.0,"max_hp_gain":0.0,"max_hp_loss":0.0,"gold_gain":0.0,"event_name":"N\u0027loth","player_choice":"Ignored","floor":19.0,"gold_loss":0.0,"damage_taken":0.0},{"damage_healed":0.0,"max_hp_gain":0.0,"max_hp_loss":0.0,"gold_gain":0.0,"event_name":"Mysterious Sphere","player_choice":"Fight","floor":37.0,"gold_loss":0.0,"damage_taken":0.0},{"damage_healed":0.0,"max_hp_gain":0.0,"max_hp_loss":0.0,"gold_gain":0.0,"event_name":"Tomb of Lord Red Mask","player_choice":"Paid","floor":42.0,"gold_loss":31.0,"damage_taken":0.0,"relics_obtained":["Red Mask"]},{"damage_healed":0.0,"max_hp_gain":0.0,"max_hp_loss":0.0,"gold_gain":0.0,"event_name":"MindBloom","player_choice":"Fight","floor":44.0,"gold_loss":0.0,"damage_taken":0.0}],"is_beta":false,"boss_relics":[{"not_picked":["SlaversCollar","Black Blood"],"picked":"Philosopher\u0027s Stone"},{"not_picked":["Runic Pyramid","Cursed Key","Snecko Eye"]}],"items_purged_floors":[],"is_endless":false,"potions_floor_spawned":[4,8,11,20,21,27,33,35,38,44,45,54],"killed_by":"The Heart","ascension_level":9}}