{"host":"o3b7ow6d1xe49css","time":1614148241,"event":{"mods":["Aspiration","BaseMod","Better Altar","Better Match","Better Note","Better Sensory Stone","Better Skull","Better Third Choice","Colored Powertips","Conspire","Energized Spire","Force Act Four","GifTheSpireLib","Halation","Hubris","Lobotomy","Minty Spire (QoL Compilation)","Relic Filter Mod","Reliquary","Replay The Spire","Spicy Shops","Spikes Relics","StSLib","Stuff the Spire","The Blue Laboratory","Together in Spire"],"gold_per_floor":[117,130,130,147,147,147,178,178,178,178,194,324,343,354,354,451,451,469,483,211,211,228,228,9,43,66,66,66,83,101,121,121,224,224,242,259,269,269,9,29,67,67,90,107,139,139,168,178,178,178,178,178,1,36,36],"floor_reached":56,"language":"ENG","playtime":2950,"items_purged":["conspire:GhostlyStrike"],"score":991,"play_id":"565517a9-b382-4d51-b18e-ad176f2a7baf","local_time":"20210223213041","is_ascension_mode":false,"campfire_choices":[{"data":"Twin Strike","floor":6,"key":"SMITH"},{"data":"StuffTheSpire:Slingshot","floor":10,"key":"SMITH"},{"data":"Absolvement","floor":15,"key":"SMITH"},{"data":"Feel No Pain","floor":23,"key":"SMITH"},{"data":"Shockwave","floor":27,"key":"SMITH"},{"data":"Dark Embrace","floor":32,"key":"SMITH"},{"data":"Armaments","floor":42,"key":"SMITH"},{"floor":46,"key":"RECALL"},{"data":"Dark Embrace+1","floor":49,"key":"PURGE"},{"data":"True Grit","floor":52,"key":"SMITH"}],"circlet_count":0,"master_deck":["conspire:GhostlyStrike","conspire:GhostlyStrike","conspire:GhostlyStrike","conspire:GhostlyDefend","conspire:GhostlyDefend","conspire:GhostlyDefend","conspire:GhostlyDefend","Bash","Twin Strike+1","Run Through","True Grit+1","StuffTheSpire:Slingshot+1","Twin Strike","Clothesline","Anger","Absolvement+1","Juggernaut+1","hubris:NaturalOne","Sentinel+1","PanicButton","Feel No Pain+1","Shockwave+1","Cleave","Disarm","StuffTheSpire:Incineration+1","Impervious","Armaments+1","ReplayTheSpireMod:Stacked+1","BarbarianYell+1","Panacea","Exhume","Shrug It Off+1","conspire:ExplosiveBarrier+1"],"relics":["Burning Blood","hubris:Icosahedron","Happy Flower","Question Card","aspiration:AnachronicSnailShell","energizedSpire:DeadBattery","Anchor","reliquary:FingerTrap","Blood Vial","Ring of Chaos","ReplayTheSpireMod:Shallot","reliquary:Aerogel","reliquary:Knoch","Omamori","Dream Catcher","SpikesRelics:DaevaFist"],"acts_visited":["Exordium","TheCity","TheBeyond","TheEnding"],"potions_floor_usage":[7,11,13,16,33,41,45,45,47,54,55],"damage_taken":[{"damage":5,"enemies":"2 Louse","floor":1,"turns":2},{"damage":0,"enemies":"Cultist","floor":2,"turns":1},{"damage":1,"enemies":"Jaw Worm","floor":4,"turns":2},{"damage":0,"enemies":"Gremlin Nob","floor":7,"turns":2},{"damage":0,"enemies":"3 Louse","floor":11,"turns":1},{"damage":4,"enemies":"Replay:BlueRogue","floor":12,"turns":2},{"damage":4,"enemies":"Large Slime","floor":13,"turns":3},{"damage":2,"enemies":"Exordium Wildlife","floor":14,"turns":2},{"damage":0,"enemies":"Fading Forest","floor":16,"turns":3},{"damage":2,"enemies":"Spheric Guardian","floor":18,"turns":3},{"damage":0,"enemies":"3 Byrds","floor":19,"turns":2},{"damage":0,"enemies":"Snecko","floor":22,"turns":2},{"damage":0,"enemies":"Gremlin Leader","floor":25,"turns":2},{"damage":0,"enemies":"Cultist and Chosen","floor":29,"turns":3},{"damage":0,"enemies":"Centurion and Healer","floor":30,"turns":2},{"damage":1,"enemies":"Shelled Parasite and Fungi","floor":31,"turns":3},{"damage":10,"enemies":"Automaton","floor":33,"turns":4},{"damage":0,"enemies":"3 Shapes","floor":35,"turns":2},{"damage":0,"enemies":"Orb Walker","floor":36,"turns":2},{"damage":0,"enemies":"Sphere and 2 Shapes","floor":37,"turns":2},{"damage":3,"enemies":"3 Darklings","floor":40,"turns":4},{"damage":13,"enemies":"conspire:MimicChest","floor":41,"turns":5},{"damage":0,"enemies":"Jaw Worm Horde","floor":44,"turns":3},{"damage":0,"enemies":"Giant Head","floor":45,"turns":3},{"damage":17,"enemies":"Nemesis","floor":47,"turns":5},{"damage":4,"enemies":"4 Shapes","floor":48,"turns":3},{"damage":39,"enemies":"Awakened One","floor":50,"turns":8},{"damage":16,"enemies":"Shield and Spear","floor":54,"turns":4},{"damage":70,"enemies":"The Heart","floor":55,"turns":8}],"seed_played":"478043333626746072","potions_obtained":[{"floor":2,"key":"blueLaboratory:ConflagurationPotion"},{"floor":7,"key":"Explosive Potion"},{"floor":12,"key":"Energy Potion"},{"floor":13,"key":"blueLaboratory:SavagePotion"},{"floor":22,"key":"Strength Potion"},{"floor":25,"key":"SteroidPotion"},{"floor":31,"key":"SkillPotion"},{"floor":40,"key":"BlessingOfTheForge"},{"floor":45,"key":"Languid Potion"}],"is_trial":false,"path_per_floor":["M","M","?","M","$","R","E","?","T","R","M","E","M","M","R","B",null,"M","M","$","?","M","R","$","E","T","R","?","M","M","M","R","B",null,"M","M","M","?","$","M","?","R","T","M","E","R","E","M","R","B",null,"R","$","E","B",null],"character_chosen":"IRONCLAD","items_purchased":["Anchor","Dark Embrace","reliquary:FingerTrap","Shockwave","ReplayTheSpireMod:Shallot","conspire:ExplosiveBarrier+1","Block Potion","blueLaboratory:ConflagurationPotion"],"campfire_rested":0,"item_purchase_floors":[20,20,24,24,39,53,53,53],"current_hp_per_floor":[80,80,80,80,80,80,80,80,80,80,80,80,80,80,80,80,80,80,80,80,80,80,80,80,80,80,80,80,80,80,80,80,76,80,80,80,80,80,80,80,73,73,73,80,80,80,69,73,73,42,80,80,80,70,8],"gold":36,"neow_bonus":"THREE_CARDS","is_daily":false,"chose_seed":false,"campfire_upgraded":8,"win_rate":0.0,"timestamp":1614148241,"path_taken":["M","M","?","M","$","R","E","?","T","R","M","E","M","M","R","BOSS","M","M","$","?","M","R","?","E","T","R","?","M","?","M","R","BOSS","M","M","?","?","$","M","?","R","T","M","E","R","E","M","R","BOSS","R","$","E","BOSS"],"items_purchased_type":["Relic","Card","Relic","Card","Relic","Card","Potion","Potion"],"build_version":"2020-12-22","purchased_purges":1,"victory":true,"max_hp_per_floor":[80,80,80,80,80,80,80,80,80,80,80,80,80,80,80,80,80,80,80,80,80,80,80,80,80,80,80,80,80,80,80,80,80,80,80,80,80,80,80,80,80,80,80,80,80,80,80,80,80,80,80,80,80,80,80],"card_choices":[{"not_picked":["Run Through","Havoc"],"picked":"Twin Strike","floor":0},{"not_picked":["Wild Strike","hubris:ReadiedAction","Clash"],"picked":"SKIP","floor":1},{"not_picked":["Life Link","Havoc"],"picked":"Run Through","floor":2},{"not_picked":["Dark Embrace","Iron Wave"],"picked":"True Grit","floor":4},{"not_picked":["Iron Wave","Clash"],"picked":"StuffTheSpire:Slingshot","floor":7},{"not_picked":["Demonic Infusion","Fire Breathing","Wild Strike"],"picked":"Twin Strike","floor":11},{"not_picked":["Havoc","Defy Death","Warcry"],"picked":"Clothesline","floor":12},{"not_picked":["Body Slam","Demon Form","Seeing Red"],"picked":"Anger","floor":13},{"not_picked":["Sword Boomerang","Burning Pact","ReplayTheSpireMod:Strike From Hell"],"picked":"Absolvement","floor":14},{"not_picked":["Demon Form","Offering","Demonic Infusion"],"picked":"Juggernaut","floor":16},{"not_picked":["Body Slam","Run Through","StuffTheSpire:RockThrow"],"picked":"Sentinel+1","floor":18},{"not_picked":["ReplayTheSpireMod:Strike From Hell","StuffTheSpire:Pyroclast","Pommel Strike","Havoc"],"picked":"SKIP","floor":19},{"not_picked":["Seeing Red","conspire:Charge","Dropkick"],"picked":"Feel No Pain","floor":22},{"not_picked":["Double Tap","Havoc+1","hubris:SharpeningStone"],"picked":"Cleave","floor":25},{"not_picked":["Anger","Thunderclap","Inflame"],"picked":"Disarm","floor":29},{"not_picked":["ReplayReversal+1","StuffTheSpire:Slingshot","Defy Death"],"picked":"StuffTheSpire:Incineration+1","floor":30},{"not_picked":["StuffTheSpire:BloodClot","ReplayTheSpireMod:Strike From Hell+1","hubris:ReadiedAction","Replay:Many Hands"],"picked":"SKIP","floor":31},{"not_picked":["Eclipse","Juggernaut","StuffTheSpire:TitanForm"],"picked":"Impervious","floor":33},{"not_picked":["Spot Weakness+1","Dual Wield","Sword Boomerang"],"picked":"Armaments","floor":35},{"not_picked":["Perfected Strike","StuffTheSpire:Slingshot","ReplayTheSpireMod:Corrosion Curse"],"picked":"ReplayTheSpireMod:Stacked+1","floor":36},{"not_picked":["Flame Barrier+1","True Grit+1","Invigoration"],"picked":"BarbarianYell+1","floor":37},{"not_picked":["Enlightenment","Forethought","Finesse"],"picked":"Panacea","floor":38},{"not_picked":["Hemogenesis","Replay:Many Hands","Demonic Infusion"],"picked":"Exhume","floor":38},{"not_picked":["Replay:Undeath\u0027s Touch","hubris:ReadiedAction","Clash","BarbarianYell+1"],"picked":"SKIP","floor":40},{"not_picked":["Rage","Seeing Red+1","conspire:Charge","ReplayTheSpireMod:Strike From Hell+1"],"picked":"SKIP","floor":44},{"not_picked":["Warcry","Berserk","Clothesline+1"],"picked":"Shrug It Off+1","floor":45},{"not_picked":["ReplayTheSpireMod:LeadingStrike","Iron Wave+1","Whirlwind","Blood for Blood+1"],"picked":"SKIP","floor":47},{"not_picked":["Havoc","Perfected Strike+1","StuffTheSpire:RagingBull+1","Armaments"],"picked":"SKIP","floor":48},{"not_picked":["Havoc","Invigoration+1","Entrench","hubris:CleavingFinish"],"picked":"SKIP","floor":54}],"player_experience":1416075,"relics_obtained":[{"floor":7,"key":"Happy Flower"},{"floor":9,"key":"Question Card"},{"floor":12,"key":"aspiration:AnachronicSnailShell"},{"floor":25,"key":"Blood Vial"},{"floor":41,"key":"reliquary:Aerogel"},{"floor":43,"key":"reliquary:Knoch"},{"floor":45,"key":"Omamori"},{"floor":47,"key":"Dream Catcher"},{"floor":54,"key":"SpikesRelics:DaevaFist"}],"event_choices":[{"damage_healed":0,"gold_gain":0,"player_choice":"Agree","damage_taken":0,"max_hp_gain":0,"max_hp_loss":0,"event_name":"conspire:LoneGhost","floor":8,"gold_loss":0},{"damage_healed":0,"gold_gain":0,"cards_transformed":["conspire:GhostlyStrike"],"player_choice":"Transformed","damage_taken":0,"max_hp_gain":0,"max_hp_loss":0,"event_name":"Transmorgrifier","floor":21,"gold_loss":0,"cards_obtained":["PanicButton"]},{"damage_healed":0,"gold_gain":0,"player_choice":"Upgraded","damage_taken":0,"max_hp_gain":0,"max_hp_loss":0,"event_name":"Upgrade Shrine","floor":28,"gold_loss":0,"cards_upgraded":["Juggernaut"]},{"damage_healed":0,"gold_gain":0,"player_choice":"1","damage_taken":0,"max_hp_gain":0,"max_hp_loss":0,"event_name":"betterMatch:BetterMatch","floor":38,"gold_loss":0,"cards_obtained":["betterMatch:ColorlessUncommonCard","betterMatch:RareCard"]}],"is_beta":false,"boss_relics":[{"not_picked":["StuffTheSpire:RunicHypercube","Honey Jar"],"picked":"energizedSpire:DeadBattery"},{"not_picked":["ChewingGum","halation:SmartPhone"],"picked":"Ring of Chaos"}],"items_purged_floors":[20],"is_endless":false,"potions_floor_spawned":[2,7,12,13,22,25,31,40,45],"ascension_level":0}}