{"host":"Brandi","time":1614208313,"event":{"mods":["BaseMod","Colored Map","Minty Spire (QoL Compilation)","Relic Stats","StSLib"],"gold_per_floor":[112,262,275,275,8,42,42,76,76,86,102,102,135,152,152,229,229,240,267,247,247,264,298,298,331,331,351,63,63,63],"floor_reached":29,"language":"ENG","playtime":1041,"items_purged":["Doubt","Fire Breathing"],"score":485,"play_id":"f5d251ea-ee41-4503-a37d-26d27b991153","local_time":"20210224181153","is_ascension_mode":true,"campfire_choices":[{"data":"Berserk","floor":7,"key":"SMITH"},{"data":"Inflame","floor":12,"key":"SMITH"},{"data":"Sword Boomerang","floor":15,"key":"SMITH"}],"circlet_count":0,"master_deck":["AscendersBane","Defend_R+1","Defend_R","Defend_R","Defend_R","Bash","Bite","Bite","Bite","Bite","Bite","Evolve","Inflame+1","Sword Boomerang+1","Flame Barrier+1","Berserk+1","Flex","Flame Barrier","Limit Break","Flex","Pummel","PanicButton"],"relics":["Burning Blood","WarpedTongs","NlothsMask","Darkstone Periapt","Art of War","Juzu Bracelet","Sozu","Toy Ornithopter","War Paint","Smiling Mask","Red Mask","Turnip","Sling"],"acts_visited":["Exordium","TheCity"],"potions_floor_usage":[6,17,23,27],"damage_taken":[{"damage":0,"enemies":"Jaw Worm","floor":1,"turns":3},{"damage":1,"enemies":"Cultist","floor":3,"turns":3},{"damage":16,"enemies":"Gremlin Nob","floor":6,"turns":3},{"damage":28,"enemies":"3 Sentries","floor":8,"turns":10},{"damage":0,"enemies":"2 Louse","floor":10,"turns":3},{"damage":4,"enemies":"Blue Slaver","floor":11,"turns":4},{"damage":15,"enemies":"Lagavulin","floor":13,"turns":6},{"damage":13,"enemies":"Exordium Thugs","floor":14,"turns":6},{"damage":46,"enemies":"The Guardian","floor":16,"turns":14},{"damage":19,"enemies":"Shell Parasite","floor":18,"turns":5},{"damage":23,"enemies":"2 Thieves","floor":20,"turns":4},{"damage":24,"enemies":"Snake Plant","floor":22,"turns":3},{"damage":21,"enemies":"Gremlin Leader","floor":23,"turns":6},{"damage":38,"enemies":"Masked Bandits","floor":25,"turns":5},{"damage":25,"enemies":"Cultist and Chosen","floor":27,"turns":6},{"damage":32,"enemies":"Slavers","floor":29,"turns":3}],"seed_played":"-1848623666247304979","potions_obtained":[{"floor":0,"key":"DistilledChaos"},{"floor":0,"key":"PowerPotion"},{"floor":8,"key":"EntropicBrew"}],"is_trial":false,"path_per_floor":["M","?","M","?","$","E","R","E","T","M","M","R","E","M","R","B",null,"M","T","M","T","M","E","?","?","T","M","$","E"],"character_chosen":"IRONCLAD","items_purchased":["Inflame","Sword Boomerang","Flame Barrier","Sling","PanicButton"],"campfire_rested":0,"item_purchase_floors":[5,5,5,28,28],"current_hp_per_floor":[45,45,45,45,45,37,37,45,45,45,45,45,41,45,45,34,42,45,45,35,35,23,36,36,19,19,21,21,0,0],"gold":63,"neow_bonus":"THREE_SMALL_POTIONS","is_daily":false,"chose_seed":false,"campfire_upgraded":3,"win_rate":0.0,"timestamp":1614208313,"path_taken":["M","?","M","?","$","E","R","E","T","M","M","R","E","M","R","BOSS","M","?","M","?","M","E","?","?","T","M","$","E"],"items_purchased_type":["Card","Card","Card","Relic","Card"],"build_version":"2020-12-18","purchased_purges":2,"victory":false,"max_hp_per_floor":[45,45,45,45,45,45,45,45,45,45,45,45,45,45,45,45,45,45,45,45,45,45,45,45,45,45,45,45,45,45],"relic_stats":{"Darkstone Periapt":0,"Sozu":1,"counters":[16,84],"Turnip":[0],"Art of War":[11],"Juzu Bracelet":1,"War Paint":["Defend_R","Flame Barrier"],"Smiling Mask":50,"obtain_stats":[{"Darkstone Periapt":6,"Juzu Bracelet":13,"War Paint":21,"Smiling Mask":23,"Sling":28,"Burning Blood":0,"WarpedTongs":0,"Sozu":17,"Turnip":26,"Art of War":8,"Red Mask":25,"Toy Ornithopter":19,"NlothsMask":4},{"Darkstone Periapt":3,"Juzu Bracelet":7,"War Paint":11,"Smiling Mask":13,"Sling":15,"Burning Blood":0,"WarpedTongs":0,"Sozu":9,"Turnip":14,"Art of War":4,"Red Mask":14,"Toy Ornithopter":10,"NlothsMask":2},{"Darkstone Periapt":9,"Juzu Bracelet":32,"War Paint":61,"Smiling Mask":70,"Sling":81,"Burning Blood":0,"WarpedTongs":0,"Sozu":52,"Turnip":75,"Art of War":19,"Red Mask":75,"Toy Ornithopter":57,"NlothsMask":6}],"Burning Blood":53,"Toy Ornithopter":10,"WarpedTongs":[81]},"card_choices":[{"not_picked":["Armaments","Clash"],"picked":"Evolve","floor":1},{"not_picked":["Sentinel","Body Slam","Bloodletting"],"picked":"SKIP","floor":3},{"not_picked":["Warcry","Intimidate"],"picked":"Berserk","floor":6},{"not_picked":["Hemokinesis","Wild Strike"],"picked":"Flex","floor":8},{"not_picked":["Wild Strike","Body Slam","Pommel Strike"],"picked":"SKIP","floor":10},{"not_picked":["Body Slam","Sever Soul"],"picked":"Fire Breathing","floor":11},{"not_picked":["Dropkick","Iron Wave","Headbutt"],"picked":"SKIP","floor":13},{"not_picked":["Rampage","Wild Strike"],"picked":"Flame Barrier","floor":14},{"not_picked":["Impervious","Fiend Fire"],"picked":"Limit Break","floor":16},{"not_picked":["Rampage","Warcry","Body Slam"],"picked":"SKIP","floor":18},{"not_picked":["Clothesline","Thunderclap+1","Clash"],"picked":"SKIP","floor":20},{"not_picked":["Combust","Whirlwind"],"picked":"Flex","floor":22},{"not_picked":["Corruption","Iron Wave"],"picked":"Pummel","floor":23},{"not_picked":["Blood for Blood","Clash","Twin Strike"],"picked":"SKIP","floor":27}],"player_experience":818309,"relics_obtained":[{"floor":6,"key":"Darkstone Periapt"},{"floor":8,"key":"Art of War"},{"floor":13,"key":"Juzu Bracelet"},{"floor":19,"key":"Toy Ornithopter"},{"floor":21,"key":"War Paint"},{"floor":23,"key":"Smiling Mask"},{"floor":25,"key":"Red Mask"},{"floor":26,"key":"Turnip"}],"event_choices":[{"damage_healed":0,"gold_gain":150,"player_choice":"AGREE","damage_taken":0,"max_hp_gain":0,"max_hp_loss":0,"event_name":"Liars Game","floor":2,"gold_loss":0,"cards_obtained":["Doubt"]},{"damage_healed":0,"gold_gain":0,"player_choice":"Trade","damage_taken":0,"relics_obtained":["NlothsMask"],"max_hp_gain":0,"max_hp_loss":0,"event_name":"FaceTrader","floor":4,"gold_loss":0},{"damage_healed":0,"gold_gain":0,"player_choice":"Ignored","damage_taken":0,"max_hp_gain":0,"max_hp_loss":0,"event_name":"Cursed Tome","floor":24,"gold_loss":0},{"damage_healed":0,"gold_gain":0,"player_choice":"Fought Bandits","damage_taken":0,"max_hp_gain":0,"max_hp_loss":0,"event_name":"Masked Bandits","floor":25,"gold_loss":0}],"is_beta":true,"boss_relics":[{"not_picked":["Fusion Hammer","Busted Crown"],"picked":"Sozu"}],"items_purged_floors":[5,28],"is_endless":false,"potions_floor_spawned":[8,10,14,16,25],"killed_by":"Slavers","ascension_level":15}}