{"host":"jt67skv49snb75sm","time":1614180963,"event":{"mods":["BaseMod","Bestiary","Minty Spire (QoL Compilation)","Relic Stats"],"gold_per_floor":[117,127,145,145,145,173,173,190,190,190,207,207,218,248,248,322,322,335,335,354,113,123,123,123,123],"floor_reached":24,"language":"ENG","playtime":1065,"items_purged":["Strike_G"],"score":466,"play_id":"e56596d9-b4e9-4bc8-a14e-1209db7368c5","local_time":"20210224163603","is_ascension_mode":true,"campfire_choices":[{"floor":10.0,"key":"REST"},{"data":"Poisoned Stab","floor":12.0,"key":"SMITH"},{"data":"Underhanded Strike","floor":15.0,"key":"SMITH"},{"data":"Riddle With Holes","floor":23,"key":"SMITH"}],"circlet_count":0,"master_deck":["AscendersBane","Strike_G+1","Strike_G","Strike_G","Strike_G","Defend_G","Defend_G","Defend_G+1","Defend_G","Defend_G","Survivor","Neutralize+1","Dagger Throw","Backflip","Poisoned Stab+1","Riddle With Holes+1","Phantasmal Killer","Dagger Throw","Outmaneuver","Backstab","Underhanded Strike+1","Tools of the Trade","Underhanded Strike+1","Backflip+1"],"relics":["Ring of the Snake","Matryoshka","Ninja Scroll","Gremlin Horn","Snake Skull","Velvet Choker","Blood Vial","Pear","Centennial Puzzle"],"acts_visited":["Exordium","TheCity"],"potions_floor_usage":[16,24],"damage_taken":[{"damage":1.0,"enemies":"Small Slimes","floor":1.0,"turns":4.0},{"damage":0.0,"enemies":"Cultist","floor":2.0,"turns":3.0},{"damage":4.0,"enemies":"2 Louse","floor":3.0,"turns":4.0},{"damage":18.0,"enemies":"3 Sentries","floor":6.0,"turns":15.0},{"damage":0.0,"enemies":"Blue Slaver","floor":8.0,"turns":5.0},{"damage":9.0,"enemies":"Looter","floor":11.0,"turns":3.0},{"damage":0.0,"enemies":"2 Fungi Beasts","floor":13.0,"turns":2.0},{"damage":0.0,"enemies":"Gremlin Nob","floor":14.0,"turns":3.0},{"damage":13,"enemies":"Slime Boss","floor":16,"turns":5},{"damage":18,"enemies":"2 Thieves","floor":18,"turns":3},{"damage":4,"enemies":"3 Byrds","floor":20,"turns":5},{"damage":8,"enemies":"Snake Plant","floor":22,"turns":2},{"damage":49,"enemies":"Book of Stabbing","floor":24,"turns":5}],"seed_played":"-3346233260118571449","potions_obtained":[{"floor":3.0,"key":"BlessingOfTheForge"},{"floor":11.0,"key":"SteroidPotion"},{"floor":13.0,"key":"LiquidBronze"},{"floor":22,"key":"BlessingOfTheForge"}],"is_trial":false,"path_per_floor":["M","M","M","?","?","E","?","M","T","R","M","R","M","E","R","B",null,"M","T","M","$","M","R","E"],"character_chosen":"THE_SILENT","items_purchased":["Centennial Puzzle"],"campfire_rested":1,"item_purchase_floors":[21],"current_hp_per_floor":[64,64,60,38,38,20,20,20,20,41,32,32,32,32,32,19,59,41,51,49,49,43,43,0,0],"gold":123,"neow_bonus":"TEN_PERCENT_HP_BONUS","is_daily":false,"chose_seed":false,"campfire_upgraded":3,"win_rate":0.0,"timestamp":1614180963,"path_taken":["M","M","M","?","?","E","?","M","T","R","M","R","M","E","R","BOSS","M","?","M","$","M","R","E"],"items_purchased_type":["Relic"],"build_version":"2020-12-22","purchased_purges":1,"victory":false,"max_hp_per_floor":[72,72,72,72,72,72,72,72,72,72,72,72,72,72,72,72,72,72,82,82,82,82,82,82,82],"relic_stats":{"Blood Vial":6,"Centennial Puzzle":[6],"Gremlin Horn":[5,5],"counters":[13,59],"Snake Skull":[5],"obtain_stats":[{"Blood Vial":19,"Centennial Puzzle":21,"Matryoshka":6,"Pear":19,"Gremlin Horn":9,"Ninja Scroll":9,"Velvet Choker":17,"Snake Skull":14,"Ring of the Snake":0},{"Blood Vial":10,"Centennial Puzzle":11,"Matryoshka":4,"Pear":10,"Gremlin Horn":5,"Ninja Scroll":5,"Velvet Choker":9,"Snake Skull":8,"Ring of the Snake":0},{"Blood Vial":47,"Centennial Puzzle":52,"Matryoshka":26,"Pear":47,"Gremlin Horn":31,"Ninja Scroll":31,"Velvet Choker":44,"Snake Skull":39,"Ring of the Snake":0}],"Ring of the Snake":[26]},"card_choices":[{"not_picked":["Tactician","Acrobatics"],"picked":"Dagger Throw","floor":1.0},{"not_picked":["Concentrate","Bane"],"picked":"Backflip","floor":2.0},{"not_picked":["Prepared","Deflect"],"picked":"Poisoned Stab","floor":3.0},{"not_picked":["Deflect","Blade Dance"],"picked":"Riddle With Holes","floor":6.0},{"not_picked":["Deflect","Accuracy"],"picked":"Dagger Throw","floor":8.0},{"not_picked":["Doppelganger","Expertise"],"picked":"Outmaneuver","floor":11.0},{"not_picked":["Backflip","Deflect"],"picked":"Backstab","floor":13.0},{"not_picked":["Grand Finale","Flechettes"],"picked":"Underhanded Strike","floor":14.0},{"not_picked":["Glass Knife","Storm of Steel"],"picked":"Tools of the Trade","floor":16},{"not_picked":["Cloak And Dagger","Flying Knee"],"picked":"Underhanded Strike+1","floor":18},{"not_picked":["Acrobatics","Bane"],"picked":"Backflip+1","floor":20},{"not_picked":["PiercingWail","Poisoned Stab","Distraction"],"picked":"SKIP","floor":22}],"player_experience":897739,"relics_obtained":[{"floor":6.0,"key":"Matryoshka"},{"floor":9.0,"key":"Ninja Scroll"},{"floor":9.0,"key":"Gremlin Horn"},{"floor":14.0,"key":"Snake Skull"},{"floor":19,"key":"Blood Vial"},{"floor":19,"key":"Pear"}],"event_choices":[{"damage_healed":0.0,"max_hp_gain":0.0,"max_hp_loss":0.0,"gold_gain":0.0,"event_name":"Shining Light","player_choice":"Entered Light","floor":4.0,"gold_loss":0.0,"damage_taken":22.0,"cards_upgraded":["Defend_G","Strike_G"]},{"damage_healed":0.0,"max_hp_gain":0.0,"max_hp_loss":0.0,"gold_gain":0.0,"event_name":"Living Wall","player_choice":"Grow","floor":5.0,"gold_loss":0.0,"damage_taken":0.0,"cards_upgraded":["Neutralize"]},{"damage_healed":0.0,"max_hp_gain":0.0,"max_hp_loss":0.0,"gold_gain":0.0,"event_name":"Match and Keep!","player_choice":"1 cards matched","floor":7.0,"gold_loss":0.0,"damage_taken":0.0,"cards_obtained":["Phantasmal Killer"]}],"is_beta":false,"boss_relics":[{"not_picked":["Black Star","Runic Dome"],"picked":"Velvet Choker"}],"items_purged_floors":[21],"is_endless":false,"potions_floor_spawned":[3,11,13,22],"killed_by":"Book of Stabbing","ascension_level":20}}