{"host":"pqs17sqrgflf4eqa","time":1614128966,"event":{"mods":["AchievementEnabler","BaseMod","Bestiary","Better Altar","Better Match","Better Skull","BetterRewards","Block Reminder","Bossed Relics","Colored Map","Colored Powertips","Curses Come First","Dark Map","DeckTracker","Defective Defect","Displayed Cursed Tome","Emptier Cage","Googly Eyes","Highlight Path","Infinite Spire","Minty Spire (QoL Compilation)","Poor People Problems","Quick Restart","StSLib","SuperFastMode","Transform Curses","everything is the same but u backflip on backflip","slay the spire mod where everything is the same but ironclad has a cowboy hat"],"gold_per_floor":[110,185,150,163,180,206,206,539,539,539,12,29,54,74,74,174,174,185,185,202,202,202,202,222,222,222,222,222],"floor_reached":27,"language":"ENG","playtime":593,"items_purged":[],"score":474,"play_id":"4ddd6149-2bac-422b-9ad2-a7d6bf73ba67","local_time":"20210223200926","is_ascension_mode":true,"campfire_choices":[{"floor":7.0,"key":"REST"},{"floor":10.0,"key":"REST"},{"data":"Chaos","floor":15.0,"key":"SMITH"}],"circlet_count":0,"master_deck":["Strike_B","Strike_B","Defend_B","Defend_B","Defend_B","Defend_B","Zap+1","Dualcast+1","Chaos+1","Melter","Biased Cognition","Heatsinks","Sweeping Beam","Genetic Algorithm","BootSequence","BootSequence","Buffer","Self Repair","Doom and Gloom","Rip and Tear","Core Surge","Hologram","Creative AI","Cold Snap","Streamline","Necronomicurse","infinitespire:Starlight","Coolheaded"],"relics":["Cracked Core","NeowsBlessing","War Paint","Regal Pillow","Old Coin","StrikeDummy","Lantern","Bag of Marbles","infinitespire:Lychee Nut","Pandora\u0027s Box","MutagenicStrength","Necronomicon","Dream Catcher"],"acts_visited":["Exordium","TheCity"],"potions_floor_usage":[23,23],"damage_taken":[{"damage":0.0,"enemies":"Small Slimes","floor":1.0,"turns":1.0},{"damage":0.0,"enemies":"Jaw Worm","floor":4.0,"turns":1.0},{"damage":0.0,"enemies":"Cultist","floor":5.0,"turns":1.0},{"damage":30.0,"enemies":"Lagavulin","floor":6.0,"turns":8.0},{"damage":26.0,"enemies":"3 Sentries","floor":8.0,"turns":8.0},{"damage":16.0,"enemies":"Exordium Thugs","floor":12.0,"turns":5.0},{"damage":20.0,"enemies":"Gremlin Nob","floor":13.0,"turns":4.0},{"damage":0.0,"enemies":"2 Fungi Beasts","floor":14.0,"turns":3.0},{"damage":17.0,"enemies":"The Guardian","floor":16.0,"turns":10.0},{"damage":18.0,"enemies":"3 Byrds","floor":18.0,"turns":4.0},{"damage":0.0,"enemies":"Spheric Guardian","floor":20.0,"turns":1.0},{"damage":9,"enemies":"Slavers","floor":23,"turns":2},{"damage":11,"enemies":"Shelled Parasite and Fungi","floor":24,"turns":6},{"damage":51,"enemies":"Gremlin Leader","floor":27,"turns":2}],"seed_played":"5502853193668369052","potions_obtained":[{"floor":1.0,"key":"SteroidPotion"},{"floor":4.0,"key":"Dexterity Potion"},{"floor":13.0,"key":"Energy Potion"},{"floor":18.0,"key":"PowerPotion"},{"floor":20.0,"key":"SmokeBomb"}],"is_trial":false,"path_per_floor":["M","?","?","M","M","E","R","E","T","R","$","M","E","M","R","B",null,"M","?","M","?","?","E","M","?","T","E"],"character_chosen":"DEFECT","items_purchased":["War Paint","Sweeping Beam","Explosive Potion","Lantern","Bag of Marbles","Doom and Gloom","Rip and Tear","DuplicationPotion"],"campfire_rested":2,"item_purchase_floors":[0,0,0,11,11,11,11,11],"current_hp_per_floor":[27,16,33,33,33,3,39,13,13,49,49,40,27,32,32,28,46,41,41,41,25,12,16,28,28,28,0,0],"gold":222,"neow_bonus":"","is_daily":false,"chose_seed":false,"campfire_upgraded":1,"win_rate":0.0,"timestamp":1614128966,"path_taken":["M","?","?","M","M","E","R","E","T","R","$","M","E","M","R","BOSS","M","?","M","?","?","E","?","?","T","E"],"items_purchased_type":["Relic","Card","Potion","Relic","Relic","Card","Card","Potion"],"build_version":"2020-12-22","purchased_purges":0,"victory":false,"max_hp_per_floor":[70,70,70,70,70,70,70,70,70,70,70,70,52,52,52,52,52,52,52,52,52,52,52,52,52,52,52,52],"card_choices":[{"not_picked":["Hologram","Ball Lightning"],"picked":"Genetic Algorithm","floor":1.0},{"not_picked":["Skim","Go for the Eyes"],"picked":"BootSequence","floor":4.0},{"not_picked":["Stack","Barrage"],"picked":"BootSequence","floor":5.0},{"not_picked":["Hologram","Undo"],"picked":"Buffer","floor":6.0},{"not_picked":["Conserve Battery","Static Discharge"],"picked":"Self Repair","floor":8.0},{"not_picked":["Static Discharge","Steam"],"picked":"Core Surge","floor":12.0},{"not_picked":["Leap","Sweeping Beam"],"picked":"Hologram","floor":13.0},{"not_picked":["BootSequence","Storm","Capacitor"],"picked":"SKIP","floor":14.0},{"not_picked":["Reboot","Rainbow"],"picked":"Creative AI","floor":16.0},{"not_picked":["Leap","Self Repair+1"],"picked":"Cold Snap","floor":18.0},{"not_picked":["Undo","Stack"],"picked":"Streamline","floor":20.0},{"not_picked":["infinitespire:SevenWalls","infinitespire:FutureSight"],"picked":"infinitespire:Starlight","floor":22.0},{"not_picked":["Heatsinks+1","Compile Driver+1"],"picked":"Coolheaded","floor":24}],"player_experience":156205,"relics_obtained":[{"floor":6.0,"key":"Regal Pillow"},{"floor":8.0,"key":"Old Coin"},{"floor":9.0,"key":"StrikeDummy"},{"floor":13.0,"key":"infinitespire:Lychee Nut"},{"floor":26,"key":"Dream Catcher"}],"event_choices":[{"damage_healed":0.0,"max_hp_gain":0.0,"max_hp_loss":0.0,"gold_gain":75.0,"event_name":"World of Goop","player_choice":"Gather Gold","floor":2.0,"gold_loss":0.0,"damage_taken":11.0},{"damage_healed":17.0,"max_hp_gain":0.0,"max_hp_loss":0.0,"gold_gain":0.0,"event_name":"The Cleric","player_choice":"Healed","floor":3.0,"gold_loss":35.0,"damage_taken":0.0},{"damage_healed":0.0,"max_hp_gain":0.0,"max_hp_loss":0.0,"gold_gain":0.0,"event_name":"Drug Dealer","player_choice":"Inject Mutagens","floor":19.0,"gold_loss":0.0,"damage_taken":0.0,"relics_obtained":["MutagenicStrength"]},{"damage_healed":0.0,"max_hp_gain":0.0,"max_hp_loss":0.0,"gold_gain":0.0,"event_name":"Cursed Tome","player_choice":"Obtained Book","floor":21.0,"gold_loss":0.0,"damage_taken":16.0},{"damage_healed":0,"gold_gain":0,"player_choice":"Ignored","damage_taken":0,"max_hp_gain":0,"max_hp_loss":0,"event_name":"Ghosts","floor":25,"gold_loss":0}],"is_beta":false,"boss_relics":[{"not_picked":["Black Star","Ectoplasm"],"picked":"Pandora\u0027s Box"}],"items_purged_floors":[],"is_endless":false,"potions_floor_spawned":[1,4,13,18,20],"killed_by":"Gremlin Leader","ascension_level":7}}