{"host":"005oipbkxhicanek","time":1614197085,"event":{"mods":["AchievementEnabler","BaseMod","Colored Map","Colored Powertips","Minty Spire (QoL Compilation)"],"gold_per_floor":[109,109,120,120,136,136,11,11,11,38,65,83,33,44,44,139,139,151,60,60,77,94,94,294,312,362,372,391,391],"floor_reached":28,"language":"ENG","playtime":1499,"items_purged":["Defend_P"],"score":247,"play_id":"9a886850-c26b-4f9a-be76-d42b86af06cb","local_time":"20210224210445","is_ascension_mode":false,"campfire_choices":[{"data":"Eruption","floor":6,"key":"SMITH"},{"data":"Wallop","floor":8,"key":"SMITH"},{"floor":15,"key":"REST"},{"floor":23,"key":"REST"}],"circlet_count":0,"master_deck":["Strike_P","Strike_P","Defend_P+1","Defend_P","Defend_P","Eruption+1","Vigilance+1","Evaluate","Wallop+1","CutThroughFate","Indignation","FollowUp","CutThroughFate","DevaForm","ClearTheMind","Dramatic Entrance","Adaptation","MentalFortress","Wallop"],"relics":["PureWater","GoldenEye","Ancient Tea Set","Akabeko","VioletLotus","Nilry\u0027s Codex","MealTicket"],"acts_visited":["Exordium","TheCity"],"potions_floor_usage":[22,28],"damage_taken":[{"damage":0,"enemies":"2 Louse","floor":1,"turns":3},{"damage":0,"enemies":"Jaw Worm","floor":3,"turns":4},{"damage":0,"enemies":"Cultist","floor":5,"turns":3},{"damage":0,"enemies":"3 Sentries","floor":10,"turns":5},{"damage":0,"enemies":"Blue Slaver","floor":12,"turns":1},{"damage":0,"enemies":"Large Slime","floor":14,"turns":3},{"damage":9,"enemies":"Slime Boss","floor":16,"turns":8},{"damage":20,"enemies":"2 Thieves","floor":18,"turns":4},{"damage":9,"enemies":"3 Byrds","floor":21,"turns":5},{"damage":13,"enemies":"Snake Plant","floor":22,"turns":3},{"damage":15,"enemies":"Snecko","floor":25,"turns":4},{"damage":1,"enemies":"Centurion and Healer","floor":27,"turns":5},{"damage":12,"enemies":"3 Cultists","floor":28,"turns":3}],"seed_played":"635264768449994137","potions_obtained":[{"floor":1,"key":"SpeedPotion"},{"floor":12,"key":"Ancient Potion"},{"floor":16,"key":"Energy Potion"},{"floor":21,"key":"Fire Potion"},{"floor":22,"key":"AttackPotion"}],"is_trial":false,"path_per_floor":["M","?","M","?","M","R","$","R","T","E","T","M","$","M","R","B",null,"M","$","?","M","M","R","?","M","T","M","M"],"character_chosen":"WATCHER","items_purchased":["CutThroughFate","FollowUp","Dramatic Entrance"],"campfire_rested":2,"item_purchase_floors":[7,13,19],"current_hp_per_floor":[51,37,37,37,37,37,37,37,37,37,37,37,37,37,58,49,72,52,52,36,27,14,35,35,20,20,19,7,7],"gold":391,"neow_bonus":"REMOVE_TWO","is_daily":false,"chose_seed":false,"campfire_upgraded":2,"win_rate":0.0,"timestamp":1614197085,"path_taken":["M","?","M","?","M","R","$","R","T","E","?","?","?","M","R","BOSS","M","$","?","M","M","R","?","M","T","?","M"],"items_purchased_type":["Card","Card","Card"],"build_version":"2020-12-22","purchased_purges":1,"victory":false,"max_hp_per_floor":[72,72,72,72,72,72,72,72,72,72,72,72,72,72,72,72,72,72,72,72,72,72,72,72,72,72,72,72,72],"card_choices":[{"not_picked":["Protect","ClearTheMind"],"picked":"Evaluate","floor":1},{"not_picked":["EmptyBody","FlyingSleeves"],"picked":"Wallop","floor":3},{"not_picked":["CrushJoints","Crescendo","SashWhip"],"picked":"SKIP","floor":5},{"not_picked":["FlyingSleeves","Crescendo","Worship"],"picked":"SKIP","floor":10},{"not_picked":["ThirdEye","Devotion"],"picked":"Indignation","floor":12},{"not_picked":["Sanctity","Meditate"],"picked":"CutThroughFate","floor":14},{"not_picked":["Wish","Blasphemy"],"picked":"DevaForm","floor":16},{"not_picked":["CutThroughFate","Evaluate"],"picked":"ClearTheMind","floor":18},{"not_picked":["Collect+1","ThirdEye"],"picked":"Adaptation","floor":21},{"not_picked":["Evaluate","Collect","Protect"],"picked":"SKIP","floor":22},{"not_picked":["DeceiveReality","Pray"],"picked":"MentalFortress","floor":25},{"not_picked":["WreathOfFlame+1","SandsOfTime","Pray"],"picked":"SKIP","floor":27},{"not_picked":["Meditate","Halt"],"picked":"Wallop","floor":28}],"player_experience":81930,"relics_obtained":[{"floor":9,"key":"GoldenEye"},{"floor":10,"key":"Ancient Tea Set"},{"floor":11,"key":"Akabeko"},{"floor":20,"key":"Nilry\u0027s Codex"},{"floor":26,"key":"MealTicket"}],"event_choices":[{"damage_healed":0,"gold_gain":0,"player_choice":"Entered Light","damage_taken":14,"max_hp_gain":0,"max_hp_loss":0,"event_name":"Shining Light","floor":2,"gold_loss":0,"cards_upgraded":["Defend_P","Vigilance"]},{"damage_healed":0,"gold_gain":0,"player_choice":"Ignored","damage_taken":0,"max_hp_gain":0,"max_hp_loss":0,"event_name":"Golden Wing","floor":4,"gold_loss":0},{"damage_healed":0,"gold_gain":0,"player_choice":"Obtained Book","damage_taken":16,"max_hp_gain":0,"max_hp_loss":0,"event_name":"Cursed Tome","floor":20,"gold_loss":0},{"damage_healed":0,"gold_gain":200,"player_choice":"Gold","damage_taken":0,"max_hp_gain":0,"max_hp_loss":0,"event_name":"Wheel of Change","floor":24,"gold_loss":0}],"is_beta":false,"boss_relics":[{"not_picked":["Runic Pyramid","Pandora\u0027s Box"],"picked":"VioletLotus"}],"items_purged_floors":[7],"is_endless":false,"potions_floor_spawned":[1,12,16,21,22,25],"killed_by":"3 Cultists","ascension_level":0}}