{"host":"uyfpom4rlahfoee4","time":1614126035,"event":{"mods":["BaseMod","Downfall","Minty Spire (QoL Compilation)","StSLib"],"gold_per_floor":[99,116,128,113,113,113,160,195,205,215,215,115,115,125,135,232,282,282,300,317,6,6,31,55,55,55,72,89,89,99,10,25,25,25,25],"floor_reached":33,"language":"ENG","playtime":2330,"items_purged":[],"score":344,"play_id":"c046a312-44f5-4ade-9817-739dafc8986b","local_time":"20210223162035","is_ascension_mode":false,"campfire_choices":[{"data":"hexamod:Float","floor":1,"key":"SMITH"},{"data":"1","floor":6,"key":"LIFT"},{"data":"2","floor":12,"key":"LIFT"},{"data":"hexamod:VolcanoVisage","floor":18,"key":"SMITH"},{"floor":26,"key":"REST"},{"data":"hexamod:CatchUp","floor":29,"key":"SMITH"}],"circlet_count":0,"master_deck":["hexamod:Strike","hexamod:Strike","hexamod:Strike","hexamod:Strike","hexamod:Defend","hexamod:Defend","hexamod:Defend","hexamod:Defend","hexamod:Sear","hexamod:Float+1","hexamod:AdvancingGuard","hexamod:GhostOfSpirePast","hexamod:EmpoweredFlame","hexamod:CatchUp+1","hexamod:CatchUp+1","hexamod:FirstSeal","hexamod:BurningTouch","hexamod:ThermalTransfer","hexamod:VolcanoVisage+1","hexamod:RecurringNightmare","hexamod:ExtraCrispy","hexamod:FlamesFromBeyond","hexamod:BurningTouch","hexamod:EtherealExpedition+1","hexamod:RecurringNightmare","hexamod:FastForward+1","hexamod:AdvancingGuard+1","hexamod:PhantomCloak+1","hexamod:ExtraCrispy","hexamod:VolcanoVisage"],"relics":["hexamod:SpiritBrand","Girya","Oddly Smooth Stone","downfall:HeartBlessingBlue","Tiny House","Ice Cream","downfall:RedIOU","Bottled Lightning","Slimebound:StickyStick"],"acts_visited":["Exordium","TheCity"],"potions_floor_usage":[23,23,28,31,31],"damage_taken":[{"damage":2,"enemies":"Cultist","floor":2,"turns":5},{"damage":0,"enemies":"Jaw Worm","floor":3,"turns":3},{"damage":0,"enemies":"downfall:FleeingMerchant","floor":4,"turns":4},{"damage":8,"enemies":"Gremlin Nob","floor":8,"turns":4},{"damage":0,"enemies":"Small Slimes","floor":9,"turns":3},{"damage":0,"enemies":"downfall:LooterAlt","floor":10,"turns":4},{"damage":7,"enemies":"Exordium Thugs","floor":14,"turns":5},{"damage":3,"enemies":"3 Louse","floor":15,"turns":3},{"damage":0,"enemies":"SI_SHIV_ARCHETYPE","floor":16,"turns":8},{"damage":15,"enemies":"Spheric Guardian","floor":19,"turns":5},{"damage":15,"enemies":"downfall:LooterAlt2","floor":20,"turns":7},{"damage":4,"enemies":"downfall:FleeingMerchant","floor":21,"turns":4},{"damage":40,"enemies":"Gremlin Leader","floor":23,"turns":7},{"damage":19,"enemies":"Centurion and Healer","floor":27,"turns":7},{"damage":12,"enemies":"Snake Plant","floor":28,"turns":4},{"damage":11,"enemies":"Shelled Parasite and Fungi","floor":30,"turns":6},{"damage":4,"enemies":"downfall:FleeingMerchant","floor":31,"turns":4},{"damage":14,"enemies":"Sentry and Sphere","floor":32,"turns":6},{"damage":24,"enemies":"DF_ARCHETYPE_CLAW","floor":33,"turns":4}],"seed_played":"2764182662263714256","potions_obtained":[{"floor":2,"key":"ColorlessPotion"},{"floor":3,"key":"DistilledChaos"},{"floor":10,"key":"Dexterity Potion"},{"floor":17,"key":"hexamod:InfernoChargePotion"},{"floor":27,"key":"Explosive Potion"},{"floor":30,"key":"Weak Potion"},{"floor":32,"key":"hexamod:EctoCoolerPotion"}],"is_trial":false,"path_per_floor":["R","M","M","$","T","R","T","E","M","M","T","R","?","M","M","B",null,"R","M","M","$","?","E","T","?","R","M","M","R","M","$","M","B"],"character_chosen":"THE_SPIRIT","items_purchased":["Ice Cream","hexamod:ExtraCrispy"],"campfire_rested":1,"item_purchase_floors":[21,31],"current_hp_per_floor":[77,75,75,75,75,75,75,67,67,67,67,77,82,82,86,92,97,97,89,81,84,84,51,51,51,80,68,63,63,59,55,48,24,24,24],"gold":25,"neow_bonus":"TEN_PERCENT_HP_BONUS","is_daily":false,"chose_seed":false,"campfire_upgraded":3,"win_rate":0.0,"timestamp":1614126035,"path_taken":["R","M","?","$","?","R","T","E","M","M","?","R","?","M","M","BOSS","R","M","M","$","?","E","T","?","R","M","?","R","M","$","M","BOSS"],"items_purchased_type":["Relic","Card"],"build_version":"2020-12-22","purchased_purges":0,"victory":false,"max_hp_per_floor":[77,77,77,77,77,77,77,77,77,77,77,87,92,92,92,92,97,97,97,97,97,97,97,97,97,97,97,97,97,97,97,97,97,97,97],"card_choices":[{"not_picked":["hexamod:SkipABeat","hexamod:FlamesFromBeyond"],"picked":"hexamod:AdvancingGuard","floor":2},{"not_picked":["hexamod:DynamicBlow","hexamod:ShieldOfDarkness"],"picked":"hexamod:GhostOfSpirePast","floor":3},{"not_picked":["hexamod:NightmareGuise","hexamod:BurningTouch"],"picked":"hexamod:EmpoweredFlame","floor":4},{"not_picked":["hexamod:SoulSteal","hexamod:SkipABeat"],"picked":"hexamod:CatchUp","floor":8},{"not_picked":["hexamod:HeatShield","hexamod:FourthSeal"],"picked":"hexamod:CatchUp","floor":9},{"not_picked":["hexamod:HeatMetal","hexamod:SearingWound"],"picked":"hexamod:FirstSeal","floor":10},{"not_picked":["hexamod:Hexaguard","hexamod:NecessarySacrifice"],"picked":"hexamod:BurningTouch","floor":14},{"not_picked":["hexamod:NightmareStrike","hexamod:FastForward"],"picked":"hexamod:ThermalTransfer","floor":15},{"not_picked":["hexamod:UnleashSpirits","hexamod:GiftsFromTheDead"],"picked":"hexamod:VolcanoVisage","floor":16},{"not_picked":["hexamod:InspiringFlames","hexamod:BurningTouch"],"picked":"hexamod:RecurringNightmare","floor":17},{"not_picked":["hexamod:BurningTouch+1","hexamod:Haunt"],"picked":"hexamod:ExtraCrispy","floor":19},{"not_picked":["hexamod:BacktrackSmack+1","hexamod:Haunt"],"picked":"hexamod:FlamesFromBeyond","floor":20},{"not_picked":["hexamod:HauntingEcho","hexamod:Hexaguard"],"picked":"hexamod:BurningTouch","floor":21},{"not_picked":["hexamod:UnleashSpirits","hexamod:HauntingEcho+1"],"picked":"hexamod:EtherealExpedition+1","floor":23},{"not_picked":["hexamod:PhantomFireball","hexamod:SwordOfDarkness"],"picked":"hexamod:RecurringNightmare","floor":27},{"not_picked":["hexamod:SpectersWail","hexamod:EtherealExpedition"],"picked":"hexamod:FastForward+1","floor":28},{"not_picked":["hexamod:SoulSteal","hexamod:CatchUp+1"],"picked":"hexamod:AdvancingGuard+1","floor":30},{"not_picked":["hexamod:Incineration","hexamod:NightmareGuise"],"picked":"hexamod:PhantomCloak+1","floor":31},{"not_picked":["hexamod:SpectersWail","hexamod:ThirdSeal"],"picked":"hexamod:VolcanoVisage","floor":32}],"player_experience":148017,"relics_obtained":[{"floor":5,"key":"Girya"},{"floor":8,"key":"Oddly Smooth Stone"},{"floor":11,"key":"Art of War"},{"floor":23,"key":"Bottled Lightning"},{"floor":24,"key":"Slimebound:StickyStick"}],"event_choices":[{"damage_healed":0,"gold_gain":0,"player_choice":"Donut","damage_taken":0,"max_hp_gain":5,"max_hp_loss":0,"event_name":"Big Fish","floor":13,"gold_loss":0}],"is_beta":false,"boss_relics":[{"not_picked":["Velvet Choker","Snecko Eye"],"picked":"Tiny House"}],"items_purged_floors":[],"is_endless":false,"potions_floor_spawned":[2,3,10,14,15,16,19,27,30,32],"killed_by":"DF_ARCHETYPE_CLAW","ascension_level":0}}