{"host":"fortuna","time":1614180866,"event":{"mods":["100% Spire Juice","Act Like it!","BaseMod","CapriCore","Gensokyo","Hallownest","Koishi","Minty Spire (QoL Compilation)","MostiFishMod","Reimu£®≤©¿ˆ¡È√Œ£©","Relic Stats","StSLib","The Alterego","The Animator","The Bug Knight","The Immortal","The Senshi","Waifu the Spire","Yakumo Yukari mod"],"gold_per_floor":[119,139,214,228,228,263,263,263,263],"floor_reached":8,"language":"ZHS","playtime":314,"items_purged":[],"score":67,"play_id":"6dff67bb-1cda-4eb6-84ee-b3434a6e8568","local_time":"20210224233426","is_ascension_mode":true,"campfire_choices":[{"floor":7,"key":"REST"}],"circlet_count":0,"master_deck":["alterego_mod:Strike","alterego_mod:Strike","alterego_mod:Defend","alterego_mod:Defend","alterego_mod:Defend","alterego_mod:Defend","alterego_mod:Impale","alterego_mod:BigMeatyClaws","alterego_mod:BrynhildrsRune","alterego_mod:Jiggle","alterego_mod:Bounce","alterego_mod:Smother","alterego_mod:TrashNCrash","alterego_mod:TrickOrTreatment"],"relics":["alterego_mod:MasochisticConstitution","DaveBox","SynthV:TestCard","ChiXiaoBlade","Incense Burner"],"acts_visited":["Exordium"],"potions_floor_usage":[8],"damage_taken":[{"damage":9,"enemies":"2 Louse","floor":1,"turns":2},{"damage":12,"enemies":"Jaw Worm","floor":2,"turns":5},{"damage":13,"enemies":"Small Slimes","floor":4,"turns":4},{"damage":37,"enemies":"Lagavulin","floor":6,"turns":9},{"damage":45,"enemies":"3 Sentries","floor":8,"turns":5}],"seed_played":"6492338301661863088","potions_obtained":[{"floor":6,"key":"SkillPotion"}],"is_trial":false,"path_per_floor":["M","M","?","M","?","E","R","E"],"character_chosen":"The_Alterego","items_purchased":[],"campfire_rested":1,"item_purchase_floors":[],"current_hp_per_floor":[62,58,47,42,42,13,35,0,0],"gold":263,"neow_bonus":"TRANSFORM_CARD","is_daily":false,"chose_seed":false,"campfire_upgraded":0,"win_rate":0.0,"timestamp":1614180866,"path_taken":["M","M","?","M","?","E","R","E"],"items_purchased_type":[],"build_version":"2020-12-18","purchased_purges":0,"victory":false,"max_hp_per_floor":[71,72,72,73,73,74,74,74,74],"relic_stats":{"counters":[5,25],"obtain_stats":[{"alterego_mod:MasochisticConstitution":0,"SynthV:TestCard":1,"DaveBox":0,"ChiXiaoBlade":1,"Incense Burner":6},{"alterego_mod:MasochisticConstitution":0,"SynthV:TestCard":1,"DaveBox":0,"ChiXiaoBlade":1,"Incense Burner":4},{"alterego_mod:MasochisticConstitution":0,"SynthV:TestCard":2,"DaveBox":0,"ChiXiaoBlade":2,"Incense Burner":20}]},"card_choices":[{"not_picked":["alterego_mod:TrashNCrash","alterego_mod:MagicResistance"],"picked":"alterego_mod:Bounce","floor":1},{"not_picked":["alterego_mod:TrashNCrash","alterego_mod:DiscoLights","alterego_mod:RocketPunch","alterego_mod:SuperDuperMasochism"],"picked":"alterego_mod:Smother","floor":2},{"not_picked":["alterego_mod:Bloomers","alterego_mod:Rip","alterego_mod:Maid","alterego_mod:HighServant","alterego_mod:GachaTicket"],"picked":"SKIP","floor":4},{"not_picked":["alterego_mod:Nekomimi","alterego_mod:Birthday","alterego_mod:Maid","alterego_mod:GachaTicket"],"picked":"alterego_mod:TrickOrTreatment","floor":6}],"player_experience":425293,"relics_obtained":[{"floor":1,"key":"SynthV:TestCard"},{"floor":6,"key":"Incense Burner"}],"event_choices":[{"damage_healed":0,"gold_gain":75,"player_choice":"Gather Gold","damage_taken":11,"max_hp_gain":0,"max_hp_loss":0,"event_name":"World of Goop","floor":3,"gold_loss":0},{"damage_healed":0,"gold_gain":0,"cards_transformed":["alterego_mod:Strike"],"player_choice":"Change","damage_taken":0,"max_hp_gain":0,"max_hp_loss":0,"event_name":"Living Wall","floor":5,"gold_loss":0,"cards_obtained":["alterego_mod:TrashNCrash"]}],"is_beta":true,"boss_relics":[],"items_purged_floors":[],"is_endless":false,"potions_floor_spawned":[6],"killed_by":"3 Sentries","ascension_level":4}}