{"host":"bpr07pynnqpe5ded","time":1614186682,"event":{"mods":["2.2 Compatiblity","Aspiration","BaseMod","Better Third Choice","BetterRewards","Jorbs\u0027s Wanderer Trilogy","Minty Spire (QoL Compilation)","Replay The Spire","Robot Space Explorer","Shop Mod","StSLib","The Marked","TheBandit","??????REMEMod"],"gold_per_floor":[119,129,139,155,230,255,255,34,85,115,115,134,134,153,153,250,250,260,271,271,282,294,624,624,644,644,644,664,682,700,716,716,812,812,825,835,853,873,888,888,908,936,962,972,1005,709,709,767,767,825,825,825,370,453,493],"floor_reached":56,"language":"ENG","playtime":3112,"items_purged":["RobotSpaceExplorer:Strike","RobotSpaceExplorer:Defend","RobotSpaceExplorer:Defend"],"score":1374,"play_id":"268fac69-fe84-4ede-abef-02902507a301","local_time":"20210224171122","is_ascension_mode":false,"campfire_choices":[{"data":"REME_Flogging","floor":7,"key":"SMITH"},{"data":"RobotSpaceExplorer:MiniLasers","floor":11,"key":"SMITH"},{"data":"RobotSpaceExplorer:Ammunition","floor":13,"key":"SMITH"},{"floor":15,"key":"DIG"},{"data":"RobotSpaceExplorer:ShockMissile","floor":24,"key":"SMITH"},{"floor":27,"key":"RECALL"},{"data":"RobotSpaceExplorer:DualCore","floor":32,"key":"SMITH"},{"data":"RobotSpaceExplorer:ExhaustFan","floor":40,"key":"SMITH"},{"data":"RobotSpaceExplorer:Defend","floor":49,"key":"PURGE"},{"data":"RobotSpaceExplorer:FranticSearch","floor":52,"key":"SMITH"}],"circlet_count":0,"master_deck":["RobotSpaceExplorer:Strike","RobotSpaceExplorer:Strike","RobotSpaceExplorer:Strike","RobotSpaceExplorer:Defend","RobotSpaceExplorer:Scan","RobotSpaceExplorer:MiniLasers+1","REME_Flogging+1","RobotSpaceExplorer:ScrapMissile","RobotSpaceExplorer:ScrapMissile","RobotSpaceExplorer:Probe","RobotSpaceExplorer:Probe","RobotSpaceExplorer:ScrapMissile","RobotSpaceExplorer:ScrapMissile","RobotSpaceExplorer:ScrapShield","RobotSpaceExplorer:ShockMissile+1","RobotSpaceExplorer:LuckyStrike+1","RobotSpaceExplorer:MiniDrones","RobotSpaceExplorer:LuckyStrike","RobotSpaceExplorer:Fix","RobotSpaceExplorer:SwiftStep","RobotSpaceExplorer:JunkDive","RobotSpaceExplorer:DualCore+1","RobotSpaceExplorer:PowerGlove+1","RobotSpaceExplorer:ExhaustFan+1","RobotSpaceExplorer:RigExplosive+1","RobotSpaceExplorer:ScrapToss","Master of Strategy","RobotSpaceExplorer:FranticSearch+1","RobotSpaceExplorer:MiniBoosters","RobotSpaceExplorer:ScrapMissile+1"],"relics":["RobotSpaceExplorer:RoboCore","REME_ComplimentaryCards","RobotSpaceExplorer:RingOfTheNewt","Boot","Bronze Scales","CaptainsWheel","RobotSpaceExplorer:Reprocessor","Old Coin","Unceasing Top","SlaversCollar","Calipers","ReplayTheSpireMod:Lightbulb","Replay:Bandana","Replay:Towering Pillar of Hats","Pocketwatch"],"acts_visited":["Exordium","TheCity","TheBeyond","TheEnding"],"potions_floor_usage":[2,16,25,33,35,36,36,42,42,44,44,50,54,55,55,55],"damage_taken":[{"damage":0,"enemies":"2 Louse","floor":1,"turns":2},{"damage":0,"enemies":"Small Slimes","floor":2,"turns":3},{"damage":0,"enemies":"Jaw Worm","floor":3,"turns":1},{"damage":3,"enemies":"Large Slime","floor":4,"turns":3},{"damage":8,"enemies":"3 Sentries","floor":6,"turns":6},{"damage":8,"enemies":"Lagavulin","floor":10,"turns":5},{"damage":0,"enemies":"Gremlin Gang","floor":12,"turns":2},{"damage":6,"enemies":"Exordium Thugs","floor":14,"turns":4},{"damage":0,"enemies":"Slime Boss","floor":16,"turns":4},{"damage":0,"enemies":"3 Byrds","floor":18,"turns":2},{"damage":0,"enemies":"Chosen","floor":19,"turns":1},{"damage":0,"enemies":"3 Cultists","floor":21,"turns":2},{"damage":14,"enemies":"Snake Plant","floor":22,"turns":2},{"damage":19,"enemies":"Gremlin Leader","floor":23,"turns":3},{"damage":10,"enemies":"Shelled Parasite and Fungi","floor":25,"turns":2},{"damage":0,"enemies":"Centurion and Healer","floor":28,"turns":4},{"damage":8,"enemies":"Snake Plant","floor":29,"turns":3},{"damage":0,"enemies":"3 Cultists","floor":30,"turns":2},{"damage":3,"enemies":"Shelled Parasite and Fungi","floor":31,"turns":3},{"damage":9,"enemies":"Pondfish","floor":33,"turns":5},{"damage":28,"enemies":"3 Darklings","floor":35,"turns":4},{"damage":8,"enemies":"3 Shapes","floor":36,"turns":2},{"damage":8,"enemies":"Writhing Mass","floor":37,"turns":5},{"damage":5,"enemies":"4 Shapes","floor":38,"turns":2},{"damage":0,"enemies":"Maw","floor":39,"turns":5},{"damage":0,"enemies":"Sphere and 2 Shapes","floor":41,"turns":4},{"damage":0,"enemies":"Reptomancer","floor":42,"turns":3},{"damage":0,"enemies":"4 Shapes","floor":44,"turns":3},{"damage":0,"enemies":"Nemesis","floor":45,"turns":2},{"damage":10,"enemies":"Donu and Deca","floor":50,"turns":5},{"damage":31,"enemies":"Shield and Spear","floor":54,"turns":4},{"damage":51,"enemies":"The Heart","floor":55,"turns":6}],"seed_played":"4000888259268622268","potions_obtained":[{"floor":2,"key":"Fruit Juice"},{"floor":3,"key":"LiquidBronze"},{"floor":14,"key":"Venom Potion"},{"floor":16,"key":"Swift Potion"},{"floor":18,"key":"BlessingOfTheForge"},{"floor":19,"key":"SteroidPotion"},{"floor":29,"key":"Weak Potion"},{"floor":30,"key":"FearPotion"},{"floor":35,"key":"SteroidPotion"},{"floor":39,"key":"RobotSpaceExplorer:RecyclePotion"},{"floor":44,"key":"Fire Potion"},{"floor":45,"key":"PowerPotion"},{"floor":48,"key":"DistilledChaos"}],"is_trial":false,"path_per_floor":["M","M","M","M","?","E","R","$","T","E","R","M","R","M","R","B",null,"M","M","?","M","M","E","R","M","T","R","M","M","M","M","R","B",null,"M","M","M","M","M","R","M","E","T","M","E","$","?","?","R","B",null,"R","$","E","B",null],"character_chosen":"RobotSpaceExplorer","items_purchased":["Boot","Master of Strategy","RobotSpaceExplorer:MiniBoosters","Replay:Towering Pillar of Hats"],"campfire_rested":0,"item_purchase_floors":[8,46,53,53],"current_hp_per_floor":[82,87,87,84,73,65,65,65,65,57,57,57,57,51,51,51,87,87,87,87,87,73,58,58,52,52,52,56,52,52,53,53,48,87,59,55,51,46,50,50,50,50,50,50,54,54,54,33,33,27,87,87,87,56,9],"gold":493,"neow_bonus":"TEN_PERCENT_HP_BONUS","is_daily":false,"chose_seed":false,"campfire_upgraded":7,"win_rate":0.0,"timestamp":1614186682,"path_taken":["M","M","M","M","?","E","R","$","T","E","R","M","R","M","R","BOSS","M","M","?","M","M","E","R","M","T","R","M","M","M","M","R","BOSS","M","M","M","M","M","R","M","E","T","M","E","$","?","?","R","BOSS","R","$","E","BOSS"],"items_purchased_type":["Relic","Card","Card","Relic"],"build_version":"2020-12-22","purchased_purges":3,"victory":true,"max_hp_per_floor":[82,87,87,87,87,87,87,87,87,87,87,87,87,87,87,87,87,87,87,87,87,87,87,87,87,87,87,87,87,87,87,87,87,87,87,87,87,87,87,87,87,87,87,87,87,87,87,87,87,87,87,87,87,87,87],"card_choices":[{"not_picked":["RobotSpaceExplorer:SurgingStrike","RobotSpaceExplorer:PowerCollector"],"picked":"RobotSpaceExplorer:ScrapMissile","floor":1},{"not_picked":["RobotSpaceExplorer:ShovelStrike","RobotSpaceExplorer:SurgingShield"],"picked":"RobotSpaceExplorer:ScrapMissile","floor":2},{"not_picked":["RobotSpaceExplorer:Jetpack","RobotSpaceExplorer:PowerGlove"],"picked":"RobotSpaceExplorer:Probe","floor":3},{"not_picked":["RobotSpaceExplorer:ScrapShield","RobotSpaceExplorer:ChargingLaser"],"picked":"RobotSpaceExplorer:Probe","floor":4},{"not_picked":["RobotSpaceExplorer:Smokescreen","RobotSpaceExplorer:ShovelStrike"],"picked":"RobotSpaceExplorer:Ammunition","floor":6},{"not_picked":["RobotSpaceExplorer:FreezeRay","RobotSpaceExplorer:BigMissile"],"picked":"RobotSpaceExplorer:ScrapMissile","floor":10},{"not_picked":["RobotSpaceExplorer:SurgingShield","RobotSpaceExplorer:PowerCollector"],"picked":"RobotSpaceExplorer:ScrapMissile","floor":12},{"not_picked":["RobotSpaceExplorer:FrostMissile","RobotSpaceExplorer:DoubleFind"],"picked":"RobotSpaceExplorer:ScrapShield","floor":14},{"not_picked":["RobotSpaceExplorer:DroneSwarm","RobotSpaceExplorer:HighVoltage"],"picked":"RobotSpaceExplorer:ShockMissile","floor":16},{"not_picked":["RobotSpaceExplorer:DualCore","RobotSpaceExplorer:MiniDrones"],"picked":"RobotSpaceExplorer:LuckyStrike+1","floor":18},{"not_picked":["RobotSpaceExplorer:SlimeMissile","RobotSpaceExplorer:FrostMissile"],"picked":"RobotSpaceExplorer:MiniDrones","floor":19},{"not_picked":["RobotSpaceExplorer:MetalStrike","RobotSpaceExplorer:PowerCollector+1"],"picked":"RobotSpaceExplorer:LuckyStrike","floor":21},{"not_picked":["RobotSpaceExplorer:Counterblock+1","RobotSpaceExplorer:GlueShot+1"],"picked":"RobotSpaceExplorer:Fix","floor":22},{"not_picked":["RobotSpaceExplorer:MakeshiftVolley","RobotSpaceExplorer:SurgingStrike"],"picked":"RobotSpaceExplorer:SwiftStep","floor":23},{"not_picked":["RobotSpaceExplorer:FreezingShield","RobotSpaceExplorer:FranticSearch+1"],"picked":"RobotSpaceExplorer:JunkDive","floor":25},{"not_picked":["RobotSpaceExplorer:Electroshield","RobotSpaceExplorer:StunGrenade","RobotSpaceExplorer:Counterblock"],"picked":"SKIP","floor":28},{"not_picked":["RobotSpaceExplorer:Blaster","RobotSpaceExplorer:DoubleFind","RobotSpaceExplorer:MiniDrones"],"picked":"SKIP","floor":29},{"not_picked":["RobotSpaceExplorer:PowerCollector","RobotSpaceExplorer:StarLightning"],"picked":"RobotSpaceExplorer:DualCore","floor":30},{"not_picked":["RobotSpaceExplorer:FreezingShield","RobotSpaceExplorer:ImprovisedAttack"],"picked":"RobotSpaceExplorer:PowerGlove+1","floor":31},{"not_picked":["RobotSpaceExplorer:Probe+1","RobotSpaceExplorer:SwiftStep+1","RobotSpaceExplorer:SurgingStrike+1"],"picked":"SKIP","floor":35},{"not_picked":["RobotSpaceExplorer:GlueShot","RobotSpaceExplorer:Jetpack+1"],"picked":"RobotSpaceExplorer:ExhaustFan","floor":36},{"not_picked":["RobotSpaceExplorer:PowerCollector","RobotSpaceExplorer:GlueShot","RobotSpaceExplorer:ShockKick+1"],"picked":"SKIP","floor":37},{"not_picked":["RobotSpaceExplorer:FreezeRay+1","RobotSpaceExplorer:StarLightning","RobotSpaceExplorer:SwiftStep+1"],"picked":"SKIP","floor":38},{"not_picked":["RobotSpaceExplorer:DoubleFind","RobotSpaceExplorer:Fix+1"],"picked":"RobotSpaceExplorer:RigExplosive+1","floor":39},{"not_picked":["RobotSpaceExplorer:Ammunition","RobotSpaceExplorer:SurgingShield+1","RobotSpaceExplorer:DoubleFind"],"picked":"SKIP","floor":41},{"not_picked":["RobotSpaceExplorer:Probe+1","RobotSpaceExplorer:StunGrenade+1","RobotSpaceExplorer:SurgingStrike"],"picked":"SKIP","floor":42},{"not_picked":["RobotSpaceExplorer:FranticSearch+1","RobotSpaceExplorer:HighVoltage"],"picked":"RobotSpaceExplorer:ScrapToss","floor":44},{"not_picked":["RobotSpaceExplorer:Probe+1","RobotSpaceExplorer:Pulsar+1","RobotSpaceExplorer:RigExplosive+1"],"picked":"SKIP","floor":45},{"not_picked":["RobotSpaceExplorer:SelfCleaning+1","RobotSpaceExplorer:Probe"],"picked":"RobotSpaceExplorer:FranticSearch","floor":48},{"not_picked":["RobotSpaceExplorer:ExhaustFan","RobotSpaceExplorer:ChargingLaser"],"picked":"RobotSpaceExplorer:ScrapMissile+1","floor":54}],"player_experience":1084515,"relics_obtained":[{"floor":6,"key":"RobotSpaceExplorer:RingOfTheNewt"},{"floor":10,"key":"Bronze Scales"},{"floor":15,"key":"CaptainsWheel"},{"floor":23,"key":"Old Coin"},{"floor":26,"key":"Unceasing Top"},{"floor":42,"key":"Calipers"},{"floor":43,"key":"ReplayTheSpireMod:Lightbulb"},{"floor":45,"key":"Replay:Bandana"},{"floor":54,"key":"Pocketwatch"}],"event_choices":[{"damage_healed":0,"gold_gain":75,"player_choice":"Gold","damage_taken":11,"max_hp_gain":0,"max_hp_loss":0,"event_name":"betterThird:BetterGoop","floor":5,"gold_loss":0},{"cards_removed":["RobotSpaceExplorer:Ammunition"],"damage_healed":0,"gold_gain":0,"player_choice":"Removed Skill","damage_taken":0,"max_hp_gain":0,"max_hp_loss":0,"event_name":"Falling","floor":47,"gold_loss":0}],"is_beta":false,"boss_relics":[{"not_picked":["aspiration:PoetsPen_weak","ReplayTheSpireMod:DimensionalGlitch"],"picked":"RobotSpaceExplorer:Reprocessor"},{"not_picked":["Honey Jar","Velvet Choker"],"picked":"SlaversCollar"}],"items_purged_floors":[8,46,53],"is_endless":false,"potions_floor_spawned":[2,3,14,16,18,19,21,29,30,35,39,44,45],"ascension_level":0}}