{"host":"0fupymmp6wdjyqoi","time":1614162909,"event":{"mods":["BaseMod","Bestiary","Clockwork Mod","Conspire","Downfall","GifTheSpireLib","Hubris","Infinite Spire","Minty Spire (QoL Compilation)","Replay The Spire","StSLib","The Construct","The Senshi"],"gold_per_floor":[109,34,45,10,20,47,47,47,74,107,118,135,210,210,210,310,310,321,18,32,32,43,59,59,75,100,116,145,145,172,191,191,296,296,313,313,332,53,53,81,81,81,81,113,128,159,159,177,177,185],"floor_reached":51,"language":"ENG","playtime":5539,"items_purged":["Strike_B","Strike_B","Strike_B","Defend_B","Defend_B"],"score":761,"play_id":"a7f0ce14-6af8-4ec6-87b1-9d2bac3069e6","local_time":"20210224113509","is_ascension_mode":false,"campfire_choices":[{"data":"ReplayTheSpireMod:Omega Cannon","floor":7,"key":"SMITH"},{"floor":15,"key":"REST"},{"floor":24,"key":"REST"},{"floor":29,"key":"REST"},{"floor":32,"key":"REST"},{"floor":42,"key":"REST"},{"floor":47,"key":"REST"},{"floor":49,"key":"REST"}],"circlet_count":0,"master_deck":["Defend_B","Defend_B","Zap","Dualcast","Leap","ReplayTheSpireMod:Omega Cannon+1","Ball Lightning+1","Loop","Reinforced Body","Cold Snap","Ball Lightning","Reinforced Body","ReplayTheSpireMod:Omega Cannon+1","Sunder+1","Hologram","Steam","infinitespire:FutureSight","Auto Shields","Electrodynamics","Hologram+1","Capacitor","Steam","Cold Snap+1","Force Field","Tempest+1","Panic Button+1","infinitespire:FutureSight","Steam+1","Rebound+1","Self Repair","infinitespire:Fortify","FIFO Queue","Coolheaded+1","Turbo+1","FIFO Queue","Defragment+1","Conserve Battery+1","Panic Button","Conserve Battery"],"relics":["Cracked Core","NeowsBlessing","hubris:Metronome","GremlinMask","ReplayTheSpireMod:Lightbulb","conspire:DeflatedDodgeball","Black Star","Replay:Frozen Program","Vajra","Toy Ornithopter","hubris:FunFungus","theSenshi:FeatherClipsRelic","Dream Catcher","Nuclear Battery","Prayer Wheel","Bronze Scales","Whetstone","Potion Belt","infinitespire:Midas Blood","Mango","Fusion Hammer","HornCleat"],"acts_visited":["Exordium","TheCity","TheBeyond"],"potions_floor_usage":[23,31,50,50],"damage_taken":[{"damage":0,"enemies":"Cultist","floor":1,"turns":1},{"damage":0,"enemies":"2 Louse","floor":3,"turns":1},{"damage":0,"enemies":"Small Slimes","floor":5,"turns":1},{"damage":7,"enemies":"Gremlin Nob","floor":6,"turns":3},{"damage":18,"enemies":"Lagavulin","floor":10,"turns":6},{"damage":4,"enemies":"Exordium Thugs","floor":11,"turns":3},{"damage":11,"enemies":"conspire:2 RoseBushes","floor":12,"turns":3},{"damage":0,"enemies":"Slime Boss","floor":16,"turns":4},{"damage":11,"enemies":"Spheric Guardian","floor":18,"turns":4},{"damage":13,"enemies":"Shell Parasite","floor":20,"turns":7},{"damage":22,"enemies":"Snecko","floor":22,"turns":6},{"damage":0,"enemies":"Centurion and Healer","floor":23,"turns":3},{"damage":0,"enemies":"3 Cultists","floor":25,"turns":2},{"damage":4,"enemies":"Cultist and Chosen","floor":27,"turns":4},{"damage":0,"enemies":"conspire:Head Lice","floor":28,"turns":6},{"damage":20,"enemies":"Snake Plant","floor":31,"turns":4},{"damage":66,"enemies":"Automaton","floor":33,"turns":10},{"damage":20,"enemies":"3 Darklings","floor":35,"turns":5},{"damage":35,"enemies":"3 Shapes","floor":37,"turns":3},{"damage":10,"enemies":"Reptomancer","floor":40,"turns":6},{"damage":36,"enemies":"Sphere and 2 Shapes","floor":44,"turns":5},{"damage":0,"enemies":"3 Darklings","floor":45,"turns":4},{"damage":36,"enemies":"4 Shapes","floor":46,"turns":5},{"damage":29,"enemies":"Transient","floor":48,"turns":5},{"damage":78,"enemies":"Time Eater","floor":50,"turns":10}],"seed_played":"-2848124347011068965","potions_obtained":[{"floor":5,"key":"ColorlessPotion"},{"floor":6,"key":"Ancient Potion"},{"floor":12,"key":"SmokeBomb"},{"floor":23,"key":"SkillPotion"},{"floor":40,"key":"Slimebound:ThreeZeroPotion"},{"floor":48,"key":"Elixir"}],"is_trial":false,"path_per_floor":["M","$","M","?","M","E","R","?","T","E","M","M","?","?","R","B",null,"M","$","M","AVR","M","M","R","M","T","M","E","R","T","M","R","B",null,"M","?","M","$","T","E","AVR","R","T","M","M","M","R","M","R","B",null],"character_chosen":"DEFECT","items_purchased":["Replay:Frozen Program","Hologram","Bronze Scales"],"campfire_rested":7,"item_purchase_floors":[19,19,38],"current_hp_per_floor":[75,75,75,75,75,68,68,68,68,50,46,35,24,24,46,46,75,64,64,51,51,29,29,51,51,51,47,47,69,69,60,75,18,75,67,67,38,38,38,38,52,78,78,57,70,53,79,73,89,49],"gold":185,"neow_bonus":"THREE_ENEMY_KILL","is_daily":false,"chose_seed":false,"campfire_upgraded":1,"win_rate":0.0,"timestamp":1614162909,"path_taken":["M","?","M","?","M","E","R","?","T","E","?","?","?","?","R","BOSS","M","$","?","AVR","M","M","R","M","T","M","E","R","?","M","R","BOSS","M","?","M","?","?","E","AVR","R","T","M","M","?","R","M","R","BOSS"],"items_purchased_type":["Relic","Card","Relic"],"build_version":"2020-12-22","purchased_purges":5,"victory":true,"max_hp_per_floor":[75,75,75,75,75,75,75,75,75,75,75,75,75,75,75,75,75,75,75,75,75,75,75,75,75,75,75,75,75,75,75,75,75,75,75,75,75,75,75,75,89,89,89,89,89,89,89,89,89,89],"card_choices":[{"not_picked":["Gash","Barrage"],"picked":"Leap","floor":1},{"not_picked":["Stack","Barrage"],"picked":"ReplayTheSpireMod:Omega Cannon","floor":3},{"not_picked":["BasicCrystalCard","Panic Button"],"picked":"Ball Lightning","floor":5},{"not_picked":["Creative AI","Ball Lightning"],"picked":"Loop","floor":6},{"not_picked":["Defragment","Hello World"],"picked":"Reinforced Body","floor":10},{"not_picked":["Barrage","Coolheaded"],"picked":"Cold Snap","floor":11},{"not_picked":["Stack","conspire:Rain"],"picked":"Ball Lightning","floor":12},{"not_picked":["Mirror Shield","Reboot"],"picked":"ReplayTheSpireMod:Omega Cannon","floor":16},{"not_picked":["Darkness","Turbo+1"],"picked":"Sunder+1","floor":18},{"not_picked":["Gash","Compile Driver"],"picked":"Steam","floor":20},{"not_picked":["Go for the Eyes+1","Cold Snap"],"picked":"Auto Shields","floor":22},{"not_picked":["Barrage","Ball Lightning"],"picked":"Electrodynamics","floor":23},{"not_picked":["Gash","Reprogram"],"picked":"Hologram+1","floor":25},{"not_picked":["Turbo+1","Ball Lightning"],"picked":"Capacitor","floor":27},{"not_picked":["Chaos","Blizzard+1"],"picked":"Steam","floor":28},{"not_picked":["Steam Power","Stack"],"picked":"Cold Snap+1","floor":31},{"not_picked":["Barrage","Rebound+1"],"picked":"Force Field","floor":32},{"not_picked":["Thunder Strike","ReplayTheSpireMod:Omega Cannon"],"picked":"ReplayTheSpireMod:Fabricate Wheel","floor":33},{"not_picked":["Rebound","Go for the Eyes"],"picked":"Tempest+1","floor":35},{"not_picked":["Reinforced Body+1","Beam Cell+1"],"picked":"Panic Button+1","floor":35},{"not_picked":["Panic Button","Gash"],"picked":"Steam+1","floor":37},{"not_picked":["Reinforced Body+1","Reprogram"],"picked":"Rebound+1","floor":37},{"not_picked":["Gash","Leap"],"picked":"Self Repair","floor":40},{"not_picked":["Rip and Tear+1","ReplayTheSpireMod:Dual Polarity"],"picked":"FIFO Queue","floor":42},{"not_picked":["Rebound","ReplayTheSpireMod:System Scan+1"],"picked":"Coolheaded+1","floor":44},{"not_picked":["Coolheaded+1","Heatsinks"],"picked":"Turbo+1","floor":44},{"not_picked":["Chill","Steam"],"picked":"FIFO Queue","floor":45},{"not_picked":["Gash","Streamline+1"],"picked":"Defragment+1","floor":45},{"not_picked":["ReplayTheSpireMod:Repulse+1","Consume+1"],"picked":"Conserve Battery+1","floor":46},{"not_picked":["Streamline","conspire:Rain+1","Beam Cell+1"],"picked":"SKIP","floor":46},{"not_picked":["Beam Cell+1","hubris:Prefetch"],"picked":"Panic Button","floor":47},{"not_picked":["hubris:Ukulele+1","Sweeping Beam","Steam Power+1"],"picked":"SKIP","floor":48},{"not_picked":["BasicCrystalCard+1","Panic Button+1","Sweeping Beam+1"],"picked":"SKIP","floor":48},{"not_picked":["Coolheaded","Capacitor"],"picked":"Conserve Battery","floor":49}],"player_experience":91327,"relics_obtained":[{"floor":6,"key":"hubris:Metronome"},{"floor":9,"key":"ReplayTheSpireMod:Lightbulb"},{"floor":10,"key":"conspire:DeflatedDodgeball"},{"floor":26,"key":"Toy Ornithopter"},{"floor":28,"key":"hubris:FunFungus"},{"floor":28,"key":"theSenshi:FeatherClipsRelic"},{"floor":30,"key":"Dream Catcher"},{"floor":39,"key":"Whetstone"},{"floor":40,"key":"Potion Belt"},{"floor":40,"key":"infinitespire:Midas Blood"},{"floor":43,"key":"HornCleat"}],"event_choices":[{"damage_healed":18,"gold_gain":0,"player_choice":"Healed","damage_taken":0,"max_hp_gain":0,"max_hp_loss":0,"event_name":"The Cleric","floor":4,"gold_loss":35},{"damage_healed":0,"gold_gain":0,"player_choice":"Trade","damage_taken":0,"relics_obtained":["GremlinMask"],"max_hp_gain":0,"max_hp_loss":0,"event_name":"FaceTrader","floor":8,"gold_loss":0},{"damage_healed":0,"gold_gain":75,"player_choice":"Gather Gold","damage_taken":11,"max_hp_gain":0,"max_hp_loss":0,"event_name":"World of Goop","floor":13,"gold_loss":0},{"damage_healed":0,"gold_gain":0,"cards_transformed":["Strike_B"],"player_choice":"Transformed","damage_taken":0,"max_hp_gain":0,"max_hp_loss":0,"event_name":"Transmorgrifier","floor":14,"gold_loss":0,"cards_obtained":["Reinforced Body"]},{"damage_healed":0,"gold_gain":0,"player_choice":"Copied","damage_taken":0,"max_hp_gain":0,"max_hp_loss":0,"event_name":"Duplicator","floor":36,"gold_loss":0,"cards_obtained":["infinitespire:FutureSight"]}],"is_beta":false,"boss_relics":[{"not_picked":["bronze:MakeshiftBattery","Busted Crown"],"picked":"Black Star"},{"not_picked":["ReplayTheSpireMod:SealedPack","conspire:SlowCooker"],"picked":"Nuclear Battery"}],"items_purged_floors":[2,19,21,38,41],"is_endless":false,"potions_floor_spawned":[5,6,12,20,23,25,27,40,48],"ascension_level":0}}