{"host":"cd25ms2o8pjhjp7m","time":1614168932,"event":{"mods":["Act Like it!","Aspiration","BaseMod","Bestiary","Better Third Choice","BetterRewards","Conspire","Curses Come First","Friendly Minions","GifTheSpireLib","Hubris","Infinite Spire","JesterMod","Minty Spire (QoL Compilation)","Rare Cards Sparkle","Relic Stats","Reliquary","Replay The Spire","Robot Space Explorer","Ruina","StSLib","The Marked","The Poker Player","The Runesmith","Uncapped","[IsaacMod]????","??????REMEMod"],"gold_per_floor":[116,126,176,195,205,235,235,251,251,251,129,143,143,153,153,258,258,269,269,302,302,302],"floor_reached":21,"language":"DEU","playtime":873,"items_purged":["jesterMod:Strike","jesterMod:Strike"],"score":131,"play_id":"282f774f-d21a-4cd9-afef-a313682dc8d4","local_time":"20210224131532","is_ascension_mode":false,"campfire_choices":[{"data":"jesterMod:DanceOfChaos","floor":10.0,"key":"SMITH"},{"data":"jesterMod:LightTheWick","floor":13.0,"key":"SMITH"},{"data":"jesterMod:Tinker","floor":15.0,"key":"SMITH"}],"circlet_count":0,"master_deck":["jesterMod:Strike","jesterMod:Strike","jesterMod:Strike","jesterMod:Sickle","jesterMod:Defend","jesterMod:Defend","jesterMod:Defend","jesterMod:Defend","jesterMod:Defend","jesterMod:Dodge","jesterMod:BoilDown","jesterMod:Pause","jesterMod:LightTheWick+1","jesterMod:Precipitation","jesterMod:DanceOfChaos+1","jesterMod:Juggle","jesterMod:Prankster","jesterMod:Tinker+1","jesterMod:Trance","jesterMod:LightTheWick"],"relics":["jesterMod:JesterCap","REME_ComplimentaryCards","HushsDoor","GuppysTail","NeowsBlessing","aspiration:FetidBarrel","TheBean","conspire:DeflatedDodgeball","hubris:TinFlute","reliquary:RedCape","Happy Flower"],"acts_visited":["Exordium","Exordium"],"potions_floor_usage":[18],"damage_taken":[{"damage":0.0,"enemies":"2 Louse","floor":1.0,"turns":1.0},{"damage":0.0,"enemies":"Cultist","floor":2.0,"turns":1.0},{"damage":0.0,"enemies":"Hiden Room Battle","floor":3.0,"turns":2.0},{"damage":0.0,"enemies":"Jaw Worm","floor":4.0,"turns":4.0},{"damage":0.0,"enemies":"Gremlin Gang","floor":5.0,"turns":4.0},{"damage":16.0,"enemies":"3 Sentries","floor":6.0,"turns":8.0},{"damage":5.0,"enemies":"Large Slime","floor":8.0,"turns":6.0},{"damage":3.0,"enemies":"Exordium Wildlife","floor":12.0,"turns":5.0},{"damage":0.0,"enemies":"Gremlin Gang","floor":14.0,"turns":2.0},{"damage":0.0,"enemies":"Slime Boss","floor":16.0,"turns":1.0},{"damage":19,"enemies":"ruina:3_Bats","floor":18,"turns":5},{"damage":32,"enemies":"conspire:MimicChest","floor":20,"turns":6},{"damage":30,"enemies":"ruina:BadWolf","floor":21,"turns":2}],"seed_played":"-426346442842367145","potions_obtained":[{"floor":1.0,"key":"Adrenaline Potion"},{"floor":3.0,"key":"Reflective Coating"},{"floor":8.0,"key":"Flashbang"},{"floor":12.0,"key":"infinitespire:BlackPotion"},{"floor":18,"key":"SpeedPotion"}],"is_trial":false,"path_per_floor":["M","M","?","M","M","E","T","M","T","R","$","M","R","M","R","B",null,"M","?","?","M"],"character_chosen":"THE_JESTER","items_purchased":["jesterMod:Prankster"],"campfire_rested":0,"item_purchase_floors":[11],"current_hp_per_floor":[70,70,70,70,70,54,54,49,49,49,49,46,46,46,46,46,63,44,50,18,0,0],"gold":302,"neow_bonus":"THREE_ENEMY_KILL","is_daily":false,"chose_seed":false,"campfire_upgraded":3,"win_rate":0.0,"timestamp":1614168932,"path_taken":["M","M","?","M","?","E","?","?","T","R","$","M","R","M","R","BOSS","M","?","?","?"],"items_purchased_type":["Card"],"build_version":"2020-12-22","purchased_purges":2,"victory":false,"max_hp_per_floor":[70,70,70,70,70,70,70,70,70,70,70,70,70,70,70,70,63,63,63,63,63,63],"relic_stats":{"Happy Flower":[0],"counters":[13,47],"obtain_stats":[{"KeepersGift":0,"GuppysTail":0,"TheBean":3,"NeowsBlessing":0,"Happy Flower":20,"aspiration:FetidBarrel":3,"jesterMod:JesterCap":0,"conspire:DeflatedDodgeball":6,"reliquary:RedCape":17,"HushsDoor":0,"hubris:TinFlute":9,"REME_ComplimentaryCards":0},{"KeepersGift":0,"GuppysTail":0,"TheBean":3,"NeowsBlessing":0,"Happy Flower":12,"aspiration:FetidBarrel":3,"jesterMod:JesterCap":0,"conspire:DeflatedDodgeball":6,"reliquary:RedCape":10,"HushsDoor":0,"hubris:TinFlute":7,"REME_ComplimentaryCards":0},{"KeepersGift":0,"GuppysTail":0,"TheBean":4,"NeowsBlessing":0,"Happy Flower":45,"aspiration:FetidBarrel":4,"jesterMod:JesterCap":0,"conspire:DeflatedDodgeball":20,"reliquary:RedCape":34,"HushsDoor":0,"hubris:TinFlute":26,"REME_ComplimentaryCards":0}]},"card_choices":[{"not_picked":[],"picked":"Bomb","floor":0.0},{"not_picked":["jesterMod:Inspiration","jesterMod:Contradiction"],"picked":"jesterMod:Pause","floor":1.0},{"not_picked":["jesterMod:Twirl","jesterMod:Taunt"],"picked":"jesterMod:LightTheWick","floor":2.0},{"not_picked":["jesterMod:QuickStrike","jesterMod:SwiftDodge"],"picked":"jesterMod:Precipitation","floor":4.0},{"not_picked":["jesterMod:SmokeScreen","Bomb","jesterMod:Contradiction"],"picked":"SKIP","floor":5.0},{"not_picked":["jesterMod:Contradiction","jesterMod:DancingMad"],"picked":"jesterMod:DanceOfChaos","floor":6.0},{"not_picked":["jesterMod:Precipitation","jesterMod:BouncingKnife"],"picked":"jesterMod:Juggle","floor":8.0},{"not_picked":["jesterMod:Loot","jesterMod:DanceOfChaos","jesterMod:Anticipation"],"picked":"SKIP","floor":12.0},{"not_picked":["jesterMod:PerfectDodge","jesterMod:OblivionStrike"],"picked":"jesterMod:Tinker","floor":14.0},{"not_picked":["jesterMod:Frustration","jesterMod:HedgehogForm"],"picked":"jesterMod:Trance","floor":16.0},{"not_picked":["jesterMod:DancingMad","jesterMod:Patience"],"picked":"jesterMod:LightTheWick","floor":18}],"player_experience":511037,"relics_obtained":[{"floor":3.0,"key":"aspiration:FetidBarrel"},{"floor":3.0,"key":"TheBean"},{"floor":6.0,"key":"conspire:DeflatedDodgeball"},{"floor":9.0,"key":"hubris:TinFlute"},{"floor":20,"key":"Happy Flower"}],"event_choices":[{"damage_healed":0.0,"max_hp_gain":0.0,"max_hp_loss":0.0,"gold_gain":0.0,"event_name":"HidenRoomEvent","player_choice":"Fight","floor":3.0,"gold_loss":0.0,"damage_taken":0.0}],"is_beta":false,"boss_relics":[{"not_picked":["Replay:Grab Bag","aspiration:IroncladSkillbook"],"picked":"reliquary:RedCape"},{"not_picked":[]}],"items_purged_floors":[11,17],"is_endless":false,"potions_floor_spawned":[1,3,8,12,18],"killed_by":"ruina:BadWolf","ascension_level":0}}