{"host":"xa0kvhbb1ful01xu","time":1614178554,"event":{"mods":["BaseMod","BetterRewards","Custom Start","Minty Spire (QoL Compilation)","READ ME - Snecko Mod","StSLib","The Bug Knight"],"gold_per_floor":[109,109,109,122,122,155,173,223,250,262,262,474,474,499,499,600,600,614,614,614,614,614],"floor_reached":21,"language":"ENG","playtime":1233,"items_purged":[],"score":225,"play_id":"d7f5459c-6993-4c25-9a5e-0d170d6f86b7","local_time":"20210224155554","is_ascension_mode":false,"campfire_choices":[{"data":"BattleHymn","floor":11,"key":"SMITH"},{"data":"DevaForm","floor":15,"key":"SMITH"}],"circlet_count":0,"master_deck":["Strike_P","Strike_P","Strike_P","Strike_P","Defend_P+1","Defend_P","Defend_P","Defend_P","Eruption","Vigilance","CarveReality","CarveReality+1","BattleHymn+1","Establishment","EmptyFist+1","DevaForm+1","Establishment","BattleHymn"],"relics":["PureWater","NeowsBlessing","Ancient Tea Set","PreservedInsect","Strawberry","ClockworkSouvenir","Tiny Chest","Orrery","Toy Ornithopter","VioletLotus","Incense Burner"],"acts_visited":["Exordium","TheCity"],"potions_floor_usage":[16],"damage_taken":[{"damage":0,"enemies":"2 Louse","floor":1,"turns":1},{"damage":0,"enemies":"Small Slimes","floor":4,"turns":1},{"damage":0,"enemies":"Gremlin Nob","floor":6,"turns":1},{"damage":0,"enemies":"Cultist","floor":7,"turns":2},{"damage":0,"enemies":"Large Slime","floor":10,"turns":5},{"damage":15,"enemies":"The Guardian","floor":16,"turns":5},{"damage":29,"enemies":"2 Thieves","floor":18,"turns":4},{"damage":51,"enemies":"Shell Parasite","floor":21,"turns":5}],"seed_played":"6390654762179531411","potions_obtained":[{"floor":1,"key":"BlessingOfTheForge"},{"floor":4,"key":"SkillPotion"},{"floor":6,"key":"Block Potion"},{"floor":16,"key":"FearPotion"}],"is_trial":false,"path_per_floor":["M","?","?","M","?","E","M","$","T","M","R","$","?","T","R","B",null,"M","T","$","M"],"character_chosen":"WATCHER","items_purchased":["PreservedInsect","Strawberry","ClockworkSouvenir","Orrery","DevaForm"],"campfire_rested":0,"item_purchase_floors":[8,8,8,12,12],"current_hp_per_floor":[72,72,72,72,72,72,72,79,79,79,79,79,63,63,63,53,79,50,50,50,0,0],"gold":614,"neow_bonus":"THREE_ENEMY_KILL","is_daily":false,"chose_seed":false,"campfire_upgraded":2,"win_rate":0.0,"timestamp":1614178554,"path_taken":["M","?","?","?","?","E","M","?","T","?","R","$","?","?","R","BOSS","M","?","$","M"],"items_purchased_type":["Relic","Relic","Relic","Relic","Card"],"build_version":"2020-12-22","purchased_purges":0,"victory":false,"max_hp_per_floor":[72,72,72,72,72,72,72,79,79,79,79,79,79,79,79,79,79,79,79,79,79,79],"card_choices":[{"not_picked":["Evaluate","Crescendo"],"picked":"CarveReality","floor":1},{"not_picked":["EmptyFist","BowlingBash"],"picked":"CarveReality","floor":4},{"not_picked":["FollowUp","ClearTheMind"],"picked":"BattleHymn","floor":6},{"not_picked":["Protect","Evaluate"],"picked":"Establishment","floor":7},{"not_picked":["WaveOfTheHand","Study"],"picked":"EmptyFist","floor":10},{"not_picked":["LessonLearned","Ragnarok"],"picked":"Establishment","floor":16},{"not_picked":["CutThroughFate","Evaluate"],"picked":"BattleHymn","floor":18}],"player_experience":99206,"relics_obtained":[{"floor":6,"key":"Ancient Tea Set"},{"floor":9,"key":"Tiny Chest"},{"floor":14,"key":"Toy Ornithopter"},{"floor":19,"key":"Incense Burner"}],"event_choices":[{"damage_healed":0,"gold_gain":0,"player_choice":"Leave","damage_taken":0,"max_hp_gain":0,"max_hp_loss":0,"event_name":"The Cleric","floor":2,"gold_loss":0},{"damage_healed":0,"gold_gain":0,"player_choice":"Bought 0 Potions","damage_taken":0,"max_hp_gain":0,"max_hp_loss":0,"event_name":"The Woman in Blue","floor":3,"gold_loss":0},{"damage_healed":0,"gold_gain":0,"player_choice":"Grow","damage_taken":0,"max_hp_gain":0,"max_hp_loss":0,"event_name":"Living Wall","floor":5,"gold_loss":0,"cards_upgraded":["CarveReality"]},{"damage_healed":0,"gold_gain":0,"player_choice":"Entered Light","damage_taken":16,"max_hp_gain":0,"max_hp_loss":0,"event_name":"Shining Light","floor":13,"gold_loss":0,"cards_upgraded":["Defend_P","EmptyFist"]}],"is_beta":false,"boss_relics":[{"not_picked":["Busted Crown","SacredBark"],"picked":"VioletLotus"}],"items_purged_floors":[],"is_endless":false,"potions_floor_spawned":[1,4,6,16],"killed_by":"Shell Parasite","ascension_level":0}}