{"host":"en4narc5947t7k9n","time":1614154564,"event":{"mods":["AchievementEnabler","BaseMod","Colored Map","Minty Spire (QoL Compilation)","SuperFastMode"],"gold_per_floor":[112,112,29,48,48,73,92,122,122,197,197,209,219,219,219,348,348,364,364,102,123,147,147,166,166,166,190,190,112,112,132,132,253,253,274,83,107,125,140,140,161,161,188,207,232,53,74,90,90,90,90,90,17,17,17],"floor_reached":54,"language":"KOR","playtime":2813,"items_purged":["Defend_G","Defend_G","Strike_G"],"score":705,"play_id":"1c8d21b6-7a05-4910-b034-fe088c59d62c","local_time":"20210224171604","is_ascension_mode":false,"campfire_choices":[{"data":"Crippling Poison","floor":11,"key":"SMITH"},{"floor":15,"key":"RECALL"},{"data":"Terror","floor":23,"key":"SMITH"},{"data":"Catalyst","floor":25,"key":"SMITH"},{"floor":32,"key":"REST"},{"data":"Bandage Up","floor":40,"key":"SMITH"},{"data":"Bullet Time","floor":42,"key":"SMITH"},{"floor":49,"key":"REST"},{"data":"Bouncing Flask","floor":52,"key":"SMITH"}],"circlet_count":0,"master_deck":["Strike_G","Defend_G","Defend_G","Defend_G","Survivor","Neutralize","Dagger Throw","Dramatic Entrance","Poisoned Stab","Noxious Fumes","Underhanded Strike","Crippling Poison+1","Bouncing Flask+1","Backflip","Venomology+1","Deflect","Prepared","Terror+1","Good Instincts","Dagger Throw+1","Dodge and Roll","Catalyst+1","Flying Knee+1","Dash","Slice+1","Bullet Time+1","Deadly Poison+1","Bandage Up+1","Masterful Stab+1","Die Die Die","Finisher+1","Caltrops+1","Underhanded Strike+1","Choke+1","Bane","Catalyst+1"],"relics":["Ring of the Snake","NeowsBlessing","Bag of Preparation","Thread and Needle","Letter Opener","Golden Idol","Empty Cage","Enchiridion","GremlinMask","SlaversCollar","Vajra"],"acts_visited":["Exordium","TheCity","TheBeyond","TheEnding"],"potions_floor_usage":[16,16,18,24,24,27,31,31,31,33,33,37,38,39,39,41,41,45,47,48,50,54],"damage_taken":[{"damage":0,"enemies":"Small Slimes","floor":1,"turns":1},{"damage":0,"enemies":"Cultist","floor":4,"turns":1},{"damage":0,"enemies":"3 Sentries","floor":6,"turns":1},{"damage":0,"enemies":"2 Louse","floor":7,"turns":3},{"damage":37,"enemies":"Lagavulin","floor":8,"turns":8},{"damage":0,"enemies":"Large Slime","floor":12,"turns":3},{"damage":0,"enemies":"Red Slaver","floor":13,"turns":3},{"damage":2,"enemies":"Hexaghost","floor":16,"turns":8},{"damage":0,"enemies":"Spheric Guardian","floor":18,"turns":3},{"damage":14,"enemies":"3 Byrds","floor":21,"turns":3},{"damage":7,"enemies":"Snecko","floor":22,"turns":5},{"damage":5,"enemies":"Centurion and Healer","floor":24,"turns":7},{"damage":2,"enemies":"Cultist and Chosen","floor":27,"turns":3},{"damage":0,"enemies":"Snecko","floor":31,"turns":3},{"damage":41,"enemies":"Automaton","floor":33,"turns":8},{"damage":16,"enemies":"3 Darklings","floor":35,"turns":6},{"damage":0,"enemies":"Orb Walker","floor":37,"turns":4},{"damage":0,"enemies":"Transient","floor":38,"turns":5},{"damage":14,"enemies":"Sphere and 2 Shapes","floor":39,"turns":5},{"damage":11,"enemies":"Spire Growth","floor":41,"turns":3},{"damage":0,"enemies":"3 Darklings","floor":44,"turns":3},{"damage":22,"enemies":"Maw","floor":45,"turns":7},{"damage":18,"enemies":"Jaw Worm Horde","floor":47,"turns":4},{"damage":5,"enemies":"Transient","floor":48,"turns":5},{"damage":70,"enemies":"Time Eater","floor":50,"turns":7},{"damage":75,"enemies":"Shield and Spear","floor":54,"turns":4}],"seed_played":"8553091526689384314","potions_obtained":[{"floor":4,"key":"Fire Potion"},{"floor":6,"key":"Fire Potion"},{"floor":12,"key":"FairyPotion"},{"floor":24,"key":"AttackPotion"},{"floor":27,"key":"ColorlessPotion"},{"floor":31,"key":"CunningPotion"},{"floor":38,"key":"FearPotion"},{"floor":41,"key":"AttackPotion"},{"floor":45,"key":"EssenceOfSteel"}],"is_trial":false,"path_per_floor":["M","?","$","M","$","E","M","E","T","?","R","M","M","?","R","B",null,"M","?","$","M","M","R","M","R","T","M","?","$","?","M","R","B",null,"M","$","M","M","M","R","M","R","T","M","M","$","M","M","R","B",null,"R","$","E"],"character_chosen":"THE_SILENT","items_purchased":["Dramatic Entrance","Prepared","Terror","Good Instincts","Dash","Bandage Up","Bane","LiquidMemories"],"campfire_rested":2,"item_purchase_floors":[3,20,20,20,29,36,46,53],"current_hp_per_floor":[70,70,70,70,70,70,70,33,33,22,22,22,22,5,5,3,70,70,70,70,56,49,49,44,44,44,42,26,26,26,26,47,6,70,54,54,58,58,48,48,43,43,43,49,33,33,21,22,43,4,70,70,70,0,0],"gold":17,"neow_bonus":"THREE_ENEMY_KILL","is_daily":false,"chose_seed":false,"campfire_upgraded":6,"win_rate":0.0,"timestamp":1614154564,"path_taken":["M","?","$","?","$","E","M","E","T","?","R","M","M","?","R","BOSS","M","?","$","M","M","R","?","R","T","M","?","$","?","M","R","BOSS","M","$","M","M","M","R","M","R","T","M","M","$","?","M","R","BOSS","R","$","E"],"items_purchased_type":["Card","Card","Card","Card","Card","Card","Card","Potion"],"build_version":"2020-12-22","purchased_purges":3,"victory":false,"max_hp_per_floor":[70,70,70,70,70,70,70,70,70,70,70,70,70,70,70,70,70,70,70,70,70,70,70,70,70,70,70,70,70,70,70,70,70,70,70,70,70,70,70,70,70,70,70,70,70,70,70,70,70,70,70,70,70,70,70],"card_choices":[{"not_picked":["Flying Knee","Quick Slash"],"picked":"Dagger Throw","floor":1},{"not_picked":["Finisher","Reflex"],"picked":"Poisoned Stab","floor":4},{"not_picked":["Dodge and Roll","Heel Hook"],"picked":"Noxious Fumes","floor":6},{"not_picked":["Poisoned Stab","Infinite Blades"],"picked":"Underhanded Strike","floor":7},{"not_picked":["Outmaneuver","Backflip"],"picked":"Crippling Poison","floor":8},{"not_picked":["Riddle With Holes","Setup"],"picked":"Bouncing Flask","floor":12},{"not_picked":["Slice","Acrobatics"],"picked":"Backflip","floor":13},{"not_picked":["Glass Knife","Storm of Steel"],"picked":"Venomology","floor":16},{"not_picked":["Setup","Outmaneuver"],"picked":"Deflect","floor":18},{"not_picked":["Deflect","Acrobatics"],"picked":"Dagger Throw+1","floor":21},{"not_picked":["Flechettes","Backflip"],"picked":"Dodge and Roll","floor":22},{"not_picked":["Outmaneuver","Underhanded Strike"],"picked":"Catalyst","floor":24},{"not_picked":["Acrobatics","Well Laid Plans"],"picked":"Flying Knee+1","floor":27},{"not_picked":["Predator","Cloak And Dagger"],"picked":"Slice+1","floor":31},{"not_picked":["Night Terror","Tools of the Trade"],"picked":"Bullet Time","floor":33},{"not_picked":["Acrobatics+1","Prepared+1"],"picked":"Deadly Poison+1","floor":35},{"not_picked":["Blur","Cloak And Dagger"],"picked":"Masterful Stab+1","floor":37},{"not_picked":["Blade Dance","Dagger Throw"],"picked":"Die Die Die","floor":38},{"not_picked":["Accuracy","Prepared"],"picked":"Finisher+1","floor":39},{"not_picked":["Sucker Punch+1","Dagger Throw+1"],"picked":"Caltrops+1","floor":41},{"not_picked":["Poisoned Stab+1","Slice"],"picked":"Underhanded Strike+1","floor":44},{"not_picked":["Outmaneuver","Flying Knee+1"],"picked":"Choke+1","floor":45},{"not_picked":["Flying Knee+1","Underhanded Strike","Heel Hook"],"picked":"SKIP","floor":47},{"not_picked":["Dash","Flying Knee+1"],"picked":"Catalyst+1","floor":48}],"player_experience":193120,"relics_obtained":[{"floor":6,"key":"Bag of Preparation"},{"floor":8,"key":"Thread and Needle"},{"floor":9,"key":"Letter Opener"},{"floor":28,"key":"Enchiridion"},{"floor":43,"key":"Vajra"}],"event_choices":[{"cards_removed":["Strike_G"],"damage_healed":0,"gold_gain":0,"player_choice":"Purged","damage_taken":0,"max_hp_gain":0,"max_hp_loss":0,"event_name":"Purifier","floor":2,"gold_loss":0},{"damage_healed":0,"gold_gain":75,"player_choice":"Gather Gold","damage_taken":11,"max_hp_gain":0,"max_hp_loss":0,"event_name":"World of Goop","floor":10,"gold_loss":0},{"damage_healed":0,"gold_gain":0,"player_choice":"Take Damage","damage_taken":17,"relics_obtained":["Golden Idol"],"max_hp_gain":0,"max_hp_loss":0,"event_name":"Golden Idol","floor":14,"gold_loss":0},{"damage_healed":0,"gold_gain":0,"player_choice":"Forge","damage_taken":0,"max_hp_gain":0,"max_hp_loss":0,"event_name":"Accursed Blacksmith","floor":19,"gold_loss":0,"cards_upgraded":["Venomology"]},{"damage_healed":0,"gold_gain":0,"player_choice":"Obtained Book","damage_taken":16,"max_hp_gain":0,"max_hp_loss":0,"event_name":"Cursed Tome","floor":28,"gold_loss":0},{"damage_healed":0,"gold_gain":0,"player_choice":"Trade","damage_taken":0,"relics_obtained":["GremlinMask"],"max_hp_gain":0,"max_hp_loss":0,"event_name":"FaceTrader","floor":30,"gold_loss":0}],"is_beta":false,"boss_relics":[{"not_picked":["SacredBark","Snecko Eye"],"picked":"Empty Cage"},{"not_picked":["Sozu","Velvet Choker"],"picked":"SlaversCollar"}],"items_purged_floors":[20,36,46],"is_endless":false,"potions_floor_spawned":[4,6,12,24,27,31,38,41,45],"killed_by":"Shield and Spear","ascension_level":0}}