{"host":"ox77rn1xcurm2t5a","time":1614199455,"event":{"mods":["2.2 Compatiblity","AchievementEnabler","Act Like it!","Aspiration","BaseMod","Best Route Mod","Better Match","Better Note","Better Sensory Stone","Block Reminder","Colored Map","Colored Powertips","Conjunction","Conspire","Custom Start","Energized Spire","GifTheSpireLib","Gold Saver","Gremlin Skip","Halation","Highlight Path","Hubris","Infinite Spire","Minty Spire (QoL Compilation)","Pale of the Ancients","Quick Restart","Reliquary","Replay The Spire","Reworked Bosses","ShortenTheSpire","Spire Exporter","StSLib","Stuff the Spire","Wandering Minibosses"],"gold_per_floor":[132,132,132,132,57,86,86,86,86,117,117,117,117,144,144,26,26,26,26],"floor_reached":18,"language":"ENG","playtime":211,"items_purged":["Defend_R"],"score":267,"play_id":"72939fca-401c-41b8-8bbe-e0579ee6305c","local_time":"20210224224415","is_ascension_mode":true,"campfire_choices":[{"floor":7,"key":"RECALL"},{"data":"Bash","floor":12,"key":"SMITH"},{"floor":15,"key":"REST"},{"data":"Perfected Strike","floor":17,"key":"SMITH"}],"circlet_count":0,"master_deck":["AscendersBane","Strike_R","Strike_R","Strike_R","Defend_R","Defend_R","Defend_R","Bash+1","Perfected Strike+1","Inflame+1"],"relics":["Burning Blood","NeowsBlessing","infinitespire:Satchel","Red Skull","reliquary:JackalopeAntler","Frozen Egg 2"],"acts_visited":["Exordium"],"potions_floor_usage":[14],"damage_taken":[{"damage":0,"enemies":"Jaw Worm","floor":1,"turns":1},{"damage":0,"enemies":"3 Sentries","floor":6,"turns":1},{"damage":0,"enemies":"Gremlin Nob","floor":10,"turns":1},{"damage":51,"enemies":"Lagavulin","floor":14,"turns":6},{"damage":61,"enemies":"Hexaghost","floor":18,"turns":7}],"seed_played":"-7601720041361680465","potions_obtained":[{"floor":6,"key":"AttackPotion"}],"is_trial":false,"path_per_floor":["M","?","?","?","$","E","R","PTL","PTL","E","T","R","?","E","R","$","R","B"],"character_chosen":"IRONCLAD","items_purchased":["Perfected Strike","Inflame+1"],"campfire_rested":1,"item_purchase_floors":[16,16],"current_hp_per_floor":[78,78,78,78,78,80,80,80,80,80,80,80,80,35,59,59,59,0,0],"gold":26,"neow_bonus":"THREE_ENEMY_KILL","is_daily":false,"chose_seed":false,"campfire_upgraded":2,"win_rate":0.0,"timestamp":1614199455,"path_taken":["M","?","?","?","$","E","R","PTL","PTL","E","T","R","?","E","R","$","R","BOSS"],"items_purchased_type":["Card","Card"],"build_version":"2020-12-22","purchased_purges":1,"victory":false,"max_hp_per_floor":[80,80,80,80,80,80,80,80,80,80,80,80,80,80,80,80,80,80,80],"card_choices":[{"not_picked":["Ghostly Armor","Shockwave","Intimidate"],"picked":"SKIP","floor":1},{"not_picked":["Clothesline","StuffTheSpire:BloodClot","Feel No Pain"],"picked":"SKIP","floor":6},{"not_picked":["ReplayTheSpireMod:Strike From Hell","Run Through","Intimidate"],"picked":"SKIP","floor":10},{"not_picked":["Hemokinesis","Combust+1","Massacre"],"picked":"SKIP","floor":14}],"player_experience":3240418,"relics_obtained":[{"floor":6,"key":"infinitespire:Satchel"},{"floor":10,"key":"Red Skull"},{"floor":11,"key":"reliquary:JackalopeAntler"},{"floor":14,"key":"Frozen Egg 2"}],"event_choices":[{"damage_healed":0,"gold_gain":0,"player_choice":"Ignored","damage_taken":0,"max_hp_gain":0,"max_hp_loss":0,"event_name":"Golden Wing","floor":3,"gold_loss":0},{"cards_removed":["Strike_R"],"damage_healed":0,"gold_gain":0,"player_choice":"Forget","damage_taken":0,"max_hp_gain":0,"max_hp_loss":0,"event_name":"Living Wall","floor":13,"gold_loss":0}],"is_beta":false,"boss_relics":[],"items_purged_floors":[5],"is_endless":false,"potions_floor_spawned":[6],"killed_by":"Hexaghost","ascension_level":11}}