{"host":"61r95uy0hn86b9iu","time":1614150450,"event":{"mods":["AchievementEnabler","BaseMod","Better Vampires","BetterRewards","Colored Powertips","Hubris","Minty Spire (QoL Compilation)","Shop Mod","StSLib"],"gold_per_floor":[109,34,45,59,59,59,86,86,168,180,180,195,195,215,215,289,289,304,39,39,39,10,10,21,21,44,44,71,71,98,112,112,189,189,213,213,128,0,14,45,45,79,79,99,119,152,168,177,177,177,177,177,51,80,80,80],"floor_reached":55,"language":"ENG","playtime":2608,"items_purged":["Strike_B"],"score":1889,"play_id":"48b8b0d2-f176-471f-a931-db2e75c0a0c2","local_time":"20210224010730","is_ascension_mode":true,"campfire_choices":[{"floor":6.0,"key":"REST"},{"data":"Zap","floor":11.0,"key":"SMITH"},{"data":"Dualcast","floor":13.0,"key":"SMITH"},{"floor":15.0,"key":"RECALL"},{"floor":23.0,"key":"REST"},{"floor":25.0,"key":"REST"},{"data":"Echo Form","floor":27.0,"key":"SMITH"},{"floor":32.0,"key":"REST"},{"floor":41.0,"key":"REST"},{"floor":49.0,"key":"REST"},{"data":"Creative AI","floor":52.0,"key":"SMITH"}],"circlet_count":0,"master_deck":["AscendersBane","Strike_B+1","Strike_B+1","Defend_B+1","Defend_B+1","Zap+1","Dualcast+1","Conserve Battery+1","Coolheaded+1","Hologram+1","Skim+1","White Noise+1","Sunder+1","Reinforced Body+1","Rebound","Echo Form+1","Conserve Battery+1","White Noise+1","Chaos+1","Creative AI+1","Leap+1","Reboot+1","hubris:SpecializedCircuitry"],"relics":["Cracked Core","Omamori","Toxic Egg 2","Runic Capacitor","hubris:TinFlute","Singing Bowl","hubris:RunicObelisk","Meat on the Bone","Lantern","Emotion Chip","hubris:SoftwareUpdate","Incense Burner","hubris:Towel","MerchantsRug","Red Mask","Oddly Smooth Stone","Vajra","Torii","Strawberry","Happy Flower"],"acts_visited":["Exordium","TheCity","TheBeyond","TheEnding"],"potions_floor_usage":[55],"damage_taken":[{"damage":2.0,"enemies":"Small Slimes","floor":1.0,"turns":3.0},{"damage":4.0,"enemies":"2 Louse","floor":3.0,"turns":3.0},{"damage":4.0,"enemies":"Cultist","floor":4.0,"turns":3.0},{"damage":35.0,"enemies":"Gremlin Nob","floor":7.0,"turns":4.0},{"damage":12.0,"enemies":"Exordium Wildlife","floor":10.0,"turns":4.0},{"damage":2.0,"enemies":"Looter","floor":12.0,"turns":2.0},{"damage":0.0,"enemies":"2 Fungi Beasts","floor":14.0,"turns":2.0},{"damage":10.0,"enemies":"The Guardian","floor":16.0,"turns":9.0},{"damage":12.0,"enemies":"2 Thieves","floor":18.0,"turns":3.0},{"damage":16.0,"enemies":"3 Byrds","floor":24.0,"turns":4.0},{"damage":43.0,"enemies":"Slavers","floor":28.0,"turns":4.0},{"damage":16.0,"enemies":"Gremlin Leader","floor":30.0,"turns":8.0},{"damage":15.0,"enemies":"Snecko","floor":31.0,"turns":5.0},{"damage":40.0,"enemies":"Collector","floor":33.0,"turns":9.0},{"damage":20.0,"enemies":"3 Darklings","floor":35.0,"turns":5.0},{"damage":0.0,"enemies":"3 Shapes","floor":39.0,"turns":5.0},{"damage":10.0,"enemies":"Nemesis","floor":40.0,"turns":5.0},{"damage":91.0,"enemies":"Giant Head","floor":42.0,"turns":12.0},{"damage":2.0,"enemies":"Spire Growth","floor":44.0,"turns":8.0},{"damage":0.0,"enemies":"Sphere and 2 Shapes","floor":45.0,"turns":7.0},{"damage":25.0,"enemies":"Nemesis","floor":46.0,"turns":7.0},{"damage":2.0,"enemies":"Jaw Worm Horde","floor":47.0,"turns":4.0},{"damage":12.0,"enemies":"hubris:GrandSnecko","floor":50.0,"turns":11.0},{"damage":128.0,"enemies":"Shield and Spear","floor":54.0,"turns":9.0},{"damage":45,"enemies":"The Heart","floor":55,"turns":6}],"seed_played":"-8738752858755088950","potions_obtained":[{"floor":1.0,"key":"PotionOfCapacity"},{"floor":3.0,"key":"Swift Potion"},{"floor":24.0,"key":"Swift Potion"},{"floor":31.0,"key":"Fire Potion"},{"floor":39.0,"key":"EssenceOfDarkness"},{"floor":40.0,"key":"LiquidMemories"},{"floor":44.0,"key":"Block Potion"},{"floor":47.0,"key":"FairyPotion"},{"floor":54.0,"key":"DistilledChaos"}],"is_trial":false,"path_per_floor":["M","$","M","M","?","R","E","?","T","M","R","M","R","M","R","B",null,"M","$","?","?","$","R","M","R","T","R","E","?","E","M","R","B",null,"M","?","$","?","M","E","R","E","T","M","M","E","M","?","R","B",null,"R","$","E","B"],"character_chosen":"DEFECT","items_purchased":["Omamori","Toxic Egg 2","Runic Capacitor","Fruit Juice","Capacitor","Conserve Battery+1","Coolheaded+1","Pear","White Noise+1","Meat on the Bone","Conserve Battery+1","MerchantsRug","Strawberry"],"campfire_rested":6,"item_purchase_floors":[0,0,0,0,0,0,0,0,0,19,22,37,53],"current_hp_per_floor":[35,35,31,27,27,52,17,86,86,76,76,76,76,76,76,66,84,74,74,47,47,47,76,60,89,89,89,60,60,58,57,89,61,94,74,74,74,74,76,68,100,23,23,35,47,36,48,48,83,71,106,106,113,45,0,0],"gold":80,"neow_bonus":"","is_daily":false,"chose_seed":false,"campfire_upgraded":4,"win_rate":0.0,"timestamp":1614150450,"path_taken":["M","$","M","M","?","R","E","?","T","M","R","M","R","?","R","BOSS","M","$","?","?","$","R","M","R","T","R","E","?","E","M","R","BOSS","M","?","$","?","M","E","R","E","T","M","M","E","M","?","R","BOSS","R","$","E","BOSS"],"items_purchased_type":["Relic","Relic","Relic","Potion","Card","Card","Card","Relic","Card","Relic","Card","Relic","Relic"],"build_version":"2020-12-22","purchased_purges":1,"victory":false,"max_hp_per_floor":[86,86,86,86,86,86,86,86,86,88,88,90,90,90,90,90,90,92,92,97,97,97,97,97,97,97,97,99,99,101,103,105,105,105,105,105,105,105,107,109,109,111,111,113,113,115,117,117,117,117,117,117,124,126,126,126],"card_choices":[{"not_picked":["Redo+1","Go for the Eyes"],"picked":"Sunder","floor":1.0},{"not_picked":["hubris:PowerSurge","Capacitor","Conserve Battery+1"],"picked":"SKIP","floor":3.0},{"not_picked":["Turbo+1","Blizzard","Compile Driver"],"picked":"SKIP","floor":4.0},{"not_picked":["Amplify+1","Stack+1"],"picked":"Reinforced Body+1","floor":7.0},{"not_picked":["Steam Power+1","Sweeping Beam","Go for the Eyes"],"picked":"Singing Bowl","floor":10.0},{"not_picked":["Cold Snap","Conserve Battery+1","Stack+1"],"picked":"Singing Bowl","floor":12.0},{"not_picked":["Stack+1","Compile Driver"],"picked":"Rebound","floor":14.0},{"not_picked":["hubris:Prefetch+1","Thunder Strike"],"picked":"Echo Form","floor":16.0},{"not_picked":["Ball Lightning","Storm","FTL"],"picked":"Singing Bowl","floor":18.0},{"not_picked":["Barrage","Cold Snap"],"picked":"White Noise+1","floor":24.0},{"not_picked":["Streamline","Biased Cognition","Storm"],"picked":"Singing Bowl","floor":28.0},{"not_picked":["Compile Driver","Sweeping Beam","Steam+1"],"picked":"Singing Bowl","floor":30.0},{"not_picked":["Storm","Gash+1","Compile Driver"],"picked":"Singing Bowl","floor":31.0},{"not_picked":["Rebound","Conserve Battery+1","Beam Cell"],"picked":"Singing Bowl","floor":32.0},{"not_picked":["All For One","Biased Cognition"],"picked":"Creative AI","floor":33.0},{"not_picked":["White Noise+1","Stack+1"],"picked":"Leap+1","floor":35.0},{"not_picked":["Stack+1","Doom and Gloom+1","Melter"],"picked":"Singing Bowl","floor":39.0},{"not_picked":["Conserve Battery+1","Skim+1","Leap+1"],"picked":"Singing Bowl","floor":40.0},{"not_picked":["Reinforced Body+1","Lockon","Leap+1"],"picked":"Singing Bowl","floor":42.0},{"not_picked":["Sweeping Beam+1","Go for the Eyes","Machine Learning"],"picked":"Singing Bowl","floor":44.0},{"not_picked":["Cold Snap","Sweeping Beam"],"picked":"Reboot+1","floor":45.0},{"not_picked":["Lockon","Redo+1","Rebound"],"picked":"Singing Bowl","floor":46.0},{"not_picked":["Genetic Algorithm+1","Go for the Eyes","Conserve Battery+1"],"picked":"Singing Bowl","floor":47.0},{"not_picked":["Cold Snap","Sweeping Beam","Recycle+1"],"picked":"Singing Bowl","floor":54.0}],"player_experience":3392433,"relics_obtained":[{"floor":7.0,"key":"hubris:TinFlute"},{"floor":9.0,"key":"Singing Bowl"},{"floor":26.0,"key":"Dream Catcher"},{"floor":28.0,"key":"Lantern"},{"floor":30.0,"key":"Emotion Chip"},{"floor":34.0,"key":"CeramicFish"},{"floor":34.0,"key":"hubris:SoftwareUpdate"},{"floor":34.0,"key":"Incense Burner"},{"floor":40.0,"key":"Oddly Smooth Stone"},{"floor":42.0,"key":"Vajra"},{"floor":46.0,"key":"Torii"},{"floor":54.0,"key":"Happy Flower"}],"event_choices":[{"damage_healed":0.0,"max_hp_gain":0.0,"max_hp_loss":0.0,"gold_gain":0.0,"event_name":"Living Wall","player_choice":"Grow","floor":5.0,"gold_loss":0.0,"damage_taken":0.0,"cards_upgraded":["Sunder"]},{"cards_removed":["Capacitor"],"damage_healed":69.0,"max_hp_gain":0.0,"max_hp_loss":0.0,"gold_gain":0.0,"event_name":"Bonfire Elementals","player_choice":"Offered Uncommon","floor":8.0,"gold_loss":0.0,"damage_taken":0.0},{"damage_healed":0.0,"max_hp_gain":5.0,"max_hp_loss":0.0,"gold_gain":0.0,"event_name":"Forgotten Altar","player_choice":"Shed Blood","floor":20.0,"gold_loss":0.0,"damage_taken":32.0},{"damage_healed":0.0,"max_hp_gain":0.0,"max_hp_loss":0.0,"gold_gain":0.0,"event_name":"Back to Basics","player_choice":"Simplicity","floor":21.0,"gold_loss":0.0,"damage_taken":0.0,"cards_upgraded":["Strike_B","Strike_B","Strike_B","Defend_B","Defend_B"]},{"damage_healed":0.0,"max_hp_gain":0.0,"max_hp_loss":0.0,"gold_gain":0.0,"event_name":"Tomb of Lord Red Mask","player_choice":"Paid","floor":38.0,"gold_loss":128.0,"damage_taken":0.0,"relics_obtained":["Red Mask"]},{"damage_healed":0.0,"max_hp_gain":0.0,"max_hp_loss":0.0,"gold_gain":0.0,"cards_transformed":["Strike_B"],"event_name":"Transmorgrifier","player_choice":"Transformed","floor":48.0,"gold_loss":0.0,"damage_taken":0.0,"cards_obtained":["hubris:SpecializedCircuitry"]}],"is_beta":false,"boss_relics":[{"not_picked":["hubris:BlackHole","hubris:GrandSneckoEye"],"picked":"hubris:RunicObelisk"},{"not_picked":["Inserter","hubris:HollowSoul"],"picked":"Calling Bell"}],"items_purged_floors":[2],"is_endless":false,"potions_floor_spawned":[1,3,14,24,31,33,39,40,44,47,54],"killed_by":"The Heart","ascension_level":19}}