{"host":"bgptblc1sp470rxq","time":1614178882,"event":{"mods":["BaseMod","BetterRewards","Colored Map","Highlight Path","Hubris","Minty Spire (QoL Compilation)","Quick Restart","Replay The Spire","StSLib","Waifu the Spire"],"gold_per_floor":[114,114,114,114,128,154,154,182,194,206,143,143,143,43,43,141,141,151,151,131,149,70,100,119,145,145,175,175,175,175,191,191,191,191],"floor_reached":33,"language":"ZHS","playtime":1304,"items_purged":["Strike_B","Recycle"],"score":355,"play_id":"3f76fbbc-bcc0-461e-a94e-26f2c96d6d14","local_time":"20210224230122","is_ascension_mode":true,"campfire_choices":[{"data":"Turbo","floor":7.0,"key":"SMITH"},{"data":"Reboot","floor":10.0,"key":"SMITH"},{"data":"Zap","floor":13.0,"key":"SMITH"},{"data":"Ball Lightning","floor":15.0,"key":"SMITH"},{"data":"Seek","floor":28,"key":"SMITH"},{"floor":30,"key":"RECALL"},{"floor":32,"key":"REST"}],"circlet_count":0,"master_deck":["Strike_B+1","Strike_B+1","Defend_B","Defend_B","Defend_B","Defend_B","Zap+1","Dualcast","Turbo+1","Ball Lightning+1","Reboot+1","Glacier","Seek+1","BasicCrystalCard+1","Self Repair+1","hubris:PowerSurge","Skim+1","ReplayTheSpireMod:Calculation Training"],"relics":["Black Star","hubris:Icosahedron","MealTicket","Matryoshka","Onion Ring","MawBank","Replay:Baseball","Whetstone","Inserter","CaptainsWheel","Bottled Tornado","Ornamental Fan","Bottled Lightning","Molten Egg 2","Frozen Egg 2","Tiny Chest","hubris:CrystalStatue"],"acts_visited":["Exordium","TheCity"],"potions_floor_usage":[24,25,33],"damage_taken":[{"damage":16.0,"enemies":"Small Slimes","floor":1.0,"turns":3.0},{"damage":0.0,"enemies":"2 Louse","floor":5.0,"turns":3.0},{"damage":30.0,"enemies":"3 Sentries","floor":6.0,"turns":8.0},{"damage":4.0,"enemies":"Gremlin Nob","floor":8.0,"turns":3.0},{"damage":17.0,"enemies":"The Guardian","floor":16.0,"turns":10.0},{"damage":1.0,"enemies":"Shell Parasite","floor":18.0,"turns":5.0},{"damage":17.0,"enemies":"2 Thieves","floor":20.0,"turns":4.0},{"damage":12.0,"enemies":"Shelled Parasite and Fungi","floor":21.0,"turns":10.0},{"damage":14.0,"enemies":"Replay:Snechameleon","floor":23.0,"turns":4.0},{"damage":38,"enemies":"Snake Plant","floor":24,"turns":3},{"damage":14,"enemies":"Book of Stabbing","floor":25,"turns":5},{"damage":10,"enemies":"Gremlin Leader","floor":27,"turns":7},{"damage":18,"enemies":"Chosen and Byrds","floor":31,"turns":8},{"damage":41,"enemies":"Pondfish","floor":33,"turns":9}],"seed_played":"1103664464006416781","potions_obtained":[{"floor":1.0,"key":"SneckoOil"},{"floor":5.0,"key":"Block Potion"},{"floor":6.0,"key":"DistilledChaos"},{"floor":8.0,"key":"FearPotion"},{"floor":21.0,"key":"AttackPotion"},{"floor":23.0,"key":"ColorlessPotion"},{"floor":27,"key":"SteroidPotion"},{"floor":31,"key":"Swift Potion"}],"is_trial":false,"path_per_floor":["M","?","?","?","M","E","R","E","T","R","$","?","R","$","R","B",null,"M","?","M","M","$","E","M","E","T","E","R","?","R","M","R","B"],"character_chosen":"DEFECT","items_purchased":["hubris:PowerSurge"],"campfire_rested":1,"item_purchase_floors":[22],"current_hp_per_floor":[59,59,59,59,59,29,29,25,25,25,40,33,33,48,48,31,75,74,74,57,45,60,56,28,24,24,24,24,24,24,16,38,0,0],"gold":191,"neow_bonus":"BOSS_RELIC","is_daily":false,"chose_seed":false,"campfire_upgraded":5,"win_rate":0.0,"timestamp":1614178882,"path_taken":["M","?","?","?","M","E","R","E","T","R","$","?","R","$","R","BOSS","M","?","M","M","$","E","M","E","T","E","R","?","R","M","R","BOSS"],"items_purchased_type":["Card"],"build_version":"2020-12-22","purchased_purges":2,"victory":false,"max_hp_per_floor":[75,75,75,75,75,75,75,75,75,75,75,75,75,75,75,75,75,75,75,75,75,75,75,75,75,75,75,75,75,75,75,75,75,75],"card_choices":[{"not_picked":["Melter","Leap"],"picked":"Recycle","floor":1.0},{"not_picked":["Barrage","Steam"],"picked":"Ball Lightning","floor":5.0},{"not_picked":["Consume","Ball Lightning"],"picked":"Reboot","floor":6.0},{"not_picked":["Recycle","Go for the Eyes"],"picked":"Glacier","floor":8.0},{"not_picked":["Creative AI","Multi-Cast"],"picked":"Seek","floor":16.0},{"not_picked":["Panic Button+1","Capacitor"],"picked":"BasicCrystalCard+1","floor":18.0},{"not_picked":["Storm","ReplaySolidLightProjector","Beam Cell"],"picked":"SKIP","floor":20.0},{"not_picked":["Stack+1","Go for the Eyes+1"],"picked":"Self Repair+1","floor":21.0},{"not_picked":["Hologram","Loop+1","Sweeping Beam"],"picked":"SKIP","floor":23.0},{"not_picked":["ReplayTheSpireMod:Fabricate Wheel","Cold Snap+1"],"picked":"Skim+1","floor":24},{"not_picked":["Panic Button+1","FTL","hubris:Ukulele+1"],"picked":"SKIP","floor":25},{"not_picked":["Fusion","Storm+1","Steam+1"],"picked":"SKIP","floor":27},{"not_picked":["Gash+1","Hologram"],"picked":"ReplayTheSpireMod:Calculation Training","floor":31}],"player_experience":282450,"relics_obtained":[{"floor":6.0,"key":"MealTicket"},{"floor":6.0,"key":"Matryoshka"},{"floor":8.0,"key":"Onion Ring"},{"floor":8.0,"key":"MawBank"},{"floor":9.0,"key":"Replay:Baseball"},{"floor":9.0,"key":"Whetstone"},{"floor":23.0,"key":"CaptainsWheel"},{"floor":23.0,"key":"Bottled Tornado"},{"floor":25,"key":"Ornamental Fan"},{"floor":25,"key":"Bottled Lightning"},{"floor":26,"key":"Molten Egg 2"},{"floor":27,"key":"Frozen Egg 2"},{"floor":27,"key":"Tiny Chest"}],"event_choices":[{"damage_healed":0.0,"max_hp_gain":0.0,"max_hp_loss":0.0,"gold_gain":0.0,"event_name":"Liars Game","player_choice":"Ignored","floor":2.0,"gold_loss":0.0,"damage_taken":0.0},{"cards_removed":["Strike_B"],"damage_healed":0.0,"max_hp_gain":0.0,"max_hp_loss":0.0,"gold_gain":0.0,"event_name":"Golden Wing","player_choice":"Card Removal","floor":12.0,"gold_loss":0.0,"damage_taken":7.0},{"damage_healed":0.0,"max_hp_gain":0.0,"max_hp_loss":0.0,"gold_gain":0.0,"event_name":"Cursed Tome","player_choice":"Ignored","floor":19.0,"gold_loss":0.0,"damage_taken":0.0}],"is_beta":false,"boss_relics":[{"not_picked":["hubris:VirtuousBlindfold","Ring of Chaos"],"picked":"Inserter"}],"items_purged_floors":[11,14],"is_endless":false,"potions_floor_spawned":[1,5,6,8,21,23,27,31],"killed_by":"Pondfish","ascension_level":3}}