{"host":"ciz475qwqkblmwrq","time":1614152581,"event":{"mods":["2.2 Compatiblity","AchievementEnabler","Act Like it!","Bard","BaseMod","Beaked The Cultist","Colored Map","Colored Powertips","Dark Map","Downfall","Ekko","Friendly Minions","Hallownest","Hermit","Highlight Path","Hubris","JesterMod","Mimic Mod","Minty Spire (QoL Compilation)","Rare Cards Sparkle","Replay The Spire","Shade Mod","StSLib","The Bug Knight","The Construct","The Cursed","The Disciple","The Hierophant","The Necromancer","The Runesmith","TheVacant","everything is the same but u backflip on backflip","slay the spire mod where everything is the same but ironclad has a cowboy hat"],"gold_per_floor":[119,119,135,152,152,152,186,186,186,186,186,220,232,243,243,346,346,361,33,33,50,50,50,78,78,105,105,9,43,43,78,78,179,279,296,296,309,309,322,322,351,369,402,402,419,419,419,419,419,419,240,271,271],"floor_reached":56,"language":"ENG","playtime":3962,"items_purged":[],"score":1407,"play_id":"b3010d9e-b7f5-4273-b064-ef39ff44f641","local_time":"20210223234301","is_ascension_mode":true,"campfire_choices":[{"floor":6.0,"key":"REST"},{"floor":8.0,"key":"RECALL"},{"data":"beaked:NobsRage","floor":10.0,"key":"SMITH"},{"floor":15.0,"key":"REST"},{"floor":23,"key":"REST"},{"floor":25,"key":"REST"},{"floor":27,"key":"REST"},{"floor":40,"key":"REST"},{"floor":45,"key":"REST"},{"data":"After Image","floor":47,"key":"SMITH"},{"floor":49,"key":"REST"},{"data":"Footwork","floor":52,"key":"SMITH"}],"circlet_count":0,"master_deck":["Defend_G","Defend_G","Defend_G","Defend_G","Defend_G","Survivor","Neutralize","beaked:NobsRage+1","Blade Dance","Prepared","Accuracy+1","Dagger Throw+1","Dagger Throw","Quick Slash","Sucker Punch+1","Cloak And Dagger+1","Night Terror","Blade Dance","Footwork+1","Slimebound:Tackle+1","Slimebound:Tackle+1","Slimebound:Tackle+1","Infinite Blades+1","Backstab","Replay:Bootleg Shield Generator","Hidden Blade+1","Adrenaline","After Image+1","Apotheosis"],"relics":["beaked:SacredDeck","Pet Ghost","Quantum Egg","SlaversCollar","HornCleat","Whetstone","hubris:AncientText","Centennial Puzzle","Regal Pillow","White Beast Statue","Replay:Wanted Poster","hubris:Teleporter","construct:BoolHorns","Art of War"],"acts_visited":["Exordium","TheCity","TheBeyond","TheEnding"],"potions_floor_usage":[33,35,39,41,42,43,50,50,55,55],"damage_taken":[{"damage":4.0,"enemies":"Jaw Worm","floor":1.0,"turns":4.0},{"damage":6.0,"enemies":"Cultist","floor":3.0,"turns":5.0},{"damage":12.0,"enemies":"Small Slimes","floor":4.0,"turns":3.0},{"damage":5.0,"enemies":"Replay:BlueRogue","floor":7.0,"turns":4.0},{"damage":15.0,"enemies":"3 Sentries","floor":12.0,"turns":7.0},{"damage":1.0,"enemies":"2 Fungi Beasts","floor":13.0,"turns":3.0},{"damage":4.0,"enemies":"Gremlin Gang","floor":14.0,"turns":3.0},{"damage":32.0,"enemies":"Fading Forest","floor":16.0,"turns":11.0},{"damage":24.0,"enemies":"Spheric Guardian","floor":18.0,"turns":4.0},{"damage":0,"enemies":"Chosen","floor":21,"turns":3},{"damage":17,"enemies":"Slavers","floor":24,"turns":3},{"damage":0,"enemies":"Gremlin Leader","floor":29,"turns":5},{"damage":25,"enemies":"Replay:Snechameleon","floor":31,"turns":5},{"damage":5,"enemies":"Champ","floor":33,"turns":6},{"damage":0,"enemies":"Orb Walker","floor":35,"turns":3},{"damage":1,"enemies":"3 Shapes","floor":37,"turns":2},{"damage":48,"enemies":"Spire Growth","floor":39,"turns":5},{"damage":8,"enemies":"Reptomancer","floor":41,"turns":4},{"damage":0,"enemies":"Maw","floor":42,"turns":6},{"damage":0,"enemies":"4 Shapes","floor":43,"turns":5},{"damage":16,"enemies":"4 Shapes","floor":46,"turns":5},{"damage":8,"enemies":"hubris:GrandSnecko","floor":50,"turns":8},{"damage":14,"enemies":"Shield and Spear","floor":54,"turns":4},{"damage":55,"enemies":"The Heart","floor":55,"turns":4}],"seed_played":"-1194699162047648217","potions_obtained":[{"floor":7.0,"key":"LiquidBronze"},{"floor":12.0,"key":"AttackPotion"},{"floor":16.0,"key":"SkillPotion"},{"floor":31,"key":"Venom Potion"},{"floor":33,"key":"SkillPotion"},{"floor":35,"key":"SkillPotion"},{"floor":39,"key":"LiquidBronze"},{"floor":41,"key":"Fire Potion"},{"floor":42,"key":"Fire Potion"},{"floor":43,"key":"SteroidPotion"},{"floor":46,"key":"Adrenaline Potion"},{"floor":54,"key":"LiquidMemories"}],"is_trial":false,"path_per_floor":["M","?","M","M","?","R","E","R","T","R","?","E","M","M","R","B",null,"M","$","?","M","?","R","E","R","T","R","$","E","?","E","R_BF","B",null,"M","$","M","?","M","R","E","M","MIM","R","M","R","R","B",null,"R","$","E","B",null],"character_chosen":"THE_SILENT","items_purchased":["Footwork","HornCleat","Replay:Bootleg Shield Generator","Apotheosis"],"campfire_rested":8,"item_purchase_floors":[19,19,28,53],"current_hp_per_floor":[66,66,60,48,41,62,57,57,57,57,57,42,41,37,58,26,70,46,46,46,46,33,55,38,60,60,75,75,75,75,50,75,70,75,75,75,74,67,19,56,48,48,48,75,59,59,75,67,75,75,75,61,6],"gold":271,"neow_bonus":"BOSS_RELIC","is_daily":false,"chose_seed":false,"campfire_upgraded":3,"win_rate":0.0,"timestamp":1614152581,"path_taken":["M","?","M","?","?","R","E","R","T","R","?","E","?","M","R","BOSS","M","$","?","M","?","R","E","R","T","R","$","E","?","E","R_BF","BOSS","M","$","?","?","M","R","E","?","MIM","R","M","R","R","BOSS","R","$","E","BOSS"],"items_purchased_type":["Card","Relic","Card","Card"],"build_version":"2020-12-22","purchased_purges":0,"victory":true,"max_hp_per_floor":[70,70,70,70,70,70,70,70,70,70,70,70,70,70,70,70,70,70,70,70,70,75,75,75,75,75,75,75,75,75,75,75,75,75,75,75,75,75,75,75,75,75,75,75,75,75,75,75,75,75,75,75,75],"card_choices":[{"not_picked":["Deflect","Bane"],"picked":"Blade Dance","floor":1.0},{"not_picked":["Concentrate","Toxin Wave"],"picked":"Accuracy","floor":3.0},{"not_picked":["Outmaneuver","Deadly Poison"],"picked":"Dagger Throw","floor":4.0},{"not_picked":["Deadly Poison","Dagger Spray"],"picked":"Dagger Throw","floor":7.0},{"not_picked":["Predator","ReplayTheSpireMod:Shiv Toss"],"picked":"Quick Slash","floor":12.0},{"not_picked":["Prepared","Slice"],"picked":"Sucker Punch","floor":13.0},{"not_picked":["Deadly Poison","ReplayTheSpireMod:The Works"],"picked":"Cloak And Dagger","floor":14.0},{"not_picked":["Burst","Storm of Steel"],"picked":"Night Terror","floor":16.0},{"not_picked":["Outmaneuver+1","Distraction"],"picked":"Blade Dance","floor":18},{"not_picked":["Dagger Throw+1","Deadly Poison"],"picked":"Infinite Blades+1","floor":21},{"not_picked":["Slice+1","hubris:SlightOfHand"],"picked":"Backstab","floor":24},{"not_picked":["Sucker Punch+1","Draining Mist"],"picked":"Hidden Blade+1","floor":29},{"not_picked":["Blade Dance","hubris:SlightOfHand"],"picked":"Adrenaline","floor":31},{"not_picked":["Burst","Doppelganger"],"picked":"After Image","floor":33},{"not_picked":["Outmaneuver","Reflex+1","Slice+1"],"picked":"SKIP","floor":35},{"not_picked":["Poisoned Stab+1","Concentrate+1","Sucker Punch"],"picked":"SKIP","floor":37},{"not_picked":["Blur+1","Heel Hook","Cloak And Dagger+1"],"picked":"SKIP","floor":39},{"not_picked":["Caltrops","Backflip","Sneak Up"],"picked":"SKIP","floor":41},{"not_picked":["hubris:TrickCloak","Sucker Punch","Acrobatics"],"picked":"SKIP","floor":42},{"not_picked":["Dagger Throw","Dagger Spray","Deadly Poison"],"picked":"SKIP","floor":46},{"not_picked":["Acrobatics+1","Blade Dance+1","Catalyst"],"picked":"SKIP","floor":54}],"player_experience":715653,"relics_obtained":[{"floor":7.0,"key":"Pet Ghost"},{"floor":12.0,"key":"Quantum Egg"},{"floor":24,"key":"Whetstone"},{"floor":26,"key":"hubris:AncientText"},{"floor":29,"key":"Centennial Puzzle"},{"floor":31,"key":"White Beast Statue"},{"floor":41,"key":"hubris:Teleporter"},{"floor":43,"key":"construct:BoolHorns"},{"floor":54,"key":"Art of War"}],"event_choices":[{"damage_healed":0.0,"max_hp_gain":0.0,"max_hp_loss":0.0,"gold_gain":0.0,"event_name":"Match and Keep!","player_choice":"1 cards matched","floor":2.0,"gold_loss":0.0,"damage_taken":0.0,"cards_obtained":["Prepared"]},{"cards_removed":["Strike_G"],"damage_healed":0.0,"max_hp_gain":0.0,"max_hp_loss":0.0,"gold_gain":0.0,"event_name":"Golden Wing","player_choice":"Card Removal","floor":5.0,"gold_loss":0.0,"damage_taken":7.0},{"damage_healed":0.0,"max_hp_gain":0.0,"max_hp_loss":0.0,"gold_gain":0.0,"event_name":"Accursed Blacksmith","player_choice":"Forge","floor":11.0,"gold_loss":0.0,"damage_taken":0.0,"cards_upgraded":["Accuracy"]},{"damage_healed":0,"gold_gain":0,"player_choice":"Shed Blood","damage_taken":18,"max_hp_gain":5,"max_hp_loss":0,"event_name":"Forgotten Altar","floor":22,"gold_loss":0},{"damage_healed":0,"gold_gain":0,"player_choice":"Gave Potion","damage_taken":0,"relics_obtained":["Regal Pillow"],"max_hp_gain":0,"max_hp_loss":0,"event_name":"WeMeetAgain","floor":30,"gold_loss":0},{"damage_healed":0,"gold_gain":0,"player_choice":"Damaged","damage_taken":7,"max_hp_gain":0,"max_hp_loss":0,"event_name":"Wheel of Change","floor":38,"gold_loss":0}],"is_beta":false,"boss_relics":[{"not_picked":["Calling Bell","Busted Crown"],"picked":"SlaversCollar"},{"not_picked":["Ring of Chaos","Replay:Grab Bag"],"picked":"Replay:Wanted Poster"}],"items_purged_floors":[],"is_endless":false,"potions_floor_spawned":[7,12,16,24,31,33,35,37,39,41,42,43,46,54],"ascension_level":4}}