{"host":"ilhhjx796p2x2wmd","time":1614171302,"event":{"mods":["AchievementEnabler","BaseMod","BetterRewards","Colored Map","Colored Powertips","DeckTracker","Highlight Path","Minty Spire (QoL Compilation)","Permanent Neow","Rare Cards Sparkle","Shop Mod"],"gold_per_floor":[20,36,53,53,63,63,94,94,94,94,94,19,19,19,19,122,122,134,147,97,19,19,19,36,36,36,36,36,46,66,86,86,191,191,206,306,62,81,101,101,112,112,112,128,128,142,142,169,169,169,169],"floor_reached":50,"language":"KOR","playtime":1101,"items_purged":["Defend_R","Defend_R"],"score":770,"play_id":"a3109c92-d9ef-40e5-88ef-d66be6a5eb7c","local_time":"20210224215502","is_ascension_mode":true,"campfire_choices":[{"data":"Searing Blow","floor":6.0,"key":"SMITH"},{"data":"Apotheosis","floor":8.0,"key":"SMITH"},{"data":"Searing Blow+2","floor":11.0,"key":"SMITH"},{"data":"Searing Blow+3","floor":13.0,"key":"SMITH"},{"data":"Searing Blow+4","floor":15.0,"key":"SMITH"},{"data":"Searing Blow+5","floor":23.0,"key":"SMITH"},{"data":"Searing Blow+6","floor":25.0,"key":"SMITH"},{"data":"Searing Blow+7","floor":27.0,"key":"SMITH"},{"data":"Searing Blow+8","floor":32.0,"key":"SMITH"},{"data":"Searing Blow+9","floor":40.0,"key":"SMITH"},{"data":"Searing Blow+10","floor":45.0,"key":"SMITH"},{"data":"Searing Blow+11","floor":47.0,"key":"SMITH"},{"floor":49.0,"key":"REST"}],"circlet_count":0,"master_deck":["AscendersBane","Strike_R","Strike_R","Strike_R","Strike_R","Strike_R","Defend_R","Defend_R","Bash","Apotheosis+1","Perfected Strike","Evolve","Twin Strike","Searing Blow+12","Flex","Demon Form","Battle Trance","Inflame","True Grit+1","Shrug It Off+1","Parasite","Warcry+1"],"relics":["Black Blood","Thread and Needle","Torii","Pantograph","Cursed Key","Blood Vial","Charon\u0027s Ashes","Sundial","Kunai"],"acts_visited":["Exordium","TheCity","TheBeyond"],"potions_floor_usage":[50],"damage_taken":[{"damage":7.0,"enemies":"2 Louse","floor":1.0,"turns":3.0},{"damage":12.0,"enemies":"Jaw Worm","floor":2.0,"turns":3.0},{"damage":10.0,"enemies":"Small Slimes","floor":3.0,"turns":4.0},{"damage":23.0,"enemies":"Exordium Thugs","floor":5.0,"turns":6.0},{"damage":16.0,"enemies":"Gremlin Nob","floor":7.0,"turns":3.0},{"damage":17.0,"enemies":"Hexaghost","floor":16.0,"turns":7.0},{"damage":30.0,"enemies":"3 Byrds","floor":18.0,"turns":5.0},{"damage":8.0,"enemies":"Shell Parasite","floor":19.0,"turns":3.0},{"damage":16.0,"enemies":"Snecko","floor":24.0,"turns":4.0},{"damage":0.0,"enemies":"Snake Plant","floor":29.0,"turns":1.0},{"damage":16.0,"enemies":"Shelled Parasite and Fungi","floor":30.0,"turns":3.0},{"damage":20.0,"enemies":"Centurion and Healer","floor":31.0,"turns":4.0},{"damage":46.0,"enemies":"Champ","floor":33.0,"turns":7.0},{"damage":15.0,"enemies":"3 Shapes","floor":35.0,"turns":4.0},{"damage":36.0,"enemies":"3 Darklings","floor":38.0,"turns":5.0},{"damage":0.0,"enemies":"Jaw Worm Horde","floor":39.0,"turns":3.0},{"damage":1.0,"enemies":"Sphere and 2 Shapes","floor":41.0,"turns":4.0},{"damage":18.0,"enemies":"Transient","floor":44.0,"turns":5.0},{"damage":0.0,"enemies":"Maw","floor":46.0,"turns":5.0},{"damage":58.0,"enemies":"Reptomancer","floor":48.0,"turns":5.0},{"damage":107,"enemies":"Awakened One","floor":50,"turns":6}],"seed_played":"-3053786833506168602","potions_obtained":[{"floor":1.0,"key":"BlessingOfTheForge"},{"floor":2.0,"key":"BlessingOfTheForge"},{"floor":5.0,"key":"Fire Potion"},{"floor":19.0,"key":"LiquidBronze"},{"floor":24.0,"key":"EssenceOfSteel"},{"floor":28.0,"key":"LiquidMemories"},{"floor":28.0,"key":"DuplicationPotion"},{"floor":33.0,"key":"Block Potion"},{"floor":39.0,"key":"DistilledChaos"},{"floor":44.0,"key":"Regen Potion"},{"floor":48.0,"key":"DuplicationPotion"}],"is_trial":false,"path_per_floor":["M","M","M","?","M","R","E","R","T","?","R","$","R","$","R","B",null,"M","M","?","$","$","R","M","R","T","R","?","M","M","M","R","B",null,"M","?","$","M","M","R","M","?","T","M","R","M","R","E","R","B"],"character_chosen":"IRONCLAD","items_purchased":["Inflame","Blood Vial"],"campfire_rested":1,"item_purchase_floors":[21,37],"current_hp_per_floor":[71,65,61,66,49,49,39,39,39,39,39,39,39,39,39,28,71,53,57,57,57,57,57,53,53,53,53,53,65,61,53,53,44,75,72,72,72,50,64,64,77,77,77,73,73,85,85,39,64,0,0],"gold":169,"neow_bonus":"RANDOM_COLORLESS_2","is_daily":false,"chose_seed":false,"campfire_upgraded":12,"win_rate":0.0,"timestamp":1614171302,"path_taken":["M","M","M","?","M","R","E","R","T","?","R","?","R","$","R","BOSS","M","M","?","?","$","R","M","R","T","R","?","M","?","M","R","BOSS","M","?","$","M","?","R","M","?","T","?","R","M","R","E","R","BOSS"],"items_purchased_type":["Card","Relic"],"build_version":"2020-12-22","purchased_purges":2,"victory":false,"max_hp_per_floor":[80,80,80,85,85,85,85,85,85,85,85,85,85,85,85,85,85,85,85,85,85,85,85,85,85,85,85,85,85,85,85,85,85,85,85,85,85,85,85,85,85,85,85,85,85,85,85,85,85,85,85],"card_choices":[{"not_picked":["Violence","Panache"],"picked":"Apotheosis","floor":0.0},{"not_picked":["Entrench","Headbutt"],"picked":"Perfected Strike","floor":1.0},{"not_picked":["Wild Strike","Feel No Pain"],"picked":"Evolve","floor":2.0},{"not_picked":["Infernal Blade","Flame Barrier"],"picked":"Twin Strike","floor":3.0},{"not_picked":["Dropkick","Wild Strike"],"picked":"Searing Blow","floor":5.0},{"not_picked":["Anger","Headbutt"],"picked":"Flex","floor":7.0},{"not_picked":["Corruption","Barricade"],"picked":"Demon Form","floor":16.0},{"not_picked":["Disarm","Body Slam","Iron Wave"],"picked":"SKIP","floor":18.0},{"not_picked":["Warcry","Blood for Blood+1"],"picked":"Battle Trance","floor":19.0},{"not_picked":["Pommel Strike","Clothesline","Sever Soul"],"picked":"SKIP","floor":24.0},{"not_picked":["Body Slam","Limit Break","Cleave"],"picked":"SKIP","floor":29.0},{"not_picked":["Flame Barrier+1","Cleave","Blood for Blood"],"picked":"SKIP","floor":30.0},{"not_picked":["Ghostly Armor","Cleave","Flex"],"picked":"SKIP","floor":31.0},{"not_picked":["Hemokinesis+1","Entrench"],"picked":"True Grit+1","floor":35.0},{"not_picked":["Pommel Strike","True Grit","Havoc"],"picked":"SKIP","floor":38.0},{"not_picked":["Cleave","Body Slam+1","Limit Break"],"picked":"SKIP","floor":39.0},{"not_picked":["Twin Strike","Dual Wield"],"picked":"Shrug It Off+1","floor":41.0},{"not_picked":["Iron Wave+1","Heavy Blade+1","Warcry+1"],"picked":"SKIP","floor":44.0},{"not_picked":["Iron Wave+1","Heavy Blade+1"],"picked":"Warcry+1","floor":44.0},{"not_picked":["Armaments","Combust","Inflame+1"],"picked":"SKIP","floor":46.0},{"not_picked":["Clash+1","Twin Strike","Iron Wave+1"],"picked":"SKIP","floor":48.0}],"player_experience":362197,"relics_obtained":[{"floor":7.0,"key":"Thread and Needle"},{"floor":9.0,"key":"Torii"},{"floor":26.0,"key":"Pantograph"},{"floor":42.0,"key":"Charon\u0027s Ashes"},{"floor":43.0,"key":"Sundial"},{"floor":48.0,"key":"Kunai"}],"event_choices":[{"damage_healed":0.0,"max_hp_gain":5.0,"max_hp_loss":0.0,"gold_gain":0.0,"event_name":"Big Fish","player_choice":"Donut","floor":4.0,"gold_loss":0.0,"damage_taken":0.0},{"damage_healed":0.0,"max_hp_gain":0.0,"max_hp_loss":0.0,"gold_gain":0.0,"event_name":"Living Wall","player_choice":"Grow","floor":10.0,"gold_loss":0.0,"damage_taken":0.0,"cards_upgraded":["Searing Blow"]},{"damage_healed":0.0,"max_hp_gain":0.0,"max_hp_loss":0.0,"gold_gain":0.0,"event_name":"The Joust","player_choice":"Bet on Murderer","floor":20.0,"gold_loss":50.0,"damage_taken":0.0},{"damage_healed":0.0,"max_hp_gain":0.0,"max_hp_loss":0.0,"gold_gain":0.0,"event_name":"Lab","player_choice":"Got Potions","floor":28.0,"gold_loss":0.0,"damage_taken":0.0},{"damage_healed":0.0,"max_hp_gain":0.0,"max_hp_loss":0.0,"gold_gain":100.0,"event_name":"Golden Shrine","player_choice":"Pray","floor":36.0,"gold_loss":0.0,"damage_taken":0.0},{"damage_healed":0.0,"max_hp_gain":0.0,"max_hp_loss":0.0,"gold_gain":0.0,"event_name":"Wheel of Change","player_choice":"Relic","floor":42.0,"gold_loss":0.0,"damage_taken":0.0}],"is_beta":false,"boss_relics":[{"not_picked":["Sozu","Runic Pyramid"],"picked":"Black Blood"},{"not_picked":["Astrolabe","SacredBark"],"picked":"Cursed Key"}],"items_purged_floors":[12,37],"is_endless":false,"potions_floor_spawned":[1,2,5,19,24,29,33,39,44,48],"killed_by":"Awakened One","ascension_level":11}}