{"host":"mi0eibewekhugwl1","time":1614171483,"event":{"mods":["AchievementEnabler","BaseMod","Colored Map","Colored Powertips","DeckTracker","Keyboard Shortcuts","Minty Spire (QoL Compilation)","Quick Restart","Rare Cards Sparkle","Relic Stats","StSLib","SuperFastMode","everything is the same but u backflip on backflip"],"gold_per_floor":[115,115,40,61,74,74,87,107,134,134,134,155,155,174,174,174,174],"floor_reached":16,"language":"KOR","playtime":269,"items_purged":[],"score":188,"play_id":"ac86634d-bcb8-42a3-a9ac-d9203820a591","local_time":"20210224215803","is_ascension_mode":true,"campfire_choices":[{"data":"Dash","floor":6,"key":"SMITH"},{"data":"Terror","floor":10,"key":"SMITH"},{"floor":15,"key":"REST"}],"circlet_count":0,"master_deck":["AscendersBane","Strike_G","Strike_G","Strike_G","Defend_G","Defend_G","Defend_G","Defend_G","Defend_G","Survivor","Neutralize","Quick Slash","Dash+1","Tactician","Choke","Acrobatics+1","Terror+1","Cloak And Dagger"],"relics":["Ring of the Snake","Golden Idol","Regal Pillow"],"acts_visited":["Exordium"],"potions_floor_usage":[12,16],"damage_taken":[{"damage":2,"enemies":"Small Slimes","floor":1,"turns":3},{"damage":0,"enemies":"2 Louse","floor":4,"turns":2},{"damage":0,"enemies":"Jaw Worm","floor":5,"turns":4},{"damage":3,"enemies":"2 Fungi Beasts","floor":7,"turns":3},{"damage":5,"enemies":"3 Louse","floor":8,"turns":4},{"damage":4,"enemies":"Large Slime","floor":12,"turns":6},{"damage":2,"enemies":"Lots of Slimes","floor":14,"turns":5},{"damage":57,"enemies":"Slime Boss","floor":16,"turns":7}],"seed_played":"-5973422721345394654","potions_obtained":[{"floor":5,"key":"DuplicationPotion"},{"floor":7,"key":"Block Potion"},{"floor":12,"key":"DuplicationPotion"}],"is_trial":false,"path_per_floor":["M","?","?","M","M","R","M","M","T","R","?","M","?","M","R","B"],"character_chosen":"THE_SILENT","items_purchased":[],"campfire_rested":1,"item_purchase_floors":[],"current_hp_per_floor":[57,34,34,34,34,34,31,26,26,26,26,22,22,20,54,0,0],"gold":174,"neow_bonus":"TRANSFORM_CARD","is_daily":false,"chose_seed":false,"campfire_upgraded":2,"win_rate":0.0,"timestamp":1614171483,"path_taken":["M","?","?","?","M","R","M","M","T","R","?","M","?","M","R","BOSS"],"items_purchased_type":[],"build_version":"2020-12-22","purchased_purges":0,"victory":false,"max_hp_per_floor":[66,66,66,66,66,66,66,66,66,66,66,66,66,66,66,66,66],"relic_stats":{"Regal Pillow":15,"counters":[8,34],"Golden Idol":22,"obtain_stats":[{"Regal Pillow":9,"Golden Idol":2,"Ring of the Snake":0},{"Regal Pillow":5,"Golden Idol":1,"Ring of the Snake":0},{"Regal Pillow":16,"Golden Idol":3,"Ring of the Snake":0}],"Ring of the Snake":[16]},"card_choices":[{"not_picked":["PiercingWail","Cloak And Dagger"],"picked":"Dash","floor":1},{"not_picked":["Dagger Throw","Poisoned Stab"],"picked":"Tactician","floor":4},{"not_picked":["Backflip","Deflect"],"picked":"Choke","floor":5},{"not_picked":["All Out Attack","Quick Slash"],"picked":"Acrobatics","floor":7},{"not_picked":["Infinite Blades","Cloak And Dagger"],"picked":"Terror","floor":8},{"not_picked":["Grand Finale","Skewer"],"picked":"Cloak And Dagger","floor":12},{"not_picked":["Quick Slash","Deadly Poison","Dash"],"picked":"SKIP","floor":14}],"player_experience":1822420,"relics_obtained":[{"floor":9,"key":"Regal Pillow"}],"event_choices":[{"damage_healed":0,"gold_gain":0,"player_choice":"Take Damage","damage_taken":23,"relics_obtained":["Golden Idol"],"max_hp_gain":0,"max_hp_loss":0,"event_name":"Golden Idol","floor":2,"gold_loss":0},{"cards_removed":["Strike_G"],"damage_healed":0,"gold_gain":0,"player_choice":"Card Removal","damage_taken":0,"max_hp_gain":0,"max_hp_loss":0,"event_name":"The Cleric","floor":3,"gold_loss":75},{"damage_healed":0,"gold_gain":0,"player_choice":"Grow","damage_taken":0,"max_hp_gain":0,"max_hp_loss":0,"event_name":"Living Wall","floor":11,"gold_loss":0,"cards_upgraded":["Acrobatics"]},{"damage_healed":0,"gold_gain":0,"player_choice":"Ignored","damage_taken":0,"max_hp_gain":0,"max_hp_loss":0,"event_name":"Shining Light","floor":13,"gold_loss":0}],"is_beta":false,"boss_relics":[],"items_purged_floors":[],"is_endless":false,"potions_floor_spawned":[5,7,12],"killed_by":"Slime Boss","ascension_level":20}}