{"host":"y0i0tbisecj7yjyn","time":1614138513,"event":{"mods":["2.2 Compatiblity","AchievementEnabler","AlwaysNeverKeys","BaseMod","Better Third Choice","BetterRewards","Colored Map","Colored Powertips","Curses Come First","Disable Question Mark Monsters","Displayed Cursed Tome","Highlight Path","Keyboard Shortcuts","Minty Spire (QoL Compilation)","Quick Restart","Random Character Button","Rare Cards Sparkle","Relic Stats","Reliquary","Smile Girya","StSLib","SuperFastMode","Transform Curses","Weighted Paths"],"gold_per_floor":[112,63,63,28,28,53,53,109,136,147,0,33,33,60,60,157,157,167,178,178,93,104,104,115,130,209,209,225,225,225],"floor_reached":29,"language":"ENG","playtime":1536,"items_purged":[],"score":277,"play_id":"7f0910ff-9705-4e22-bcca-e940fc890bb3","local_time":"20210223214833","is_ascension_mode":true,"campfire_choices":[{"data":"Distraction","floor":7.0,"key":"SMITH"},{"floor":13,"key":"REST"},{"floor":15,"key":"REST"},{"floor":23,"key":"REST"},{"floor":27,"key":"REST"}],"circlet_count":0,"master_deck":["Strike_G","Strike_G","Strike_G","Strike_G","Defend_G","Defend_G","Defend_G","Defend_G","Defend_G","Survivor","Neutralize","Accuracy","Prepared","Apotheosis+1","Distraction+1","Blade Dance","Poisoned Stab","Blade Dance","Setup","Storm of Steel","Cloak And Dagger+1","Noxious Fumes","Outmaneuver","Outmaneuver+1","Corpse Explosion"],"relics":["reliquary:ThirdArm","StoneCalendar","Meat on the Bone","Art of War","reliquary:RadioactivePellet","reliquary:WeakTea","reliquary:RosewoodLute","Empty Cage","reliquary:TuningFork","Pantograph"],"acts_visited":["Exordium","TheCity"],"potions_floor_usage":[12,18,22,22,28],"damage_taken":[{"damage":1.0,"enemies":"2 Louse","floor":1.0,"turns":4.0},{"damage":7.0,"enemies":"Lagavulin","floor":6.0,"turns":7.0},{"damage":47.0,"enemies":"Gremlin Nob","floor":8.0,"turns":6.0},{"damage":7.0,"enemies":"Jaw Worm","floor":10.0,"turns":3.0},{"damage":18,"enemies":"Gremlin Nob","floor":12,"turns":4},{"damage":24,"enemies":"Lagavulin","floor":14,"turns":4},{"damage":47,"enemies":"The Guardian","floor":16,"turns":9},{"damage":20,"enemies":"Shell Parasite","floor":18,"turns":3},{"damage":0,"enemies":"Spheric Guardian","floor":19,"turns":3},{"damage":38,"enemies":"Snecko","floor":22,"turns":5},{"damage":9,"enemies":"Centurion and Healer","floor":24,"turns":5},{"damage":30,"enemies":"3 Cultists","floor":25,"turns":6},{"damage":41,"enemies":"Shelled Parasite and Fungi","floor":28,"turns":6},{"damage":51,"enemies":"Slavers","floor":29,"turns":3}],"seed_played":"-3846578939062124127","potions_obtained":[{"floor":1.0,"key":"FearPotion"},{"floor":12,"key":"LiquidMemories"},{"floor":16,"key":"EssenceOfSteel"},{"floor":18,"key":"ColorlessPotion"},{"floor":19,"key":"FairyPotion"},{"floor":25,"key":"ColorlessPotion"}],"is_trial":false,"path_per_floor":["M","$","?","?","?","E","R","?","T","M","?","E","R","E","R","B",null,"M","M","?","?","M","R","M","M","T","R","M","E"],"character_chosen":"THE_SILENT","items_purchased":["Prepared"],"campfire_rested":4,"item_purchase_floors":[2],"current_hp_per_floor":[69,69,51,68,68,61,61,26,26,31,37,31,53,41,63,28,76,56,56,42,42,16,40,43,25,25,49,20,0,0],"gold":225,"neow_bonus":"BOSS_RELIC","is_daily":false,"chose_seed":false,"campfire_upgraded":1,"win_rate":0.0,"timestamp":1614138513,"path_taken":["M","$","?","?","?","E","R","?","T","M","?","E","R","E","R","BOSS","M","M","?","?","M","R","M","M","T","R","M","E"],"items_purchased_type":["Card"],"build_version":"2020-12-22","purchased_purges":0,"victory":false,"max_hp_per_floor":[70,70,70,70,70,70,70,70,70,70,76,76,76,76,76,76,76,76,76,81,81,81,81,81,81,81,81,81,81,81],"relic_stats":{"counters":[53,249],"Pantograph":0,"StoneCalendar":[75],"Art of War":[6],"obtain_stats":[{"Singing Bowl":31,"StoneCalendar":45,"Juzu Bracelet":31,"Bag of Preparation":40,"reliquary:QuartzCube":3,"reliquary:ThirdArm":0,"Empty Cage":17,"Old Coin":27,"HornCleat":23,"WristBlade":34,"Sundial":6,"DollysMirror":48,"Mummified Hand":6,"Pantograph":26,"reliquary:Buckler":20,"WingedGreaves":14,"Fusion Hammer":17,"reliquary:RadioactivePellet":9,"Ring of the Snake":0,"reliquary:SharkskinSheath":9,"Dead Branch":0,"Pen Nib":10,"PreservedInsect":48,"reliquary:WeakTea":54,"reliquary:RosewoodLute":14,"Anchor":9,"Bottled Flame":43,"reliquary:RedPaperclip":17,"Bird Faced Urn":7,"MutagenicStrength":19,"reliquary:BallBearing":8,"Art of War":8,"reliquary:TuningFork":21,"Pocketwatch":25,"Meat on the Bone":26},{"Singing Bowl":14,"StoneCalendar":22,"Juzu Bracelet":14,"Bag of Preparation":19,"reliquary:QuartzCube":26,"reliquary:ThirdArm":39,"Empty Cage":46,"Old Coin":12,"HornCleat":10,"WristBlade":15,"Sundial":4,"DollysMirror":22,"Mummified Hand":29,"Pantograph":51,"reliquary:Buckler":8,"WingedGreaves":6,"Fusion Hammer":7,"reliquary:RadioactivePellet":42,"Ring of the Snake":0,"reliquary:SharkskinSheath":31,"Dead Branch":25,"Pen Nib":4,"PreservedInsect":22,"reliquary:WeakTea":24,"reliquary:RosewoodLute":45,"Anchor":4,"Bottled Flame":20,"reliquary:RedPaperclip":35,"Bird Faced Urn":4,"MutagenicStrength":36,"reliquary:BallBearing":31,"Art of War":42,"reliquary:TuningFork":48,"Pocketwatch":11,"Meat on the Bone":11},{"Singing Bowl":68,"StoneCalendar":101,"Juzu Bracelet":68,"Bag of Preparation":93,"reliquary:QuartzCube":121,"reliquary:ThirdArm":181,"Empty Cage":218,"Old Coin":60,"HornCleat":50,"WristBlade":77,"Sundial":16,"DollysMirror":101,"Mummified Hand":134,"Pantograph":240,"reliquary:Buckler":41,"WingedGreaves":27,"Fusion Hammer":37,"reliquary:RadioactivePellet":198,"Ring of the Snake":0,"reliquary:SharkskinSheath":144,"Dead Branch":116,"Pen Nib":16,"PreservedInsect":101,"reliquary:WeakTea":110,"reliquary:RosewoodLute":209,"Anchor":16,"Bottled Flame":95,"reliquary:RedPaperclip":161,"Bird Faced Urn":16,"MutagenicStrength":168,"reliquary:BallBearing":144,"Art of War":198,"reliquary:TuningFork":224,"Pocketwatch":54,"Meat on the Bone":54}],"Meat on the Bone":108},"card_choices":[{"not_picked":["Setup","Dodge and Roll"],"picked":"Accuracy","floor":1.0},{"not_picked":["Quick Slash","Dodge and Roll"],"picked":"Distraction","floor":6.0},{"not_picked":["Dagger Spray","Reflex"],"picked":"Blade Dance","floor":8.0},{"not_picked":["Sucker Punch","Masterful Stab"],"picked":"Poisoned Stab","floor":10.0},{"not_picked":["Dodge and Roll","Finisher"],"picked":"Blade Dance","floor":12},{"not_picked":["Quick Slash","Endless Agony"],"picked":"Setup","floor":14},{"not_picked":["Unload","Bullet Time"],"picked":"Storm of Steel","floor":16},{"not_picked":["Dagger Spray+1","Sucker Punch"],"picked":"Cloak And Dagger+1","floor":18},{"not_picked":["Deflect","Dodge and Roll"],"picked":"Noxious Fumes","floor":19},{"not_picked":["PiercingWail","Acrobatics","Underhanded Strike"],"picked":"SKIP","floor":22},{"not_picked":["Flechettes","Dash+1"],"picked":"Outmaneuver","floor":24},{"not_picked":["Blur","Dash"],"picked":"Outmaneuver+1","floor":25},{"not_picked":["PiercingWail+1","Deadly Poison+1"],"picked":"Corpse Explosion","floor":28}],"player_experience":544282,"relics_obtained":[{"floor":6.0,"key":"Meat on the Bone"},{"floor":8.0,"key":"Art of War"},{"floor":9.0,"key":"reliquary:RadioactivePellet"},{"floor":12,"key":"reliquary:WeakTea"},{"floor":14,"key":"reliquary:RosewoodLute"},{"floor":26,"key":"Pantograph"}],"event_choices":[{"damage_healed":0.0,"max_hp_gain":0.0,"max_hp_loss":0.0,"gold_gain":0.0,"event_name":"betterThird:BetterScrap","player_choice":"Relic ","floor":3.0,"gold_loss":0.0,"damage_taken":18.0,"cards_obtained":["Impervious"]},{"damage_healed":17.0,"max_hp_gain":0.0,"max_hp_loss":0.0,"gold_gain":0.0,"event_name":"The Cleric","player_choice":"Healed","floor":4.0,"gold_loss":35.0,"damage_taken":0.0},{"damage_healed":68.0,"max_hp_gain":0.0,"max_hp_loss":70.0,"gold_gain":0.0,"event_name":"betterThird:BetterShining","player_choice":"Embrace","floor":5.0,"gold_loss":0.0,"damage_taken":0.0},{"damage_healed":0.0,"max_hp_gain":0.0,"max_hp_loss":0.0,"gold_gain":30.0,"event_name":"Dead Adventurer","player_choice":"Searched \u00272\u0027 times","floor":8.0,"gold_loss":0.0,"damage_taken":0.0},{"damage_healed":0.0,"max_hp_gain":0.0,"max_hp_loss":0.0,"gold_gain":0.0,"event_name":"betterThird:BetterSerpent","player_choice":"RENOUNCE","floor":11.0,"gold_loss":147.0,"damage_taken":147.0,"cards_obtained":["Enlightenment"]},{"damage_healed":0,"gold_gain":0,"player_choice":"Shed Blood","damage_taken":19,"max_hp_gain":5,"max_hp_loss":0,"event_name":"Forgotten Altar","floor":20,"gold_loss":0},{"damage_healed":0,"gold_gain":0,"player_choice":"Obtained Relic","damage_taken":0,"relics_obtained":["reliquary:TuningFork"],"max_hp_gain":0,"max_hp_loss":0,"event_name":"Addict","floor":21,"gold_loss":85}],"is_beta":false,"boss_relics":[{"not_picked":["Sozu","Velvet Choker"],"picked":"Empty Cage"}],"items_purged_floors":[],"is_endless":false,"potions_floor_spawned":[1,12,16,18,19,25],"killed_by":"Slavers","ascension_level":3}}