{"host":"lhekd7nyy582zlhr","time":1614159388,"event":{"mods":["AchievementEnabler","BaseMod","Colored Map","Colored Powertips","Googly Eyes","Minty Spire (QoL Compilation)","Quick Restart"],"gold_per_floor":[117,133,153,167,167,167,179,194,194,153,170,231,231,242,242,242,242],"floor_reached":16,"language":"ENG","playtime":1278,"items_purged":[],"score":96,"play_id":"e47bae81-532a-4c52-b301-a0c4906f6722","local_time":"20210224093628","is_ascension_mode":false,"campfire_choices":[{"floor":6,"key":"REST"},{"floor":15,"key":"REST"}],"circlet_count":0,"master_deck":["Strike_B","Strike_B+1","Strike_B","Strike_B","Defend_B","Defend_B","Defend_B","Defend_B","Zap","Dualcast","Regret","Echo Form","Double Energy","BootSequence+1","Doom and Gloom","Redo","Cold Snap","Static Discharge","Sunder","Lockon","Streamline"],"relics":["Cracked Core","Matryoshka"],"acts_visited":["Exordium"],"potions_floor_usage":[16,16,16],"damage_taken":[{"damage":2,"enemies":"Cultist","floor":1,"turns":4},{"damage":9,"enemies":"Small Slimes","floor":2,"turns":3},{"damage":0,"enemies":"2 Louse","floor":3,"turns":2},{"damage":27,"enemies":"Large Slime","floor":4,"turns":5},{"damage":7,"enemies":"3 Louse","floor":7,"turns":3},{"damage":6,"enemies":"Red Slaver","floor":8,"turns":3},{"damage":8,"enemies":"Exordium Thugs","floor":11,"turns":3},{"damage":7,"enemies":"Looter","floor":14,"turns":3},{"damage":42,"enemies":"The Guardian","floor":16,"turns":6}],"seed_played":"7234763223562999831","potions_obtained":[{"floor":3,"key":"Energy Potion"},{"floor":7,"key":"SpeedPotion"},{"floor":8,"key":"SteroidPotion"}],"is_trial":false,"path_per_floor":["M","M","M","M","?","R","M","M","T","$","M","?","?","M","R","B"],"character_chosen":"DEFECT","items_purchased":["Sunder"],"campfire_rested":2,"item_purchase_floors":[10],"current_hp_per_floor":[73,64,64,37,22,44,37,31,31,31,23,23,23,16,38,0,0],"gold":242,"neow_bonus":"THREE_RARE_CARDS","is_daily":false,"chose_seed":false,"campfire_upgraded":0,"win_rate":0.0,"timestamp":1614159388,"path_taken":["M","?","M","M","?","R","M","M","T","$","M","?","?","M","R","BOSS"],"items_purchased_type":["Card"],"build_version":"2020-12-22","purchased_purges":0,"victory":false,"max_hp_per_floor":[75,75,75,75,75,75,75,75,75,75,75,75,75,75,75,75,75],"card_choices":[{"not_picked":["Creative AI","Seek"],"picked":"Echo Form","floor":0},{"not_picked":["Go for the Eyes","Compile Driver"],"picked":"Double Energy","floor":1},{"not_picked":["Turbo","Machine Learning"],"picked":"BootSequence","floor":2},{"not_picked":["Aggregate","Sweeping Beam"],"picked":"Doom and Gloom","floor":3},{"not_picked":["Gash","Storm"],"picked":"Redo","floor":4},{"not_picked":["Barrage","Go for the Eyes"],"picked":"Cold Snap","floor":7},{"not_picked":["Gash","Stack"],"picked":"Static Discharge","floor":8},{"not_picked":["Barrage","Meteor Strike"],"picked":"Lockon","floor":11},{"not_picked":["Hologram","Redo"],"picked":"Streamline","floor":14}],"player_experience":151733,"relics_obtained":[{"floor":9,"key":"Matryoshka"}],"event_choices":[{"damage_healed":0,"gold_gain":0,"player_choice":"Entered Light","damage_taken":15,"max_hp_gain":0,"max_hp_loss":0,"event_name":"Shining Light","floor":5,"gold_loss":0,"cards_upgraded":["Strike_B","BootSequence"]},{"damage_healed":0,"gold_gain":61,"player_choice":"Gained Gold","damage_taken":0,"max_hp_gain":0,"max_hp_loss":0,"event_name":"Golden Wing","floor":12,"gold_loss":0},{"damage_healed":0,"gold_gain":0,"player_choice":"Ignored","damage_taken":0,"max_hp_gain":0,"max_hp_loss":0,"event_name":"Liars Game","floor":13,"gold_loss":0}],"is_beta":false,"boss_relics":[],"items_purged_floors":[],"is_endless":false,"potions_floor_spawned":[3,7,8,14],"killed_by":"The Guardian","ascension_level":0}}