{"host":"359hz4210ybch7ku","time":1614146895,"event":{"mods":["BaseMod","Block Reminder","Colored Map","Colored Powertips","Highlight Path","Minty Spire (QoL Compilation)","Slay the Relics Exporter","StSLib"],"gold_per_floor":[117,130,130,140,65,95,108,108,108,108,142,160,160,173,173,275,275,285,24,41,41,41,76,94,94,118,147,159,189,201,224,236,350,362,389,127,127,140,140,171,171,213,213,274,274,308,333,356,356,356,356],"floor_reached":50,"language":"ENG","playtime":3276,"items_purged":["Strike_G","Strike_G","Dodge and Roll"],"score":779,"play_id":"795c3bb6-9a0c-4909-a50d-1f18572dc67e","local_time":"20210223220815","is_ascension_mode":true,"campfire_choices":[{"floor":8.0,"key":"REST"},{"data":"Finisher","floor":13.0,"key":"SMITH"},{"data":"Phantasmal Killer","floor":15.0,"key":"SMITH"},{"data":"A Thousand Cuts","floor":25.0,"key":"SMITH"},{"data":"Deep Breath","floor":32.0,"key":"SMITH"},{"data":"Tools of the Trade","floor":41.0,"key":"SMITH"},{"floor":49.0,"key":"REST"}],"circlet_count":0,"master_deck":["Strike_G","Strike_G+1","Strike_G+1","Defend_G+1","Defend_G","Defend_G","Survivor","Neutralize","Slice","Slice","Slice","Acrobatics","Finisher+1","Acrobatics","Phantasmal Killer+1","A Thousand Cuts+1","Backflip","Deep Breath+1","Outmaneuver","Trip+1","Backflip","Slice+1","Flying Knee+1","Acrobatics+1","Backflip","Tools of the Trade+1","Tactician+1","Noxious Fumes+1","Footwork+1","Noxious Fumes","Concentrate+1"],"relics":["Ring of the Serpent","Mercury Hourglass","Meat on the Bone","Pear","Black Star","MutagenicStrength","Toy Ornithopter","Du-Vu Doll","War Paint","MawBank","Art of War","MealTicket","ClockworkSouvenir","Snake Skull","Question Card","Juzu Bracelet","CeramicFish","Girya","Shovel","Molten Egg 2","Bottled Tornado","Happy Flower"],"acts_visited":["Exordium","TheCity","TheBeyond"],"potions_floor_usage":[],"damage_taken":[{"damage":3.0,"enemies":"2 Louse","floor":1.0,"turns":3.0},{"damage":0.0,"enemies":"Jaw Worm","floor":2.0,"turns":4.0},{"damage":0.0,"enemies":"Small Slimes","floor":4.0,"turns":2.0},{"damage":31.0,"enemies":"Lagavulin","floor":6.0,"turns":8.0},{"damage":4.0,"enemies":"Gremlin Gang","floor":7.0,"turns":4.0},{"damage":10.0,"enemies":"3 Sentries","floor":11.0,"turns":6.0},{"damage":0.0,"enemies":"2 Fungi Beasts","floor":12.0,"turns":2.0},{"damage":0.0,"enemies":"Exordium Wildlife","floor":14.0,"turns":1.0},{"damage":14.0,"enemies":"Hexaghost","floor":16.0,"turns":6.0},{"damage":1.0,"enemies":"Spheric Guardian","floor":18.0,"turns":3.0},{"damage":15.0,"enemies":"Shell Parasite","floor":20.0,"turns":4.0},{"damage":23.0,"enemies":"Book of Stabbing","floor":23.0,"turns":3.0},{"damage":11.0,"enemies":"Snecko","floor":24.0,"turns":5.0},{"damage":20.0,"enemies":"Slavers","floor":27.0,"turns":3.0},{"damage":14.0,"enemies":"Snake Plant","floor":29.0,"turns":3.0},{"damage":0.0,"enemies":"Centurion and Healer","floor":31.0,"turns":2.0},{"damage":87.0,"enemies":"Automaton","floor":33.0,"turns":10.0},{"damage":6.0,"enemies":"3 Shapes","floor":35.0,"turns":5.0},{"damage":12.0,"enemies":"3 Darklings","floor":38.0,"turns":3.0},{"damage":1.0,"enemies":"Giant Head","floor":40.0,"turns":5.0},{"damage":15.0,"enemies":"Reptomancer","floor":42.0,"turns":4.0},{"damage":51.0,"enemies":"2 Orb Walkers","floor":44.0,"turns":5.0},{"damage":0.0,"enemies":"Giant Head","floor":46.0,"turns":5.0},{"damage":22.0,"enemies":"Sphere and 2 Shapes","floor":48.0,"turns":3.0},{"damage":49,"enemies":"Awakened One","floor":50,"turns":3}],"seed_played":"-2433667280316150377","potions_obtained":[{"floor":1.0,"key":"FearPotion"},{"floor":4.0,"key":"EssenceOfSteel"},{"floor":7.0,"key":"CunningPotion"},{"floor":12.0,"key":"Dexterity Potion"},{"floor":31.0,"key":"FairyPotion"},{"floor":33.0,"key":"SpeedPotion"},{"floor":40.0,"key":"ColorlessPotion"},{"floor":42.0,"key":"SmokeBomb"}],"is_trial":false,"path_per_floor":["M","M","?","M","$","E","M","R","T","?","E","M","R","M","R","B",null,"M","$","M","?","?","E","M","R","T","E","?","M","T","M","R","B",null,"M","$","?","M","?","E","R","E","T","?","?","E","T","M","R","B"],"character_chosen":"THE_SILENT","items_purchased":["Deep Breath","CunningPotion","ClockworkSouvenir"],"campfire_rested":2,"item_purchase_floors":[19,19,36],"current_hp_per_floor":[67,67,53,53,53,22,18,39,39,21,33,45,45,45,45,43,71,70,70,55,55,55,44,45,45,45,37,37,40,40,52,52,14,64,58,73,73,66,66,65,65,55,55,16,16,28,28,18,42,0,0],"gold":356,"neow_bonus":"REMOVE_CARD","is_daily":false,"chose_seed":false,"campfire_upgraded":5,"win_rate":0.0,"timestamp":1614146895,"path_taken":["M","M","?","M","$","E","M","R","T","?","E","M","R","M","R","BOSS","M","$","M","?","?","E","?","R","T","E","?","M","?","M","R","BOSS","M","$","?","M","?","E","R","E","T","?","?","E","?","M","R","BOSS"],"items_purchased_type":["Card","Potion","Relic"],"build_version":"2020-12-22","purchased_purges":3,"victory":false,"max_hp_per_floor":[70,70,70,70,70,70,70,70,70,70,80,80,80,80,80,80,80,80,80,80,80,80,80,80,80,80,80,80,80,80,80,80,80,80,80,80,80,80,80,80,80,80,80,80,80,80,80,80,80,80,80],"card_choices":[{"not_picked":["Concentrate","Terror"],"picked":"Slice","floor":1.0},{"not_picked":["Predator","Deflect"],"picked":"Slice","floor":2.0},{"not_picked":["Poisoned Stab","Quick Slash","Bane"],"picked":"SKIP","floor":4.0},{"not_picked":["Dodge and Roll","Flying Knee"],"picked":"Slice","floor":6.0},{"not_picked":["Dagger Throw","Prepared"],"picked":"Acrobatics","floor":7.0},{"not_picked":["Calculated Gamble","Riddle With Holes"],"picked":"Finisher","floor":11.0},{"not_picked":["Flying Knee","Dagger Spray"],"picked":"Acrobatics","floor":12.0},{"not_picked":["Predator","Deflect"],"picked":"Phantasmal Killer","floor":14.0},{"not_picked":["Doppelganger","Bullet Time"],"picked":"A Thousand Cuts","floor":16.0},{"not_picked":["Escape Plan","Eviscerate"],"picked":"Backflip","floor":18.0},{"not_picked":["Deadly Poison","Concentrate"],"picked":"Outmaneuver","floor":20.0},{"not_picked":["Underhanded Strike","PiercingWail"],"picked":"Backflip","floor":23.0},{"not_picked":["Prepared","Calculated Gamble"],"picked":"Slice+1","floor":24.0},{"not_picked":["Choke","Dodge and Roll"],"picked":"Flying Knee+1","floor":27.0},{"not_picked":["Quick Slash","Bane"],"picked":"Acrobatics+1","floor":29.0},{"not_picked":["PiercingWail","Cloak And Dagger"],"picked":"Backflip","floor":31.0},{"not_picked":["Phantasmal Killer","Venomology"],"picked":"Tools of the Trade","floor":33.0},{"not_picked":["Riddle With Holes+1","Acrobatics","Dodge and Roll"],"picked":"SKIP","floor":35.0},{"not_picked":["Deadly Poison","Dodge and Roll+1"],"picked":"Tactician+1","floor":38.0},{"not_picked":["Quick Slash+1","Terror"],"picked":"Noxious Fumes+1","floor":40.0},{"not_picked":["Infinite Blades","Poisoned Stab","Dodge and Roll"],"picked":"Footwork+1","floor":42.0},{"not_picked":["Flechettes","Crippling Poison","Riddle With Holes+1"],"picked":"Noxious Fumes","floor":44.0},{"not_picked":["Underhanded Strike+1","Escape Plan","Skewer+1","Cloak And Dagger+1"],"picked":"SKIP","floor":46.0},{"not_picked":["Bane+1","Poisoned Stab+1","Sucker Punch+1"],"picked":"Concentrate+1","floor":48.0}],"player_experience":357070,"relics_obtained":[{"floor":6.0,"key":"Mercury Hourglass"},{"floor":11.0,"key":"Pear"},{"floor":23.0,"key":"Toy Ornithopter"},{"floor":23.0,"key":"Du-Vu Doll"},{"floor":26.0,"key":"War Paint"},{"floor":27.0,"key":"MawBank"},{"floor":27.0,"key":"Art of War"},{"floor":30.0,"key":"MealTicket"},{"floor":40.0,"key":"Snake Skull"},{"floor":40.0,"key":"Question Card"},{"floor":42.0,"key":"Juzu Bracelet"},{"floor":42.0,"key":"CeramicFish"},{"floor":43.0,"key":"Girya"},{"floor":44.0,"key":"Shovel"},{"floor":46.0,"key":"Molten Egg 2"},{"floor":46.0,"key":"Bottled Tornado"},{"floor":47.0,"key":"Happy Flower"}],"event_choices":[{"damage_healed":0.0,"max_hp_gain":0.0,"max_hp_loss":0.0,"gold_gain":0.0,"event_name":"Shining Light","player_choice":"Entered Light","floor":3.0,"gold_loss":0.0,"damage_taken":14.0,"cards_upgraded":["Strike_G","Strike_G"]},{"damage_healed":0.0,"max_hp_gain":0.0,"max_hp_loss":0.0,"gold_gain":0.0,"event_name":"Scrap Ooze","player_choice":"Success","floor":10.0,"gold_loss":0.0,"damage_taken":18.0,"relics_obtained":["Meat on the Bone"]},{"damage_healed":0.0,"max_hp_gain":0.0,"max_hp_loss":0.0,"gold_gain":0.0,"event_name":"Drug Dealer","player_choice":"Inject Mutagens","floor":21.0,"gold_loss":0.0,"damage_taken":0.0,"relics_obtained":["MutagenicStrength"]},{"damage_healed":0.0,"max_hp_gain":0.0,"max_hp_loss":0.0,"gold_gain":0.0,"event_name":"Match and Keep!","player_choice":"2 cards matched","floor":22.0,"gold_loss":0.0,"damage_taken":0.0,"cards_obtained":["Dodge and Roll","Trip"]},{"damage_healed":0.0,"max_hp_gain":0.0,"max_hp_loss":0.0,"gold_gain":0.0,"event_name":"Ghosts","player_choice":"Ignored","floor":28.0,"gold_loss":0.0,"damage_taken":0.0},{"cards_removed":["Defend_G"],"damage_healed":0.0,"max_hp_gain":0.0,"max_hp_loss":0.0,"gold_gain":0.0,"event_name":"Falling","player_choice":"Removed Skill","floor":37.0,"gold_loss":0.0,"damage_taken":0.0},{"damage_healed":0.0,"max_hp_gain":0.0,"max_hp_loss":0.0,"gold_gain":0.0,"event_name":"SecretPortal","player_choice":"Ignored","floor":39.0,"gold_loss":0.0,"damage_taken":0.0},{"damage_healed":0.0,"max_hp_gain":0.0,"max_hp_loss":0.0,"gold_gain":0.0,"event_name":"Mysterious Sphere","player_choice":"Fight","floor":44.0,"gold_loss":0.0,"damage_taken":0.0},{"damage_healed":0.0,"max_hp_gain":0.0,"max_hp_loss":0.0,"gold_gain":0.0,"event_name":"Tomb of Lord Red Mask","player_choice":"Ignored","floor":45.0,"gold_loss":0.0,"damage_taken":0.0}],"is_beta":false,"boss_relics":[{"not_picked":["Sozu","Ectoplasm"],"picked":"Black Star"},{"not_picked":["Snecko Eye","SacredBark"],"picked":"Ring of the Serpent"}],"items_purged_floors":[5,19,36],"is_endless":false,"potions_floor_spawned":[1,4,7,12,31,33,40,42],"killed_by":"Awakened One","ascension_level":5}}