{"host":"t6r1isv2bex5ovch","time":1614146703,"event":{"mods":["AchievementEnabler","Act Like it!","Aspiration","BaseMod","Better Altar","Better Match","Better Note","Better Sensory Stone","Better Skull","Better Third Choice","Better Vampires","Bossed Relics","Colored Powertips","Displayed Cursed Tome","Evolution","Fox Events","Hubris","Minty Spire (QoL Compilation)","Reliquary","Ruina","StSLib"],"gold_per_floor":[115,5,19,19,33,59,59,59,59],"floor_reached":8,"language":"ENG","playtime":580,"items_purged":["Strike_B"],"score":67,"play_id":"efea3d08-4e0a-41ab-b534-63e5867f186e","local_time":"20210224170503","is_ascension_mode":true,"campfire_choices":[{"data":"Fusion","floor":7,"key":"SMITH"}],"circlet_count":0,"master_deck":["Strike_B","Strike_B","Strike_B","Defend_B","Defend_B","Defend_B","Defend_B","Zap","Dualcast","Fusion+1","Self Repair","Self Repair"],"relics":["Cracked Core","EVO:Axolotl","reliquary:IridiumChain"],"acts_visited":["Exordium"],"potions_floor_usage":[6,6],"damage_taken":[{"damage":0,"enemies":"Small Slimes","floor":1,"turns":3},{"damage":1,"enemies":"Cultist","floor":3,"turns":4},{"damage":9,"enemies":"Jaw Worm","floor":5,"turns":5},{"damage":45,"enemies":"3 Sentries","floor":6,"turns":9},{"damage":67,"enemies":"Gremlin Nob","floor":8,"turns":4}],"seed_played":"7313176767495842108","potions_obtained":[{"floor":1,"key":"LiquidBronze"},{"floor":5,"key":"SpeedPotion"}],"is_trial":false,"path_per_floor":["M","$","M","?","M","E","R","E"],"character_chosen":"DEFECT","items_purchased":["Fusion"],"campfire_rested":0,"item_purchase_floors":[2],"current_hp_per_floor":[82,82,81,82,80,42,42,0,0],"gold":59,"neow_bonus":"TEN_PERCENT_HP_BONUS","is_daily":false,"chose_seed":false,"campfire_upgraded":1,"win_rate":0.0,"timestamp":1614146703,"path_taken":["M","$","M","?","M","E","R","E"],"items_purchased_type":["Card"],"build_version":"2020-12-22","purchased_purges":1,"victory":false,"max_hp_per_floor":[82,82,82,82,82,82,82,82,82],"card_choices":[{"not_picked":["Force Field","Rebound","Go for the Eyes"],"picked":"SKIP","floor":1},{"not_picked":["Go for the Eyes","Gash"],"picked":"Self Repair","floor":3},{"not_picked":["Reinforced Body","Skim","Hologram"],"picked":"SKIP","floor":5},{"not_picked":["Turbo","Ball Lightning"],"picked":"Self Repair","floor":6}],"player_experience":400954,"relics_obtained":[{"floor":6,"key":"reliquary:IridiumChain"}],"event_choices":[{"damage_healed":1,"gold_gain":0,"player_choice":"Full Heal","damage_taken":0,"max_hp_gain":0,"max_hp_loss":0,"event_name":"Wheel of Change","floor":4,"gold_loss":0}],"is_beta":false,"boss_relics":[],"items_purged_floors":[2],"is_endless":false,"potions_floor_spawned":[1,5],"killed_by":"Gremlin Nob","ascension_level":4}}