{"host":"dhv3u8yhd2rnugsp","time":1614207511,"event":{"mods":["100% Spire Juice","BaseMod","Block Reminder","Colored Map","Googly Eyes","Highlight Path","Minty Spire (QoL Compilation)","Permanent Neow","Quick Restart","Random Character Button","StSLib"],"gold_per_floor":[113,113,128,138,152,180,180,180,180],"floor_reached":8,"language":"ENG","playtime":308,"items_purged":[],"score":116,"play_id":"c30ebc0e-8d15-4751-868e-33416165a639","local_time":"20210224165831","is_ascension_mode":true,"campfire_choices":[{"floor":7,"key":"REST"}],"circlet_count":0,"master_deck":["AscendersBane","Strike_G","Strike_G","Strike_G","Strike_G","Defend_G","Defend_G","Defend_G","Defend_G","Defend_G","Survivor","Neutralize","Noxious Fumes","Endless Agony","Skewer","Deadly Poison"],"relics":["Ring of the Snake","Unceasing Top","Molten Egg 2"],"acts_visited":["Exordium"],"potions_floor_usage":[5,6],"damage_taken":[{"damage":1,"enemies":"2 Louse","floor":1,"turns":3},{"damage":0,"enemies":"Cultist","floor":3,"turns":5},{"damage":4,"enemies":"Small Slimes","floor":4,"turns":4},{"damage":0,"enemies":"Looter","floor":5,"turns":4},{"damage":33,"enemies":"3 Sentries","floor":6,"turns":9},{"damage":52,"enemies":"Gremlin Nob","floor":8,"turns":4}],"seed_played":"-54962298661251917","potions_obtained":[{"floor":1,"key":"Dexterity Potion"},{"floor":3,"key":"DuplicationPotion"}],"is_trial":false,"path_per_floor":["M","?","M","M","M","E","R","E"],"character_chosen":"THE_SILENT","items_purchased":[],"campfire_rested":1,"item_purchase_floors":[],"current_hp_per_floor":[43,43,43,39,39,6,25,0,0],"gold":180,"neow_bonus":"ONE_RARE_RELIC","is_daily":false,"chose_seed":false,"campfire_upgraded":0,"win_rate":0.0,"timestamp":1614207511,"path_taken":["M","?","M","M","?","E","R","E"],"items_purchased_type":[],"build_version":"2020-12-22","purchased_purges":0,"victory":false,"max_hp_per_floor":[66,66,66,66,66,66,66,66,66],"card_choices":[{"not_picked":["Sucker Punch","Terror"],"picked":"Noxious Fumes","floor":1},{"not_picked":["Deflect","Masterful Stab"],"picked":"Endless Agony","floor":3},{"not_picked":["Accuracy","Flying Knee"],"picked":"Skewer","floor":4},{"not_picked":["Caltrops","Dodge and Roll"],"picked":"Deadly Poison","floor":5},{"not_picked":["Acrobatics","Outmaneuver","Accuracy"],"picked":"SKIP","floor":6}],"player_experience":1688465,"relics_obtained":[{"floor":6,"key":"Molten Egg 2"}],"event_choices":[{"cards_removed":["Strike_G"],"damage_healed":0,"gold_gain":0,"player_choice":"Offered Basic","damage_taken":0,"max_hp_gain":0,"max_hp_loss":0,"event_name":"Bonfire Elementals","floor":2,"gold_loss":0}],"is_beta":false,"boss_relics":[],"items_purged_floors":[],"is_endless":false,"potions_floor_spawned":[1,3],"killed_by":"Gremlin Nob","ascension_level":20}}