{"host":"zwfzlkwql9nyrw94","time":1614132461,"event":{"mods":["AchievementEnabler","BaseMod","Colored Map","Filter the Spire","Grow up Mod","Highlight Path","Minty Spire (QoL Compilation)","Remove Card Discount Mod"],"gold_per_floor":[115,28,46,46,46,46,46,46,46,46,58,70,81,132,132,236,236,249,262,262,262,262],"floor_reached":21,"language":"ENG","playtime":606,"items_purged":["Strike_B","Strike_B","Defend_B","Defend_B","Defend_B","Defend_B","Strike_B","Strike_B"],"score":227,"play_id":"fa1ee442-f620-4790-9d1c-1a8e4fa1e65b","local_time":"20210223200741","is_ascension_mode":true,"campfire_choices":[{"data":"Zap","floor":6.0,"key":"SMITH"},{"data":"Defragment","floor":8.0,"key":"SMITH"},{"floor":15.0,"key":"RECALL"}],"circlet_count":0,"master_deck":["Zap+1","Hello World","Hello World","Defragment+1","Hello World","Fission","Fission"],"relics":["Philosopher\u0027s Stone","Pear","FaceOfCleric","Frozen Egg 2","Nuclear Battery"],"acts_visited":["Exordium","TheCity"],"potions_floor_usage":[],"damage_taken":[{"damage":12.0,"enemies":"Jaw Worm","floor":1.0,"turns":3.0},{"damage":0.0,"enemies":"Small Slimes","floor":3.0,"turns":3.0},{"damage":0.0,"enemies":"Cultist","floor":11.0,"turns":3.0},{"damage":15.0,"enemies":"Exordium Thugs","floor":12.0,"turns":3.0},{"damage":28.0,"enemies":"Lots of Slimes","floor":13.0,"turns":3.0},{"damage":47.0,"enemies":"The Guardian","floor":16.0,"turns":7.0},{"damage":12.0,"enemies":"Chosen","floor":18.0,"turns":3.0},{"damage":34.0,"enemies":"3 Byrds","floor":19.0,"turns":4.0},{"damage":0,"enemies":"3 Cultists","floor":21,"turns":1}],"seed_played":"5742537649125497671","potions_obtained":[{"floor":3.0,"key":"Regen Potion"},{"floor":12.0,"key":"Swift Potion"},{"floor":13.0,"key":"FearPotion"},{"floor":16.0,"key":"Weak Potion"}],"is_trial":false,"path_per_floor":["M","$","M","?","?","R","?","R","T","$","M","M","M","T","R","B",null,"M","M","?","M"],"character_chosen":"DEFECT","items_purchased":["Hello World"],"campfire_rested":0,"item_purchase_floors":[2],"current_hp_per_floor":[83,93,103,113,126,136,146,156,166,176,187,183,166,176,186,150,269,268,245,255,255,255],"gold":262,"neow_bonus":"BOSS_RELIC","is_daily":false,"chose_seed":false,"campfire_upgraded":2,"win_rate":0.0,"timestamp":1614132461,"path_taken":["M","$","M","?","?","R","?","R","T","$","M","?","M","?","R","BOSS","M","?","?","?"],"items_purchased_type":["Card"],"build_version":"2020-12-22","purchased_purges":8,"victory":false,"max_hp_per_floor":[95,105,115,125,145,155,165,175,185,195,206,217,228,238,248,259,269,280,291,301,301,301],"card_choices":[{"not_picked":["Conserve Battery","Compile Driver"],"picked":"Hello World","floor":1.0},{"not_picked":["Gash","Self Repair"],"picked":"Defragment","floor":3.0},{"not_picked":["Go for the Eyes","Consume","Conserve Battery"],"picked":"SKIP","floor":11.0},{"not_picked":["Chill","Streamline","Blizzard"],"picked":"SKIP","floor":12.0},{"not_picked":["Fusion","Recycle","Static Discharge+1"],"picked":"SKIP","floor":13.0},{"not_picked":["Reboot","Core Surge"],"picked":"Fission","floor":16.0},{"not_picked":["Cold Snap","Glacier","Compile Driver"],"picked":"SKIP","floor":18.0},{"not_picked":["Rebound","Barrage","Cold Snap"],"picked":"SKIP","floor":19.0}],"player_experience":237187,"relics_obtained":[{"floor":9.0,"key":"Frozen Egg 2"}],"event_choices":[{"damage_healed":0.0,"max_hp_gain":0.0,"max_hp_loss":0.0,"gold_gain":0.0,"cards_transformed":["Dualcast"],"event_name":"Living Wall","player_choice":"Change","floor":4.0,"gold_loss":0.0,"damage_taken":0.0,"cards_obtained":["Hello World"]},{"damage_healed":0.0,"max_hp_gain":0.0,"max_hp_loss":0.0,"gold_gain":0.0,"event_name":"Scrap Ooze","player_choice":"Success","floor":5.0,"gold_loss":0.0,"damage_taken":7.0,"relics_obtained":["Pear"]},{"damage_healed":0.0,"max_hp_gain":0.0,"max_hp_loss":0.0,"gold_gain":0.0,"event_name":"FaceTrader","player_choice":"Trade","floor":7.0,"gold_loss":0.0,"damage_taken":0.0,"relics_obtained":["FaceOfCleric"]},{"damage_healed":0.0,"max_hp_gain":0.0,"max_hp_loss":0.0,"gold_gain":0.0,"event_name":"Duplicator","player_choice":"Copied","floor":20.0,"gold_loss":0.0,"damage_taken":0.0,"cards_obtained":["Fission"]}],"is_beta":false,"boss_relics":[{"not_picked":["Inserter","Pandora\u0027s Box"],"picked":"Nuclear Battery"}],"items_purged_floors":[2,2,2,2,2,2,2,2],"is_endless":false,"potions_floor_spawned":[3,12,13,16,19],"killed_by":"3 Cultists","ascension_level":1}}