{"host":"0qulokkk26x4i6bu","time":1614166642,"event":{"mods":["BaseMod","Bestiary","Block Reminder","DeckTracker","Minty Spire (QoL Compilation)","Relic Stats"],"gold_per_floor":[111,36,211,211,229,229,129,163,163,176,176,196,218,230,230,230,230],"floor_reached":16,"language":"ENG","playtime":1486,"items_purged":["Normality","Doubt"],"score":105,"play_id":"9e69498e-3d97-411b-86f7-f1131c67c206","local_time":"20210224033722","is_ascension_mode":true,"campfire_choices":[{"data":"CutThroughFate","floor":6,"key":"SMITH"},{"data":"WaveOfTheHand","floor":15,"key":"SMITH"}],"circlet_count":0,"master_deck":["Strike_P","Strike_P","Strike_P","Defend_P","Defend_P","Defend_P","Eruption","Vigilance","BowlingBash","Halt","CutThroughFate+1","ClearTheMind","ThirdEye","CarveReality","WaveOfTheHand+1","SashWhip"],"relics":["PureWater","Bird Faced Urn","Tiny Chest","Matryoshka","Odd Mushroom"],"acts_visited":["Exordium"],"potions_floor_usage":[16],"damage_taken":[{"damage":4,"enemies":"2 Louse","floor":1,"turns":4},{"damage":1,"enemies":"Jaw Worm","floor":5,"turns":4},{"damage":2,"enemies":"3 Sentries","floor":8,"turns":6},{"damage":1,"enemies":"Cultist","floor":10,"turns":3},{"damage":0,"enemies":"3 Louse","floor":12,"turns":2},{"damage":7,"enemies":"The Mushroom Lair","floor":13,"turns":3},{"damage":4,"enemies":"Large Slime","floor":14,"turns":6},{"damage":52,"enemies":"Hexaghost","floor":16,"turns":11}],"seed_played":"-5994263516329600670","potions_obtained":[{"floor":10,"key":"Dexterity Potion"},{"floor":12,"key":"GamblersBrew"},{"floor":13,"key":"SmokeBomb"}],"is_trial":false,"path_per_floor":["M","$","?","?","M","R","$","E","T","M","?","M","?","M","R","B"],"character_chosen":"WATCHER","items_purchased":[],"campfire_rested":0,"item_purchase_floors":[],"current_hp_per_floor":[68,68,68,68,67,67,67,65,65,64,57,57,50,46,46,0,0],"gold":230,"neow_bonus":"ONE_RARE_RELIC","is_daily":false,"chose_seed":false,"campfire_upgraded":2,"win_rate":0.0,"timestamp":1614166642,"path_taken":["M","$","?","?","?","R","$","E","T","M","?","M","?","?","R","BOSS"],"items_purchased_type":[],"build_version":"2020-12-22","purchased_purges":2,"victory":false,"max_hp_per_floor":[72,72,72,72,72,72,72,72,72,72,72,72,72,72,72,72,72],"relic_stats":{"counters":[8,39],"Bird Faced Urn":[0],"Tiny Chest":0,"obtain_stats":[{"Matryoshka":9,"Bird Faced Urn":0,"Tiny Chest":8,"PureWater":0,"Odd Mushroom":13},{"Matryoshka":3,"Bird Faced Urn":0,"Tiny Chest":3,"PureWater":0,"Odd Mushroom":6},{"Matryoshka":14,"Bird Faced Urn":0,"Tiny Chest":14,"PureWater":0,"Odd Mushroom":22}]},"card_choices":[{"not_picked":["EmptyFist","FollowUp"],"picked":"BowlingBash","floor":1},{"not_picked":["CrushJoints","Crescendo"],"picked":"CutThroughFate","floor":5},{"not_picked":["ThirdEye","ForeignInfluence"],"picked":"ClearTheMind","floor":8},{"not_picked":["CrushJoints","PathToVictory"],"picked":"ThirdEye","floor":10},{"not_picked":["CarveReality","Swivel","Establishment"],"picked":"SKIP","floor":12},{"not_picked":["Swivel","Establishment"],"picked":"CarveReality","floor":12},{"not_picked":["FlyingSleeves","FollowUp"],"picked":"WaveOfTheHand","floor":13},{"not_picked":["Crescendo","Protect"],"picked":"SashWhip","floor":14}],"player_experience":92626,"relics_obtained":[{"floor":8,"key":"Tiny Chest"},{"floor":9,"key":"Matryoshka"},{"floor":13,"key":"Odd Mushroom"}],"event_choices":[{"damage_healed":0,"gold_gain":175,"player_choice":"AGREE","damage_taken":0,"max_hp_gain":0,"max_hp_loss":0,"event_name":"Liars Game","floor":3,"gold_loss":0,"cards_obtained":["Doubt"]},{"damage_healed":0,"gold_gain":0,"cards_transformed":["Strike_P"],"player_choice":"Transformed","damage_taken":0,"max_hp_gain":0,"max_hp_loss":0,"event_name":"Transmorgrifier","floor":4,"gold_loss":0,"cards_obtained":["Halt"]},{"cards_removed":["Defend_P"],"damage_healed":0,"gold_gain":0,"player_choice":"Card Removal","damage_taken":7,"max_hp_gain":0,"max_hp_loss":0,"event_name":"Golden Wing","floor":11,"gold_loss":0},{"damage_healed":0,"gold_gain":0,"player_choice":"Fought Mushrooms","damage_taken":0,"max_hp_gain":0,"max_hp_loss":0,"event_name":"Mushrooms","floor":13,"gold_loss":0}],"is_beta":false,"boss_relics":[],"items_purged_floors":[2,7],"is_endless":false,"potions_floor_spawned":[10,12,13],"killed_by":"Hexaghost","ascension_level":1}}