{"host":"64qzurqwi0x0qgxo","time":1614159266,"event":{"mods":["100% Spire Juice","ATMod(∞¢Ë™Mod)","Act Like it!","BaseMod","BetterRewards","Colored Map","Colored Powertips","Downfall","Gensokyo","Googly Eyes","Keyboard Shortcuts","Koishi","KomeijiMod","Marisa£®ÏF”Í°°ƒß¿Ì…≥£©","Minty Spire (QoL Compilation)","MostiFishMod","Quick Restart","Rare Cards Sparkle","Reimu£®≤©¿ˆ¡È√Œ£©","Relic Stats","Remilia_Scarlet Moed£®¿Ÿ√◊¿Ú—«°§Àπø®¿◊Ãÿ£©3.3.5","Remove Card Discount Mod","Replay The Spire","StSLib","The Animator","noobMod"],"gold_per_floor":[99,119,96,113,127,157,157,157,272,337,391,434,134,176,245,365,365,365,405,405,443,537,5,32,92,92,50,159,227,330,399,494,667,667,667,759,802,605,605,659,709,709,846,881,993,884,884,970,1005,1030,1030,1087,199,199,324,349],"floor_reached":57,"language":"ZHS","playtime":2269,"items_purged":["champ:Defend","champ:Defend","champ:Defend","champ:Taunt","champ:Strike","champ:Strike","champ:Strike","champ:EnchantCrown","champ:EnchantCrown","champ:ViciousMockery","champ:Execute","champ:HeartStrike"],"score":1594,"play_id":"b083bfb1-8aeb-48c7-bf5f-7a96433e4883","local_time":"20210224173426","is_ascension_mode":false,"campfire_choices":[{"floor":1,"key":"RECALL"},{"data":"AT_MachinaRedman","floor":13,"key":"SMITH"},{"data":"champ:VampiricStrike","floor":18,"key":"SMITH"},{"data":"champ:RapidStrikes","floor":26,"key":"SMITH"},{"data":"Pot Of Greed","floor":35,"key":"SMITH"},{"data":"champ:BerserkerStyle","floor":42,"key":"SMITH"},{"data":"Pot Of Greed","floor":47,"key":"SMITH"},{"data":"Pot Of Greed","floor":54,"key":"SMITH"}],"circlet_count":0,"master_deck":["AT_MachinaRedman+1","champ:FanOfKnives+1","champ:PreciseThrust","champ:GutPunch","champ:FaceSlap","champ:ShieldSigil","champ:BerserkersShout","champ:AdrenalArmor","champ:RageSigil","champ:FanOfKnives+1","champ:VampiricStrike+1","champ:BerserkersShout","champ:CrownThrow","champ:GutPunch","champ:SwordThrow+1","Pot Of Greed+1","Pot Of Greed","champ:RapidStrikes+1","champ:GutPunch","Mayhem+1","champ:ViciousMockery","champ:ViciousMockery","Pot Of Greed+1","champ:EnchantCrown","champ:BerserkersShout+1","champ:BerserkersShout+1","champ:HeavySlash","CurseOfTheBell","champ:ShieldSigil+1","champ:EndlessRage","champ:FanOfKnives","champ:BerserkerStyle+1","champ:FanOfKnives+1","Pot Of Greed+1","champ:HeartStrike+1","champ:EndlessRage+1","champ:FanOfKnives","champ:BerserkersShout+1","champ:AdrenalArmor+1","champ:MurderStrike","Mayhem+1","champ:SwordSigil+1","champ:RageSigil","champ:FanOfKnives","champ:GutPunch"],"relics":["champ:ChampionCrown","ice","DaveBox","AT_ATBox","HaiYi:Twilight","AT_MibuBalloonWealth","Snack Pack","downfall:HeartBlessingRed","downfall:HeartBlessingGreen","downfall:HeartBlessingBlue","Painkiller Herb","AT_PhaseBoots","Technique","Grinning Jar","Guide Book","CrazyTorch:ReiMu","Happy Flower","Calling Bell","AT_BladeRuinedKing","Darkstone Periapt","Shovel","Bag of Marbles","Pet Ghost","SynthV:C4","Replay:Wax Seal","Orichalcum","DollysMirror","ReplayTheSpireMod:Ninjato","InkBottle"],"acts_visited":["Exordium","TheCity","TheBeyond","TheEnding"],"potions_floor_usage":[],"damage_taken":[{"damage":10,"enemies":"Small Slimes","floor":2,"turns":1},{"damage":15,"enemies":"downfall:FleeingMerchant","floor":3,"turns":4},{"damage":0,"enemies":"Cultist","floor":4,"turns":2},{"damage":21,"enemies":"Jaw Worm","floor":5,"turns":2},{"damage":52,"enemies":"Lagavulin","floor":6,"turns":4},{"damage":8,"enemies":"Gremlin Gang","floor":9,"turns":2},{"damage":0,"enemies":"Exordium Wildlife","floor":10,"turns":2},{"damage":22,"enemies":"Replay:BlueRogue","floor":11,"turns":3},{"damage":0,"enemies":"downfall:LooterAlt","floor":12,"turns":1},{"damage":11,"enemies":"Red Slaver","floor":14,"turns":2},{"damage":25,"enemies":"Large Slime","floor":15,"turns":3},{"damage":90,"enemies":"IC_STATUS_ARCHETYPE","floor":16,"turns":7},{"damage":25,"enemies":"Chosen","floor":19,"turns":2},{"damage":63,"enemies":"Spheric Guardian","floor":21,"turns":4},{"damage":18,"enemies":"3 Cultists","floor":22,"turns":3},{"damage":50,"enemies":"downfall:FleeingMerchant","floor":23,"turns":4},{"damage":44,"enemies":"Sentry and Sphere","floor":25,"turns":3},{"damage":30,"enemies":"downfall:FleeingMerchant","floor":27,"turns":3},{"damage":50,"enemies":"Slavers","floor":28,"turns":2},{"damage":35,"enemies":"Chosen and Byrds","floor":29,"turns":2},{"damage":35,"enemies":"Gremlin Leader","floor":30,"turns":2},{"damage":45,"enemies":"Centurion and Healer","floor":31,"turns":3},{"damage":0,"enemies":"3 Cultists","floor":32,"turns":1},{"damage":58,"enemies":"DF_ARCHETYPE_CLAW","floor":33,"turns":3},{"damage":15,"enemies":"3 Shapes","floor":36,"turns":2},{"damage":83,"enemies":"Orb Walker","floor":37,"turns":3},{"damage":50,"enemies":"R_Hoarder","floor":40,"turns":2},{"damage":0,"enemies":"3 Darklings","floor":43,"turns":1},{"damage":69,"enemies":"Transient","floor":44,"turns":4},{"damage":10,"enemies":"4 Shapes","floor":45,"turns":1},{"damage":18,"enemies":"Sphere and 2 Shapes","floor":48,"turns":2},{"damage":12,"enemies":"Spire Growth","floor":49,"turns":1},{"damage":95,"enemies":"SI_POISON_ARCHETYPE","floor":50,"turns":3},{"damage":57,"enemies":"downfall:CharBossMerchant","floor":52,"turns":3},{"damage":132,"enemies":"downfall:NeowBoss","floor":55,"turns":4},{"damage":136,"enemies":"downfall:NeowBossFinal","floor":56,"turns":3}],"seed_played":"-4711391089588495899","potions_obtained":[{"floor":4,"key":"champ:OpenerPotion"},{"floor":11,"key":"LifebloodPotion"},{"floor":12,"key":"Strength Potion"},{"floor":15,"key":"Slimebound:ThreeZeroPotion"},{"floor":22,"key":"champ:TechniquePotion"}],"is_trial":false,"path_per_floor":["R","M","$","M","M","E","T","?","M","M","E","M","R","M","M","B",null,"T","?","?","?","?","T","T","?","T","T","E","?","E","?","?","B",null,"T","?","?","T","?","E","T","T","?","?","?","T","T","?","?","B",null,"E","T","T","B","B",null],"character_chosen":"THE_CHAMP","items_purchased":["AT_SpeedBoots","champ:SwordThrow","champ:FaceSlap","Technique","Mayhem","Guide Book","champ:ViciousMockery","Bag of Marbles","champ:FanOfKnives","champ:FanOfKnives","Replay:Wax Seal","DollysMirror","ReplayTheSpireMod:Ninjato","InkBottle","champ:SwordSigil+1","champ:RageSigil","champ:FanOfKnives","champ:GutPunch"],"campfire_rested":0,"item_purchase_floors":[23,23,23,23,27,27,27,38,38,46,46,53,53,53,53,53,53,53],"current_hp_per_floor":[90,90,90,90,79,37,37,37,29,29,17,19,29,30,34,93,101,101,93,93,77,63,52,52,115,115,119,98,95,97,97,99,77,132,132,119,101,101,101,103,103,103,105,109,108,108,108,92,94,93,147,148,148,148,149,136],"gold":349,"neow_bonus":"REMOVE_CARD","is_daily":false,"chose_seed":false,"campfire_upgraded":7,"win_rate":0.0,"timestamp":1614159266,"path_taken":["R","M","$","M","M","E","T","?","M","M","E","M","R","?","M","BOSS","T","?","?","?","?","T","T","?","T","T","E","?","E","?","?","BOSS","T","?","?","T","?","E","T","T","?","?","?","T","T","?","?","BOSS","E","T","T","BOSS","BOSS"],"items_purchased_type":["Relic","Card","Card","Relic","Card","Relic","Card","Relic","Card","Card","Relic","Relic","Relic","Relic","Card","Card","Card","Card"],"build_version":"2020-12-22","purchased_purges":12,"victory":true,"max_hp_per_floor":[90,90,90,90,90,90,90,90,90,90,90,90,100,100,100,101,101,101,103,103,106,109,114,114,115,115,120,122,127,127,128,128,132,132,132,137,139,139,139,139,139,139,139,142,144,144,144,146,146,147,147,148,148,148,149,152],"relic_stats":{"Darkstone Periapt":0,"Shovel":0,"Happy Flower":[12],"counters":[36,94],"Orichalcum":[24],"obtain_stats":[{"Darkstone Periapt":34,"AT_ATBox":0,"DaveBox":0,"AT_MibuBalloonWealth":6,"champ:ChampionCrown":0,"downfall:HeartBlessingGreen":13,"Painkiller Herb":17,"ice":0,"Pet Ghost":40,"SynthV:C4":41,"Shovel":34,"downfall:HeartBlessingBlue":13,"DollysMirror":53,"Replay:Wax Seal":46,"InkBottle":53,"ReplayTheSpireMod:Ninjato":53,"downfall:HeartBlessingRed":13,"Happy Flower":30,"Guide Book":27,"AT_PhaseBoots":31,"AT_BladeRuinedKing":34,"Orichalcum":52,"Calling Bell":34,"AT_SpeedBoots":23,"HaiYi:Twilight":0,"CrazyTorch:ReiMu":28,"Snack Pack":11,"Bag of Marbles":38,"Technique":23,"Grinning Jar":24},{"Darkstone Periapt":24,"AT_ATBox":0,"DaveBox":0,"AT_MibuBalloonWealth":5,"champ:ChampionCrown":0,"downfall:HeartBlessingGreen":9,"Painkiller Herb":12,"ice":0,"Pet Ghost":27,"SynthV:C4":27,"Shovel":24,"downfall:HeartBlessingBlue":9,"DollysMirror":34,"Replay:Wax Seal":30,"InkBottle":34,"ReplayTheSpireMod:Ninjato":34,"downfall:HeartBlessingRed":9,"Happy Flower":21,"Guide Book":18,"AT_PhaseBoots":22,"AT_BladeRuinedKing":24,"Orichalcum":34,"Calling Bell":24,"AT_SpeedBoots":16,"HaiYi:Twilight":0,"CrazyTorch:ReiMu":19,"Snack Pack":8,"Bag of Marbles":26,"Technique":16,"Grinning Jar":16},{"Darkstone Periapt":65,"AT_ATBox":0,"DaveBox":0,"AT_MibuBalloonWealth":13,"champ:ChampionCrown":0,"downfall:HeartBlessingGreen":21,"Painkiller Herb":33,"ice":0,"Pet Ghost":72,"SynthV:C4":72,"Shovel":65,"downfall:HeartBlessingBlue":21,"DollysMirror":87,"Replay:Wax Seal":78,"InkBottle":87,"ReplayTheSpireMod:Ninjato":87,"downfall:HeartBlessingRed":21,"Happy Flower":58,"Guide Book":52,"AT_PhaseBoots":59,"AT_BladeRuinedKing":65,"Orichalcum":87,"Calling Bell":65,"AT_SpeedBoots":46,"HaiYi:Twilight":0,"CrazyTorch:ReiMu":54,"Snack Pack":20,"Bag of Marbles":70,"Technique":46,"Grinning Jar":46}],"InkBottle":[6]},"card_choices":[{"not_picked":["champ:Backstep","champ:Encircle"],"picked":"champ:FanOfKnives","floor":2},{"not_picked":["champ:AdrenalArmor","champ:FlashCut"],"picked":"champ:PreciseThrust","floor":3},{"not_picked":["champ:RapidStrikes","champ:HeartStrike"],"picked":"champ:ViciousMockery","floor":4},{"not_picked":["champ:ShieldSigil","champ:Parry"],"picked":"champ:GutPunch","floor":5},{"not_picked":["champ:PreemptiveStrike","champ:GladiatorStyle"],"picked":"champ:EnchantCrown","floor":6},{"not_picked":["champ:TornadoPunch","champ:PreciseThrust"],"picked":"champ:FaceSlap","floor":9},{"not_picked":["champ:BringItOn","champ:EnGarde"],"picked":"champ:ShieldSigil","floor":10},{"not_picked":["champ:ViciousMockery","champ:SkillfulDodge"],"picked":"champ:BerserkersShout","floor":11},{"not_picked":["champ:GladiatorStyle","champ:TornadoPunch"],"picked":"champ:AdrenalArmor","floor":12},{"not_picked":["champ:Haymaker","champ:StanceDance"],"picked":"champ:RageSigil","floor":14},{"not_picked":["champ:DancingMaster","champ:ShieldWall"],"picked":"champ:FanOfKnives","floor":15},{"not_picked":["champ:Devastate","champ:UltimateStance"],"picked":"champ:VampiricStrike","floor":16},{"not_picked":["champ:FalseCounter+1","champ:Backstep"],"picked":"champ:BerserkersShout","floor":19},{"not_picked":["champ:FocusedDefense","champ:Endure"],"picked":"champ:CrownThrow","floor":21},{"not_picked":["champ:ShieldWall","champ:Shatter"],"picked":"champ:GutPunch","floor":22},{"not_picked":["champ:Circumvent","champ:BladeFlurry","champ:PerfectedStrike+1"],"picked":"SKIP","floor":23},{"not_picked":["champ:CrownThrow","champ:PerfectedStrike+1"],"picked":"champ:RapidStrikes","floor":25},{"not_picked":["champ:ShieldThrow","champ:Parry+1"],"picked":"champ:GutPunch","floor":27},{"not_picked":["champ:DefensiveShout","champ:Endure"],"picked":"champ:EnchantCrown","floor":28},{"not_picked":["champ:Duel","champ:StanceDance"],"picked":"champ:BerserkersShout+1","floor":29},{"not_picked":["champ:PerfectedStrike","champ:ShieldWall"],"picked":"champ:HeartStrike","floor":30},{"not_picked":["champ:Parry","champ:CalledShot+1","champ:BladeFlurry"],"picked":"SKIP","floor":31},{"not_picked":["champ:FocusedDefense+1","champ:Encircle+1"],"picked":"champ:BerserkersShout+1","floor":32},{"not_picked":["champ:EnchantShield","champ:VampiricStrike"],"picked":"champ:HeavySlash","floor":33},{"not_picked":["champ:EnGarde+1","champ:DefensiveShout"],"picked":"champ:ShieldSigil+1","floor":36},{"not_picked":["champ:Shatter+1","champ:CrownThrow+1"],"picked":"champ:EndlessRage","floor":37},{"not_picked":["champ:IronFortress+1","champ:Lariat"],"picked":"champ:BerserkerStyle","floor":40},{"not_picked":["champ:ArenaPreparation+1","champ:GladiatorForm"],"picked":"champ:FanOfKnives+1","floor":43},{"not_picked":["champ:CrownThrow","champ:GutPunch+1"],"picked":"champ:HeartStrike+1","floor":44},{"not_picked":["champ:GladiatorStyle","champ:Backstep"],"picked":"champ:EndlessRage+1","floor":45},{"not_picked":["champ:PerfectedStrike","champ:Circumvent+1"],"picked":"champ:BerserkersShout+1","floor":48},{"not_picked":["champ:CalledShot","champ:StanceDance+1"],"picked":"champ:AdrenalArmor+1","floor":49},{"not_picked":["champ:Circumvent+1","champ:TornadoPunch+1"],"picked":"champ:MurderStrike","floor":52}],"player_experience":152028,"relics_obtained":[{"floor":6,"key":"AT_MibuBalloonWealth"},{"floor":11,"key":"Snack Pack"},{"floor":24,"key":"Grinning Jar"},{"floor":28,"key":"CrazyTorch:ReiMu"},{"floor":30,"key":"Happy Flower"},{"floor":34,"key":"AT_BladeRuinedKing"},{"floor":34,"key":"Darkstone Periapt"},{"floor":34,"key":"Shovel"},{"floor":40,"key":"Pet Ghost"},{"floor":41,"key":"SynthV:C4"},{"floor":52,"key":"Orichalcum"}],"event_choices":[{"damage_healed":0,"gold_gain":0,"player_choice":"Ignored","damage_taken":0,"max_hp_gain":0,"max_hp_loss":0,"event_name":"NoteForYourself","floor":8,"gold_loss":0},{"cards_removed":["champ:FaceSlap"],"damage_healed":0,"gold_gain":0,"player_choice":"Removed Attack","damage_taken":0,"max_hp_gain":0,"max_hp_loss":0,"event_name":"Falling","floor":39,"gold_loss":0}],"is_beta":false,"boss_relics":[{"not_picked":["ReplayTheSpireMod:DimensionalGlitch","Velvet Choker"],"picked":"Painkiller Herb"},{"not_picked":["RedLine:ReiMu","Tiny House"],"picked":"Calling Bell"}],"items_purged_floors":[3,3,3,3,23,23,23,27,27,27,46,46],"is_endless":false,"potions_floor_spawned":[4,6,11,12,15,16,19,22,25,30,40,43,44,45,49],"ascension_level":0}}