{"host":"f7rb14kzcw8hx1r1","time":1614205800,"event":{"mods":["BaseMod","Better Note","Better Third Choice","Colored Map","Curses Come First","Highlight Path","Hubris","Minty Spire (QoL Compilation)","Reliquary","Replay The Spire","StSLib","The Forsaken"],"gold_per_floor":[114,114,126,126,0,0,0,0,27,45,45,84,84,84,84,212,212,235,235,3,16,16,55,55,94,118,18,38,57,57,72,72,193,193,207,207,228,30,45,81,81,81,108,108,108,108,108,143,143,143],"floor_reached":51,"language":"ENG","playtime":1509,"items_purged":["Strike_B","Strike_B","Defend_B"],"score":837,"play_id":"e491a20f-0a62-4a3f-8492-f1c54bd617aa","local_time":"20210224233000","is_ascension_mode":false,"campfire_choices":[{"data":"Zap","floor":6.0,"key":"SMITH"},{"data":"Coolheaded","floor":8.0,"key":"SMITH"},{"data":"Tempest","floor":11.0,"key":"SMITH"},{"data":"Ball Lightning","floor":15.0,"key":"SMITH"},{"data":"ReplayTheSpireMod:Calculation Training","floor":24.0,"key":"SMITH"},{"data":"Defragment","floor":30.0,"key":"SMITH"},{"data":"Beam Cell","floor":32.0,"key":"SMITH"},{"data":"Buffer","floor":42,"key":"SMITH"},{"data":"Conserve Battery","floor":45,"key":"SMITH"},{"data":"Reinforced Body","floor":47,"key":"SMITH"},{"data":"Mirror Shield","floor":49,"key":"SMITH"}],"circlet_count":0,"master_deck":["Defend_B","Defend_B","Defend_B","Zap+1","Dualcast+1","Ball Lightning+1","Tempest+1","Coolheaded+1","FTL+1","Compile Driver","ReplayTheSpireMod:Calculation Training+1","Beam Cell+1","Core Surge","Defragment+1","Gash","Conserve Battery+1","Loop+1","Biased Cognition","Hologram+1","Reinforced Body+1","Buffer+1","Coolheaded+1","Cold Snap","Leap","Mirror Shield+1"],"relics":["FrozenCore","Golden Idol","Mummified Hand","Oddly Smooth Stone","Shuriken","Runic Capacitor","Vajra","Pear","Boot","Coffee Dripper","Replay:PocketPolymizer","Smiling Mask","reliquary:Aerogel","Replay:Wax Seal"],"acts_visited":["Exordium","TheCity","TheBeyond"],"potions_floor_usage":[40],"damage_taken":[{"damage":2.0,"enemies":"Small Slimes","floor":1.0,"turns":4.0},{"damage":0.0,"enemies":"2 Louse","floor":3.0,"turns":1.0},{"damage":0.0,"enemies":"Jaw Worm","floor":10.0,"turns":3.0},{"damage":0.0,"enemies":"Gremlin Nob","floor":12.0,"turns":2.0},{"damage":6.0,"enemies":"Slime Boss","floor":16.0,"turns":8.0},{"damage":23.0,"enemies":"2 Thieves","floor":18.0,"turns":4.0},{"damage":0.0,"enemies":"Spheric Guardian","floor":21.0,"turns":3.0},{"damage":5.0,"enemies":"Book of Stabbing","floor":23.0,"turns":5.0},{"damage":17.0,"enemies":"Gremlin Leader","floor":25.0,"turns":6.0},{"damage":12.0,"enemies":"Snake Plant","floor":28.0,"turns":3.0},{"damage":6.0,"enemies":"Chosen and Byrds","floor":29.0,"turns":5.0},{"damage":0.0,"enemies":"Cultist and Chosen","floor":31.0,"turns":4.0},{"damage":19.0,"enemies":"Collector","floor":33.0,"turns":8.0},{"damage":0.0,"enemies":"3 Shapes","floor":35.0,"turns":3.0},{"damage":25.0,"enemies":"3 Darklings","floor":37.0,"turns":5.0},{"damage":2,"enemies":"Spire Growth","floor":39,"turns":4},{"damage":37,"enemies":"Reptomancer","floor":40,"turns":6},{"damage":0,"enemies":"Giant Head","floor":48,"turns":7},{"damage":9,"enemies":"Time Eater","floor":50,"turns":11}],"seed_played":"-3721590303931403423","potions_obtained":[{"floor":0.0,"key":"AttackPotion"},{"floor":0.0,"key":"Doom Potion"},{"floor":0.0,"key":"Cursed Concoction"},{"floor":3.0,"key":"AttackPotion"},{"floor":10.0,"key":"FearPotion"},{"floor":16.0,"key":"Fire Potion"},{"floor":21.0,"key":"AttackPotion"},{"floor":23.0,"key":"LifebloodPotion"},{"floor":33.0,"key":"SpeedPotion"},{"floor":37.0,"key":"LifebloodPotion"},{"floor":40,"key":"Block Potion"}],"is_trial":false,"path_per_floor":["M","?","M","?","$","R","T","R","T","M","R","E","?","?","R","B",null,"M","?","$","M","?","E","R","E","T","$","M","M","R","M","R","B",null,"M","?","M","$","M","E","$","R","T","?","R","T","R","E","R","B",null],"character_chosen":"DEFECT","items_purchased":["Coolheaded","Runic Capacitor","ReplayTheSpireMod:Calculation Training","Buffer"],"campfire_rested":0,"item_purchase_floors":[5,20,20,38],"current_hp_per_floor":[73,58,58,40,40,40,40,40,40,40,40,40,45,45,45,39,80,57,80,80,80,80,75,75,68,68,68,56,50,50,50,50,31,90,90,90,65,65,63,26,26,26,26,26,26,26,26,26,26,17],"gold":143,"neow_bonus":"THREE_SMALL_POTIONS","is_daily":false,"chose_seed":false,"campfire_upgraded":11,"win_rate":0.0,"timestamp":1614205800,"path_taken":["M","?","M","?","$","R","?","R","T","M","R","E","?","?","R","BOSS","M","?","$","?","?","E","R","E","T","$","?","M","R","?","R","BOSS","M","?","M","$","?","E","?","R","T","?","R","?","R","E","R","BOSS"],"items_purchased_type":["Card","Relic","Card","Card"],"build_version":"2020-12-22","purchased_purges":3,"victory":true,"max_hp_per_floor":[75,75,75,75,75,75,75,75,75,75,75,75,80,80,80,80,80,80,80,80,80,80,80,80,90,90,90,90,90,90,90,90,90,90,90,90,90,90,90,90,90,90,90,90,90,90,90,90,90,90],"card_choices":[{"not_picked":["Go for the Eyes","Time Bomb"],"picked":"Ball Lightning","floor":1.0},{"not_picked":["Sweeping Beam","Stack"],"picked":"Tempest","floor":3.0},{"not_picked":["hubris:Ukulele","ReplayTheSpireMod:GoodbyeWorld","Streamline"],"picked":"SKIP","floor":10.0},{"not_picked":["Stack","Meteor Strike"],"picked":"FTL","floor":12.0},{"not_picked":["Doom and Gloom+1","Stack"],"picked":"Compile Driver","floor":18.0},{"not_picked":["Steam Power","Conserve Battery+1"],"picked":"Beam Cell","floor":21.0},{"not_picked":["Darkness","Steam","Consume"],"picked":"SKIP","floor":23.0},{"not_picked":["Coolheaded","ReplayTheSpireMod:Repulse"],"picked":"Defragment","floor":25.0},{"not_picked":["Go for the Eyes","Streamline+1"],"picked":"Gash","floor":28.0},{"not_picked":["ReplayTheSpireMod:Reroute Power+1","Heatsinks"],"picked":"Conserve Battery","floor":29.0},{"not_picked":["Crystallizer+1","ReplayGash"],"picked":"Loop+1","floor":31.0},{"not_picked":["hubris:DoWhile","hubris:Prefetch"],"picked":"Biased Cognition","floor":33.0},{"not_picked":["Aggregate+1","Stack+1"],"picked":"Hologram+1","floor":35.0},{"not_picked":["Scrape+1","Blizzard","Time Bomb+1"],"picked":"SKIP","floor":37.0},{"not_picked":["Reprogram","Barrage"],"picked":"Coolheaded+1","floor":39},{"not_picked":["ReplayRNGCard","Crystallizer"],"picked":"Cold Snap","floor":40},{"not_picked":["ReplayTheSpireMod:Reroute Power+1","Redo"],"picked":"Mirror Shield","floor":48}],"player_experience":995909,"relics_obtained":[{"floor":7.0,"key":"Mummified Hand"},{"floor":9.0,"key":"Oddly Smooth Stone"},{"floor":12.0,"key":"Shuriken"},{"floor":23.0,"key":"Vajra"},{"floor":25.0,"key":"Pear"},{"floor":26.0,"key":"Boot"},{"floor":40,"key":"Replay:PocketPolymizer"},{"floor":43,"key":"Smiling Mask"},{"floor":46,"key":"reliquary:Aerogel"},{"floor":48,"key":"Replay:Wax Seal"}],"event_choices":[{"damage_healed":73.0,"max_hp_gain":0.0,"max_hp_loss":75.0,"gold_gain":0.0,"event_name":"betterThird:BetterShining","player_choice":"Upgrade","floor":2.0,"gold_loss":0.0,"damage_taken":15.0,"cards_upgraded":["Dualcast","Strike_B"]},{"damage_healed":0.0,"max_hp_gain":0.0,"max_hp_loss":0.0,"gold_gain":0.0,"event_name":"Golden Idol","player_choice":"Take Damage","floor":4.0,"gold_loss":0.0,"damage_taken":18.0,"relics_obtained":["Golden Idol"]},{"damage_healed":0.0,"max_hp_gain":5.0,"max_hp_loss":0.0,"gold_gain":0.0,"event_name":"Big Fish","player_choice":"Donut","floor":13.0,"gold_loss":0.0,"damage_taken":0.0},{"damage_healed":23.0,"max_hp_gain":0.0,"max_hp_loss":0.0,"gold_gain":0.0,"event_name":"Wheel of Change","player_choice":"Full Heal","floor":19.0,"gold_loss":0.0,"damage_taken":0.0},{"cards_removed":["Ball Lightning"],"damage_healed":0.0,"max_hp_gain":0.0,"max_hp_loss":0.0,"gold_gain":0.0,"event_name":"betterNote:BetterNote","player_choice":"Take \u0026 Give","floor":22.0,"gold_loss":0.0,"damage_taken":0.0,"cards_obtained":["Core Surge"]},{"damage_healed":0.0,"max_hp_gain":0.0,"max_hp_loss":0.0,"gold_gain":0.0,"cards_transformed":["Strike_B"],"event_name":"Transmorgrifier","player_choice":"Transformed","floor":36.0,"gold_loss":0.0,"damage_taken":0.0,"cards_obtained":["Reinforced Body"]}],"is_beta":false,"boss_relics":[{"not_picked":["Astrolabe","Kintsugi"],"picked":"FrozenCore"},{"not_picked":["reliquary:RustamsPendant","Empty Cage"],"picked":"Coffee Dripper"}],"items_purged_floors":[5,27,38],"is_endless":false,"potions_floor_spawned":[3,10,16,21,23,33,37,40],"ascension_level":0}}