{"host":"p0hktren06injwdf","time":1614184974,"event":{"mods":["AchievementEnabler","BaseMod","Colored Map","DeckTracker","Minty Spire (QoL Compilation)","Permanent Neow","StSLib","SuperFastMode"],"gold_per_floor":[359,65,65,65,80,115,115,115,115,126,36,36,36,55,55,128,128,140,150,167,167,92,92,123,123,123,123,134,159,169,179,179,179,179],"floor_reached":33,"language":"KOR","playtime":675,"items_purged":["Strike_G"],"score":570,"play_id":"3b5c2fa7-48c3-4b0f-b7a2-cd5478e7a005","local_time":"20210225014254","is_ascension_mode":true,"campfire_choices":[{"data":"Neutralize","floor":8.0,"key":"SMITH"},{"data":"Bandage Up","floor":12.0,"key":"SMITH"},{"data":"Footwork","floor":15.0,"key":"SMITH"},{"data":"Blade Dance","floor":23.0,"key":"SMITH"},{"data":"Terror","floor":25.0,"key":"SMITH"},{"floor":27.0,"key":"REST"},{"floor":32.0,"key":"REST"}],"circlet_count":0,"master_deck":["AscendersBane","Strike_G","Strike_G","Strike_G","Defend_G","Defend_G","Defend_G","Defend_G","Defend_G","Survivor","Neutralize+1","Escape Plan","Dagger Spray","Footwork+1","Slice","Dagger Throw","Blade Dance+1","Bandage Up+1","Backflip","After Image","Infinite Blades","Terror+1","Corpse Explosion","Blade Dance","Dodge and Roll"],"relics":["Ring of the Snake","Ornamental Fan","Vajra","Art of War","WristBlade","InkBottle","Smiling Mask","Prayer Wheel"],"acts_visited":["Exordium","TheCity"],"potions_floor_usage":[33],"damage_taken":[{"damage":5.0,"enemies":"Cultist","floor":1.0,"turns":6.0},{"damage":0.0,"enemies":"Jaw Worm","floor":5.0,"turns":6.0},{"damage":42.0,"enemies":"3 Sentries","floor":6.0,"turns":12.0},{"damage":2.0,"enemies":"Small Slimes","floor":10.0,"turns":3.0},{"damage":0.0,"enemies":"2 Fungi Beasts","floor":14.0,"turns":3.0},{"damage":13.0,"enemies":"The Guardian","floor":16.0,"turns":16.0},{"damage":0.0,"enemies":"3 Byrds","floor":18.0,"turns":7.0},{"damage":7.0,"enemies":"2 Thieves","floor":19.0,"turns":4.0},{"damage":29.0,"enemies":"Snecko","floor":20.0,"turns":7.0},{"damage":15.0,"enemies":"Slavers","floor":24.0,"turns":6.0},{"damage":22.0,"enemies":"3 Cultists","floor":28.0,"turns":5.0},{"damage":25.0,"enemies":"Book of Stabbing","floor":29.0,"turns":5.0},{"damage":10.0,"enemies":"Chosen and Byrds","floor":30.0,"turns":6.0},{"damage":3.0,"enemies":"Sentry and Sphere","floor":31.0,"turns":5.0},{"damage":11,"enemies":"Champ","floor":33,"turns":8}],"seed_played":"-6026417032370450648","potions_obtained":[{"floor":1.0,"key":"SkillPotion"},{"floor":6.0,"key":"FearPotion"},{"floor":16.0,"key":"DistilledChaos"},{"floor":20.0,"key":"SkillPotion"},{"floor":28.0,"key":"SkillPotion"},{"floor":29.0,"key":"DistilledChaos"},{"floor":30.0,"key":"Poison Potion"}],"is_trial":false,"path_per_floor":["M","$","?","?","M","E","?","R","T","M","$","R","?","M","R","B",null,"M","M","M","?","$","R","E","R","T","R","M","E","M","M","R","B"],"character_chosen":"THE_SILENT","items_purchased":["Ornamental Fan","Dagger Spray","Bandage Up"],"campfire_rested":2,"item_purchase_floors":[2,2,11],"current_hp_per_floor":[54,54,54,54,54,12,32,32,32,30,30,30,30,36,36,29,52,58,57,34,34,34,34,25,25,25,43,27,8,4,7,25,20,20],"gold":179,"neow_bonus":"TWO_FIFTY_GOLD","is_daily":false,"chose_seed":false,"campfire_upgraded":5,"win_rate":0.0,"timestamp":1614184974,"path_taken":["M","$","?","?","M","E","?","R","T","M","$","R","?","M","R","BOSS","M","M","M","?","$","R","E","R","T","R","M","E","M","M","R","BOSS"],"items_purchased_type":["Relic","Card","Card"],"build_version":"2020-12-22","purchased_purges":1,"victory":false,"max_hp_per_floor":[60,60,60,60,60,60,60,60,60,60,60,60,60,60,60,60,60,60,60,60,60,60,60,60,60,60,60,60,60,60,60,60,60,60],"card_choices":[{"not_picked":["Masterful Stab","Prepared"],"picked":"Escape Plan","floor":1.0},{"not_picked":["Outmaneuver","Underhanded Strike"],"picked":"Slice","floor":5.0},{"not_picked":["Tactician","Flying Knee"],"picked":"Dagger Throw","floor":6.0},{"not_picked":["Prepared","Sucker Punch"],"picked":"Blade Dance","floor":10.0},{"not_picked":["Noxious Fumes","Catalyst"],"picked":"Backflip","floor":14.0},{"not_picked":["Adrenaline","Glass Knife"],"picked":"After Image","floor":16.0},{"not_picked":["Bane","Slice","Predator+1"],"picked":"SKIP","floor":18.0},{"not_picked":["Catalyst","Slice"],"picked":"Infinite Blades","floor":19.0},{"not_picked":["Acrobatics","PiercingWail"],"picked":"Terror","floor":20.0},{"not_picked":["Infinite Blades","Endless Agony"],"picked":"Corpse Explosion","floor":24.0},{"not_picked":["Deadly Poison","Terror","Sucker Punch"],"picked":"SKIP","floor":28.0},{"not_picked":["Riddle With Holes","PiercingWail+1"],"picked":"Blade Dance","floor":29.0},{"not_picked":["Distraction","Concentrate+1","Reflex"],"picked":"SKIP","floor":30.0},{"not_picked":["Poisoned Stab","Backflip","Crippling Poison"],"picked":"SKIP","floor":30.0},{"not_picked":["Dagger Spray","Deadly Poison+1"],"picked":"Dodge and Roll","floor":31.0},{"not_picked":["Flechettes","Catalyst","Quick Slash"],"picked":"SKIP","floor":31.0}],"player_experience":1110779,"relics_obtained":[{"floor":6.0,"key":"Vajra"},{"floor":9.0,"key":"Art of War"},{"floor":24.0,"key":"InkBottle"},{"floor":26.0,"key":"Smiling Mask"},{"floor":29.0,"key":"Prayer Wheel"}],"event_choices":[{"damage_healed":0.0,"max_hp_gain":0.0,"max_hp_loss":0.0,"gold_gain":0.0,"event_name":"Shining Light","player_choice":"Ignored","floor":3.0,"gold_loss":0.0,"damage_taken":0.0},{"damage_healed":0.0,"max_hp_gain":0.0,"max_hp_loss":0.0,"gold_gain":0.0,"cards_transformed":["Strike_G"],"event_name":"Living Wall","player_choice":"Change","floor":4.0,"gold_loss":0.0,"damage_taken":0.0,"cards_obtained":["Footwork"]},{"damage_healed":20.0,"max_hp_gain":0.0,"max_hp_loss":0.0,"gold_gain":0.0,"event_name":"Big Fish","player_choice":"Banana","floor":7.0,"gold_loss":0.0,"damage_taken":0.0},{"damage_healed":0.0,"max_hp_gain":0.0,"max_hp_loss":0.0,"gold_gain":0.0,"event_name":"Scrap Ooze","player_choice":"Fled","floor":13.0,"gold_loss":0.0,"damage_taken":0.0},{"damage_healed":0.0,"max_hp_gain":0.0,"max_hp_loss":0.0,"gold_gain":0.0,"event_name":"The Mausoleum","player_choice":"Ignored","floor":21.0,"gold_loss":0.0,"damage_taken":0.0}],"is_beta":false,"boss_relics":[{"not_picked":["Pandora\u0027s Box","Snecko Eye"],"picked":"WristBlade"}],"items_purged_floors":[22],"is_endless":false,"potions_floor_spawned":[1,6,16,20,28,29,30],"killed_by":"Champ","ascension_level":20}}