{"host":"t70wq1ra4aiquu37","time":1614173930,"event":{"mods":["Astrologer","BaseMod","Custom Start","KinomotoSakuraMod(ƒæ÷Æ±æ”£)","Koishi","Marisa£®ÏF”Í°°ƒß¿Ì…≥£©","Minty Spire (QoL Compilation)","Remilia£®¿Ÿ√◊¿Ú—«£©","StSLib","The Servant 0.9.4","Youmu£®ªÍ∆«—˝√Œ£©"],"gold_per_floor":[112,112,122,122,122,147,164,164,164,195,195,205,205,130,130,229,229,243,97,97,109,124,124,151,164,164,176,202,219,238,238,250,361,423,451,217,262,262,277,277,277,311,384,384,244,244,262,60,60,60],"floor_reached":51,"language":"ZHS","playtime":2410,"items_purged":["Strike_R","Defend_R","Defend_R","Defend_R"],"score":978,"play_id":"5846f169-2f25-4e86-8b14-59c1a260fa3b","local_time":"20210224213850","is_ascension_mode":true,"campfire_choices":[{"data":"Clash","floor":8.0,"key":"SMITH"},{"data":"Pommel Strike","floor":11.0,"key":"SMITH"},{"data":"Iron Wave","floor":15.0,"key":"SMITH"},{"data":"Double Tap","floor":23.0,"key":"SMITH"},{"data":"Rage","floor":32.0,"key":"SMITH"},{"data":"Barricade","floor":40.0,"key":"SMITH"},{"data":"Iron Wave","floor":44.0,"key":"SMITH"},{"data":"Twin Strike","floor":49,"key":"SMITH"}],"circlet_count":0,"master_deck":["Strike_R","Strike_R","Strike_R","Bash+1","Clash+1","Pommel Strike+1","Iron Wave+1","Feed","Shrug It Off","Double Tap+1","Metallicize","Inflame","Rage+1","Pommel Strike+1","Rage+1","Iron Wave+1","Twin Strike+1","Barricade+1","Body Slam+1","Clash+1","Trip","Iron Wave+1"],"relics":["Burning Blood","NeowsBlessing","FossilizedHelix","TungstenRod","Ancient Tea Set","Gremlin Horn","Coffee Dripper","Oddly Smooth Stone","Question Card","White Beast Statue","MawBank","Tiny House","Lantern","Unceasing Top","Incense Burner","The Courier"],"acts_visited":["Exordium","TheCity","TheBeyond"],"potions_floor_usage":[50,50,50],"damage_taken":[{"damage":0.0,"enemies":"2 Louse","floor":1.0,"turns":1.0},{"damage":0.0,"enemies":"Small Slimes","floor":3.0,"turns":1.0},{"damage":0.0,"enemies":"Lagavulin","floor":6.0,"turns":1.0},{"damage":0.0,"enemies":"Cultist","floor":7.0,"turns":3.0},{"damage":0.0,"enemies":"Gremlin Nob","floor":10.0,"turns":3.0},{"damage":11.0,"enemies":"Large Slime","floor":12.0,"turns":4.0},{"damage":9.0,"enemies":"Slime Boss","floor":16.0,"turns":9.0},{"damage":0.0,"enemies":"2 Thieves","floor":18.0,"turns":3.0},{"damage":0.0,"enemies":"3 Byrds","floor":21.0,"turns":6.0},{"damage":4.0,"enemies":"3 Cultists","floor":22.0,"turns":5.0},{"damage":29.0,"enemies":"Gremlin Leader","floor":24.0,"turns":5.0},{"damage":34.0,"enemies":"Snecko","floor":25.0,"turns":6.0},{"damage":0.0,"enemies":"Shelled Parasite and Fungi","floor":27.0,"turns":4.0},{"damage":43.0,"enemies":"Book of Stabbing","floor":28.0,"turns":7.0},{"damage":4.0,"enemies":"Centurion and Healer","floor":29.0,"turns":7.0},{"damage":0.0,"enemies":"Chosen and Byrds","floor":30.0,"turns":5.0},{"damage":31.0,"enemies":"Champ","floor":33.0,"turns":9.0},{"damage":0.0,"enemies":"3 Shapes","floor":35.0,"turns":4.0},{"damage":63.0,"enemies":"2 Orb Walkers","floor":37.0,"turns":7.0},{"damage":0.0,"enemies":"Orb Walker","floor":39.0,"turns":3.0},{"damage":12.0,"enemies":"Giant Head","floor":42.0,"turns":6.0},{"damage":2,"enemies":"Sphere and 2 Shapes","floor":47,"turns":6},{"damage":0,"enemies":"Time Eater","floor":50,"turns":6}],"seed_played":"2916296211820077425","potions_obtained":[{"floor":3.0,"key":"Fire Potion"},{"floor":10.0,"key":"Energy Potion"},{"floor":12.0,"key":"DuplicationPotion"},{"floor":22.0,"key":"Dexterity Potion"},{"floor":25.0,"key":"DistilledChaos"},{"floor":27.0,"key":"EntropicBrew"},{"floor":29.0,"key":"Regen Potion"},{"floor":30.0,"key":"DistilledChaos"},{"floor":33.0,"key":"Weak Potion"},{"floor":34.0,"key":"Weak Potion"},{"floor":35.0,"key":"Ancient Potion"},{"floor":37.0,"key":"Weak Potion"},{"floor":39.0,"key":"FearPotion"}],"is_trial":false,"path_per_floor":["M","?","M","?","?","E","M","R","T","E","R","M","T","$","R","B",null,"M","$","?","M","M","R","E","M","T","M","E","M","M","?","R","B",null,"M","$","?","?","M","R","?","E","T","R","$","?","M","$","R","B",null],"character_chosen":"IRONCLAD","items_purchased":["Double Tap","Lantern","Strength Potion","HeartOfIron"],"campfire_rested":0,"item_purchase_floors":[19,36,45,48],"current_hp_per_floor":[80,80,80,73,73,79,80,80,80,80,80,75,75,75,75,72,80,83,83,83,83,86,86,63,38,38,44,24,29,52,52,52,27,100,103,103,46,46,52,52,52,46,46,46,46,46,53,53,53,62],"gold":60,"neow_bonus":"THREE_ENEMY_KILL","is_daily":false,"chose_seed":false,"campfire_upgraded":8,"win_rate":0.0,"timestamp":1614173930,"path_taken":["M","?","M","?","?","E","M","R","T","E","R","M","?","$","R","BOSS","M","?","?","M","?","R","E","M","T","M","E","?","M","?","R","BOSS","M","$","?","?","?","R","?","E","T","R","$","?","M","?","R","BOSS"],"items_purchased_type":["Card","Relic","Potion","Potion"],"build_version":"2020-12-22","purchased_purges":4,"victory":true,"max_hp_per_floor":[80,80,80,80,80,80,80,80,80,80,80,80,80,80,80,80,80,83,83,83,83,86,86,86,89,89,89,89,92,95,95,95,95,100,103,103,103,103,103,103,103,103,103,103,103,98,101,101,101,104],"card_choices":[{"not_picked":["Wild Strike","Clothesline","Headbutt"],"picked":"SKIP","floor":1.0},{"not_picked":["Havoc","Battle Trance","Disarm"],"picked":"SKIP","floor":3.0},{"not_picked":["Reaper","Burning Pact"],"picked":"Clash","floor":6.0},{"not_picked":["Thunderclap","Sword Boomerang"],"picked":"Pommel Strike","floor":7.0},{"not_picked":["Armaments","Blood for Blood"],"picked":"Iron Wave","floor":10.0},{"not_picked":["Flex","Havoc","Blood for Blood"],"picked":"SKIP","floor":12.0},{"not_picked":["Demon Form","Reaper"],"picked":"Feed","floor":16.0},{"not_picked":["Clothesline","Spot Weakness"],"picked":"Shrug It Off","floor":18.0},{"not_picked":["Pummel","Clothesline+1","True Grit"],"picked":"SKIP","floor":21.0},{"not_picked":["Body Slam","Intimidate"],"picked":"Inflame","floor":22.0},{"not_picked":["Burning Pact","Body Slam"],"picked":"Rage+1","floor":24.0},{"not_picked":["Pummel","Inflame"],"picked":"Pommel Strike+1","floor":25.0},{"not_picked":["True Grit","Dark Embrace+1","Havoc"],"picked":"Rage","floor":27.0},{"not_picked":["Corruption","Cleave","Inflame"],"picked":"Iron Wave","floor":28.0},{"not_picked":["Anger","Wild Strike","Warcry","Armaments+1"],"picked":"SKIP","floor":29.0},{"not_picked":["Spot Weakness","True Grit","Shockwave"],"picked":"Twin Strike","floor":30.0},{"not_picked":["Berserk","Exhume","Fiend Fire"],"picked":"Barricade","floor":33.0},{"not_picked":["Havoc+1","Flex+1","Dual Wield+1"],"picked":"Body Slam+1","floor":35.0},{"not_picked":["Body Slam+1","Havoc+1","Wild Strike","True Grit+1"],"picked":"SKIP","floor":39.0},{"not_picked":["Thinking Ahead","Secret Weapon","Chrysalis"],"picked":"Trip","floor":41.0},{"not_picked":["Cleave","Anger","Wild Strike"],"picked":"Iron Wave+1","floor":42.0},{"not_picked":["Burning Pact","Iron Wave","Ghostly Armor+1","Flex+1"],"picked":"SKIP","floor":47}],"player_experience":113506,"relics_obtained":[{"floor":6.0,"key":"FossilizedHelix"},{"floor":9.0,"key":"TungstenRod"},{"floor":10.0,"key":"Ancient Tea Set"},{"floor":13.0,"key":"Gremlin Horn"},{"floor":24.0,"key":"Oddly Smooth Stone"},{"floor":26.0,"key":"Question Card"},{"floor":28.0,"key":"White Beast Statue"},{"floor":37.0,"key":"Unceasing Top"},{"floor":42.0,"key":"Incense Burner"},{"floor":43.0,"key":"The Courier"}],"event_choices":[{"cards_removed":["Defend_R"],"damage_healed":0.0,"max_hp_gain":0.0,"max_hp_loss":0.0,"gold_gain":0.0,"event_name":"Living Wall","player_choice":"Forget","floor":2.0,"gold_loss":0.0,"damage_taken":0.0},{"cards_removed":["Strike_R"],"damage_healed":0.0,"max_hp_gain":0.0,"max_hp_loss":0.0,"gold_gain":0.0,"event_name":"Golden Wing","player_choice":"Card Removal","floor":4.0,"gold_loss":0.0,"damage_taken":7.0},{"damage_healed":0.0,"max_hp_gain":0.0,"max_hp_loss":0.0,"gold_gain":0.0,"event_name":"Shining Light","player_choice":"Ignored","floor":5.0,"gold_loss":0.0,"damage_taken":0.0},{"damage_healed":0.0,"max_hp_gain":0.0,"max_hp_loss":0.0,"gold_gain":0.0,"event_name":"Match and Keep!","player_choice":"1 cards matched","floor":20.0,"gold_loss":0.0,"damage_taken":0.0,"cards_obtained":["Metallicize"]},{"damage_healed":0.0,"max_hp_gain":0.0,"max_hp_loss":0.0,"gold_gain":0.0,"event_name":"Match and Keep!","player_choice":"1 cards matched","floor":20.0,"gold_loss":0.0,"damage_taken":0.0,"cards_obtained":["Metallicize"]},{"damage_healed":0.0,"max_hp_gain":0.0,"max_hp_loss":0.0,"gold_gain":0.0,"event_name":"The Mausoleum","player_choice":"Opened","floor":31.0,"gold_loss":0.0,"damage_taken":0.0,"relics_obtained":["MawBank"]},{"damage_healed":0.0,"max_hp_gain":0.0,"max_hp_loss":0.0,"gold_gain":0.0,"event_name":"Mysterious Sphere","player_choice":"Fight","floor":37.0,"gold_loss":0.0,"damage_taken":0.0},{"damage_healed":0.0,"max_hp_gain":0.0,"max_hp_loss":0.0,"gold_gain":0.0,"event_name":"Duplicator","player_choice":"Copied","floor":38.0,"gold_loss":0.0,"damage_taken":0.0,"cards_obtained":["Clash"]},{"damage_healed":0.0,"max_hp_gain":0.0,"max_hp_loss":0.0,"gold_gain":0.0,"event_name":"SensoryStone","player_choice":"Memory 1","floor":41.0,"gold_loss":0.0,"damage_taken":0.0},{"damage_healed":0.0,"max_hp_gain":0.0,"max_hp_loss":5.0,"gold_gain":0.0,"event_name":"Winding Halls","player_choice":"Max HP","floor":46.0,"gold_loss":0.0,"damage_taken":0.0}],"is_beta":false,"boss_relics":[{"not_picked":["Cursed Key","Runic Dome"],"picked":"Coffee Dripper"},{"not_picked":["Pandora\u0027s Box","Snecko Eye"],"picked":"Tiny House"}],"items_purged_floors":[14,36,45,48],"is_endless":false,"potions_floor_spawned":[3,10,12,22,25,27,29,30,33,35,37,39,42,47],"ascension_level":2}}