{"host":"m3apl2u15pwuvoez","time":1614171355,"event":{"mods":["Act Like it!","BaseMod","Minty Spire (QoL Compilation)","Replay The Spire","Ruina","StSLib"],"gold_per_floor":[116,116,128,78,95,95,110,110,137,156,185,201,201,42,42,140,140,150,161,111,131,131,131,163,198,198,198,6,6,18,31,31,136,136,149,149,20,30,80,114,114,60,107,107,107],"floor_reached":44,"language":"ENG","playtime":9070,"items_purged":["Defend_G"],"score":501,"play_id":"04e09c32-f13f-4031-aea5-0916f6119bff","local_time":"20210224065555","daily_mods":["Heirloom","Flight"],"is_ascension_mode":false,"campfire_choices":[{"data":"Neutralize","floor":6,"key":"SMITH"},{"data":"Noxious Fumes","floor":8,"key":"SMITH"},{"data":"All Out Attack","floor":13,"key":"SMITH"},{"data":"Strike_G","floor":15,"key":"PURGE"},{"floor":23,"key":"REST"},{"data":"Tools of the Trade","floor":27,"key":"SMITH"},{"floor":41,"key":"REST"}],"circlet_count":0,"master_deck":["Strike_G","Strike_G","Defend_G","Defend_G","Defend_G","Survivor","Neutralize+1","Dagger Throw","ReplayTheSpireMod:Scrap Shanks","Noxious Fumes+1","PiercingWail","Escape Plan","All Out Attack+1","Specialist","Tools of the Trade+1","Replay:Poison Smokescreen+1","Bane","Clumsy","Cloak And Dagger+1","Poisoned Stab","Deadly Poison","ruina:Smile","Acrobatics+1","Wraith Form v2","Prepared+1","Madness","Madness","Blur","ReplayTheSpireMod:Speed Training+1","Prepared+1","Heel Hook+1","Toxin Wave","Toxin Wave"],"relics":["Ring of the Snake","StoneCalendar","ReplayTheSpireMod:Ring of Addiction","Chameleon Ring","Toy Ornithopter","Ring of Hypnosis","Bronze Scales","Oddly Smooth Stone","SlaversCollar","ruina:FalsePresent","Replay:Accelerometer","Boot","Replay:Wax Seal","HoveringKite","Basket Of Snakes","TungstenRod","Dream Catcher"],"acts_visited":["Exordium","Exordium","TheBeyond"],"potions_floor_usage":[7,11,11,12,16,19,24,25,30,39],"damage_taken":[{"damage":5,"enemies":"Small Slimes","floor":1,"turns":4},{"damage":2,"enemies":"Jaw Worm","floor":3,"turns":6},{"damage":6,"enemies":"Cultist","floor":5,"turns":4},{"damage":0,"enemies":"Looter","floor":7,"turns":3},{"damage":0,"enemies":"Exordium Thugs","floor":10,"turns":5},{"damage":0,"enemies":"Gremlin Nob","floor":11,"turns":3},{"damage":7,"enemies":"2 Fungi Beasts","floor":12,"turns":4},{"damage":32,"enemies":"Fading Forest","floor":16,"turns":11},{"damage":16,"enemies":"ruina:3_Bats","floor":18,"turns":3},{"damage":8,"enemies":"ruina:2_Scarecrows","floor":19,"turns":4},{"damage":7,"enemies":"ruina:KingOfGreed","floor":21,"turns":5},{"damage":15,"enemies":"ruina:RoadHome","floor":24,"turns":7},{"damage":1,"enemies":"ruina:ServantOfWrath","floor":25,"turns":5},{"damage":7,"enemies":"ruina:KnightOfDespair","floor":30,"turns":4},{"damage":2,"enemies":"ruina:3_Scarecrows","floor":31,"turns":3},{"damage":89,"enemies":"ruina:Red_and_Wolf","floor":33,"turns":10},{"damage":28,"enemies":"3 Darklings","floor":35,"turns":3},{"damage":0,"enemies":"3 Shapes","floor":38,"turns":5},{"damage":0,"enemies":"Mind Bloom Boss Battle","floor":39,"turns":6},{"damage":18,"enemies":"Giant Head","floor":40,"turns":7},{"damage":25,"enemies":"Jaw Worm Horde","floor":44,"turns":1}],"seed_played":"-4281684669869500286","potions_obtained":[{"floor":1,"key":"Milkshake"},{"floor":2,"key":"LifebloodPotion"},{"floor":2,"key":"SmokeBomb"},{"floor":2,"key":"Swift Potion"},{"floor":5,"key":"ColorlessPotion"},{"floor":10,"key":"DuplicationPotion"},{"floor":12,"key":"Poison Potion"},{"floor":18,"key":"Strength Potion"},{"floor":20,"key":"Energy Potion"},{"floor":21,"key":"Weak Potion"},{"floor":24,"key":"Fire Potion"},{"floor":32,"key":"FairyPotion"},{"floor":32,"key":"FairyPotion"},{"floor":33,"key":"FearPotion"},{"floor":38,"key":"LiquidMemories"},{"floor":39,"key":"BlessingOfTheForge"}],"is_trial":true,"path_per_floor":["M","?","M","?","M","R","M","R","T","M","E","M","R","$","R","B",null,"M","M","?","M","?","R","E","E","T","R","$","?","M","M","R","B",null,"M","?","$","M","?","E","R","$","T","M"],"character_chosen":"THE_SILENT","items_purchased":["Specialist","ruina:Smile","Blur","Dexterity Potion","Toxin Wave"],"campfire_rested":2,"item_purchase_floors":[14,28,37,37,42],"current_hp_per_floor":[65,65,63,63,57,57,62,62,62,62,66,60,60,60,60,43,64,48,45,41,34,29,46,36,30,30,30,30,46,44,42,42,10,53,25,18,18,18,23,5,20,20,20,0,0],"gold":107,"neow_bonus":"","is_daily":false,"chose_seed":false,"campfire_upgraded":4,"win_rate":0.0,"timestamp":1614171355,"path_taken":["M","?","M","?","?","R","M","R","T","M","E","?","R","$","R","BOSS","M","M","?","?","?","R","E","E","T","R","$","?","M","M","R","BOSS","M","?","$","M","?","E","R","$","T","?"],"items_purchased_type":["Card","Card","Card","Potion","Card"],"build_version":"2020-12-22","purchased_purges":1,"victory":false,"max_hp_per_floor":[70,70,70,70,70,68,68,68,68,68,66,66,66,66,66,64,64,64,64,59,59,59,57,57,57,57,57,57,55,55,55,55,55,53,53,53,51,51,51,51,51,51,49,49,49],"card_choices":[{"not_picked":["ReplayTheSpireMod:Tripwire","Skewer","Catalyst"],"picked":"SKIP","floor":1},{"not_picked":["Expertise","Underhanded Strike"],"picked":"Dagger Throw","floor":3},{"not_picked":["Finisher","Choke"],"picked":"ReplayTheSpireMod:Scrap Shanks","floor":5},{"not_picked":["Poisoned Stab","Backflip"],"picked":"Noxious Fumes","floor":7},{"not_picked":["ReplayTheSpireMod:Exploit Weakness","ReplayTheSpireMod:Tripwire"],"picked":"PiercingWail","floor":10},{"not_picked":["Backflip","After Image"],"picked":"Escape Plan","floor":11},{"not_picked":["Deflect","Replay:Poison Smokescreen"],"picked":"All Out Attack","floor":12},{"not_picked":["Doppelganger","A Thousand Cuts"],"picked":"Tools of the Trade","floor":16},{"not_picked":["Cloak And Dagger+1","All Out Attack"],"picked":"Replay:Poison Smokescreen+1","floor":18},{"not_picked":["PiercingWail","Leg Sweep"],"picked":"Bane","floor":19},{"not_picked":["Cloak And Dagger","Dagger Throw","Acrobatics"],"picked":"SKIP","floor":21},{"not_picked":["Cloak And Dagger","Dagger Throw","Acrobatics"],"picked":"SKIP","floor":21},{"not_picked":["Cloak And Dagger","Dagger Throw","Acrobatics"],"picked":"SKIP","floor":21},{"not_picked":["Caltrops","Cloak And Dagger"],"picked":"Poisoned Stab","floor":24},{"not_picked":["Sucker Punch+1","Envenom"],"picked":"Deadly Poison","floor":25},{"not_picked":["Deflect","Riddle With Holes+1"],"picked":"Acrobatics+1","floor":30},{"not_picked":["Draining Mist+1","Backflip","Dagger Spray"],"picked":"SKIP","floor":31},{"not_picked":["Atom Bomb","Unload"],"picked":"Wraith Form v2","floor":33},{"not_picked":["Sucker Punch","Infinite Blades"],"picked":"Prepared+1","floor":35},{"not_picked":["Skewer+1","Flying Knee"],"picked":"ReplayTheSpireMod:Speed Training+1","floor":38},{"not_picked":["Backstab+1","Accuracy"],"picked":"Prepared+1","floor":39},{"not_picked":["Quick Slash","ReplayTheSpireMod:Speed Training"],"picked":"Heel Hook+1","floor":40}],"player_experience":682199,"relics_obtained":[{"floor":2,"key":"ReplayTheSpireMod:Ring of Addiction"},{"floor":2,"key":"Chameleon Ring"},{"floor":2,"key":"Toy Ornithopter"},{"floor":2,"key":"Ring of Hypnosis"},{"floor":9,"key":"Bronze Scales"},{"floor":11,"key":"Oddly Smooth Stone"},{"floor":24,"key":"Replay:Accelerometer"},{"floor":25,"key":"Boot"},{"floor":26,"key":"Replay:Wax Seal"},{"floor":39,"key":"Basket Of Snakes"},{"floor":40,"key":"TungstenRod"},{"floor":43,"key":"Dream Catcher"}],"event_choices":[{"cards_removed":["Strike_G"],"damage_healed":0,"gold_gain":0,"player_choice":"Card Removal","damage_taken":0,"max_hp_gain":0,"max_hp_loss":0,"event_name":"The Cleric","floor":4,"gold_loss":50},{"damage_healed":0,"gold_gain":0,"player_choice":"Embrace Madness","damage_taken":7,"max_hp_gain":0,"max_hp_loss":0,"event_name":"Winding Halls","floor":36,"gold_loss":0,"cards_obtained":["Madness","Madness"]},{"damage_healed":0,"gold_gain":0,"player_choice":"Fight","damage_taken":0,"max_hp_gain":0,"max_hp_loss":0,"event_name":"MindBloom","floor":39,"gold_loss":0}],"is_beta":false,"boss_relics":[{"not_picked":["Philosopher\u0027s Stone","Snecko Eye"],"picked":"SlaversCollar"},{"not_picked":["Sozu","Replay:Drink Me"],"picked":"HoveringKite"}],"items_purged_floors":[14],"is_endless":false,"potions_floor_spawned":[1,5,10,12,18,21,24,33,38,39,40],"killed_by":"Jaw Worm Horde","ascension_level":0}}