{"host":"6lme9gmrtv3g6npf","time":1614208407,"event":{"mods":["BaseMod","Better Third Choice","Hubris","Infinite Spire","Minty Spire (QoL Compilation)","Reliquary","Replay The Spire","StSLib","The Cursed","egg"],"gold_per_floor":[111,111,122,122,122,151,151,182,182,62,95,95,108,126,126,229,229,244,244,244,244,276,276,276,293,325,325,325,336,336,437,437,453,453,453,474,474,474,474,474],"floor_reached":41,"language":"ENG","playtime":3248,"items_purged":["TheCursedMod:Strike_TheCursed","TheCursedMod:Strike_TheCursed"],"score":568,"play_id":"a18d5ee3-3da5-46bd-b68a-683da708f519","local_time":"20210224201327","is_ascension_mode":false,"campfire_choices":[{"data":"TheCursedMod:SpitefulPlan","floor":7,"key":"SMITH"},{"data":"TheCursedMod:BlessingInDisguise","floor":12,"key":"SMITH"},{"data":"TheCursedMod:CursedWand","floor":15,"key":"SMITH"},{"floor":25,"key":"REST"},{"data":"TheCursedMod:VoidForm","floor":30,"key":"SMITH"},{"floor":40,"key":"REST"}],"circlet_count":0,"master_deck":["TheCursedMod:Strike_TheCursed","TheCursedMod:Strike_TheCursed","TheCursedMod:Defend_TheCursed","TheCursedMod:Defend_TheCursed","TheCursedMod:Defend_TheCursed","TheCursedMod:Defend_TheCursed","TheCursedMod:CursedWand+1","TheCursedMod:CleanUpWorkshop","TheCursedMod:Dregs","TheCursedMod:HellfireBreathing","TheCursedMod:CursedBlade","Looming Evil","TheCursedMod:SpitefulPlan+1","TheCursedMod:SoulReap","TheCursedMod:SpitefulStrike","TheCursedMod:BlessingInDisguise+1","TheCursedMod:VoidForm+1","Backstab+1","TheCursedMod:ManaBullet","hubris:Greed","infinitespire:Gouge","hubris:Greed","hubris:Greed"],"relics":["Iron Core","NeowsBlessing","infinitespire:Cubic Diamond","Ring of Hypnosis","Ring of Panic","hubris:Teleporter","Pocketwatch","Mirror","ReplayTheSpireMod:TigerMarble","Snecko Eye","hubris:Icosahedron","Regal Pillow","reliquary:Sideboard","hubris:Metronome","reliquary:Craggleroot"],"acts_visited":["Exordium","TheCity","TheBeyond"],"potions_floor_usage":[],"damage_taken":[{"damage":0,"enemies":"Cultist","floor":1,"turns":1},{"damage":0,"enemies":"infinitespire:Voidling","floor":3,"turns":1},{"damage":0,"enemies":"Lagavulin","floor":6,"turns":1},{"damage":4,"enemies":"Replay:BlueRogue","floor":8,"turns":5},{"damage":7,"enemies":"Gremlin Nob","floor":11,"turns":4},{"damage":8,"enemies":"2 Louse","floor":13,"turns":4},{"damage":0,"enemies":"Large Slime","floor":14,"turns":4},{"damage":6,"enemies":"Fading Forest","floor":16,"turns":11},{"damage":10,"enemies":"3 Byrds","floor":18,"turns":5},{"damage":32,"enemies":"Book of Stabbing","floor":23,"turns":5},{"damage":9,"enemies":"Shell Parasite","floor":27,"turns":3},{"damage":28,"enemies":"Nightmare","floor":28,"turns":7},{"damage":15,"enemies":"Centurion and Healer","floor":31,"turns":4},{"damage":37,"enemies":"Automaton","floor":33,"turns":5},{"damage":26,"enemies":"3 Shapes","floor":35,"turns":4},{"damage":15,"enemies":"Orb Walker","floor":38,"turns":3},{"damage":124,"enemies":"Nightmare","floor":41,"turns":6}],"seed_played":"-4036925347219952710","potions_obtained":[{"floor":1,"key":"Venom Potion"},{"floor":3,"key":"Languid Potion"},{"floor":11,"key":"FairyPotion"}],"is_trial":false,"path_per_floor":["M","?","M","?","?","E","R","E","T","$","E","R","M","M","R","B",null,"M","AVR","?","?","E","R","T","M","NM","?","R","M","R","B",null,"M","?","?","M","AVR","R","NM"],"character_chosen":"THE_CURSED","items_purchased":["TheCursedMod:SpitefulStrike"],"campfire_rested":2,"item_purchase_floors":[10],"current_hp_per_floor":[75,75,75,75,75,75,75,71,71,71,68,68,60,65,65,75,75,65,65,65,65,38,75,75,70,56,56,56,41,77,40,77,51,51,51,41,41,79,0,0],"gold":474,"neow_bonus":"THREE_ENEMY_KILL","is_daily":false,"chose_seed":false,"campfire_upgraded":4,"win_rate":0.0,"timestamp":1614208407,"path_taken":["M","?","?","?","?","E","R","E","T","$","E","R","M","M","R","BOSS","M","AVR","?","?","E","R","T","M","NM","?","R","M","R","BOSS","M","?","?","?","AVR","R","NM"],"items_purchased_type":["Card"],"build_version":"2020-12-22","purchased_purges":2,"victory":false,"max_hp_per_floor":[75,75,75,75,75,75,75,75,75,75,75,75,75,75,75,75,75,75,75,75,75,75,75,75,75,77,77,77,77,77,77,77,77,77,77,79,79,79,79,79],"card_choices":[{"not_picked":["TheCursedMod:RavingStaff","TheCursedMod:SaltUponWound"],"picked":"TheCursedMod:HellfireBreathing","floor":1},{"not_picked":["TheCursedMod:CursedMace","TheCursedMod:CursedStaff"],"picked":"TheCursedMod:CursedBlade","floor":3},{"not_picked":["Cold Snap","Clash"],"picked":"TheCursedMod:SpitefulPlan","floor":6},{"not_picked":["ReplayTheSpireMod:Omega Cannon","Hologram"],"picked":"TheCursedMod:SoulReap","floor":8},{"not_picked":["TheCursedMod:CircleOfAmplification","TheCursedMod:CursedAmulet"],"picked":"TheCursedMod:BlessingInDisguise","floor":11},{"not_picked":["Recycle","TheCursedMod:BlessingInDisguise","Glacier"],"picked":"SKIP","floor":13},{"not_picked":["TheCursedMod:AbyssShockwave","TheCursedMod:SoulCrush","Iron Wave"],"picked":"SKIP","floor":14},{"not_picked":["Limit Break","TheCursedMod:ManaCirculation"],"picked":"TheCursedMod:VoidForm","floor":16},{"not_picked":["TheCursedMod:VitalStrike","TheCursedMod:Stretching","TheCursedMod:RavingStaff"],"picked":"SKIP","floor":18},{"not_picked":["TheCursedMod:Stigma","TheCursedMod:CursedShiv","TheCursedMod:FleshFromBone"],"picked":"SKIP","floor":23},{"not_picked":["TheCursedMod:TroublousMinions+1","TheCursedMod:CircleOfAmplification","TheCursedMod:Stretching"],"picked":"SKIP","floor":27},{"not_picked":["infinitespire:SealOfDarkness+","infinitespire:Menacing"],"picked":"infinitespire:Gouge","floor":28},{"not_picked":["TheCursedMod:ManaCirculation","TheCursedMod:BlessingInDisguise+1","TheCursedMod:CircleOfCorruption"],"picked":"SKIP","floor":28},{"not_picked":["TheCursedMod:Obscuration","TheCursedMod:Torture+1","TheCursedMod:CursedMace"],"picked":"SKIP","floor":31},{"not_picked":["TheCursedMod:CircleOfFlame","TheCursedMod:RapidMovement","TheCursedMod:CursedMace"],"picked":"SKIP","floor":35},{"not_picked":["TheCursedMod:RavingStaff+1","TheCursedMod:CircleOfBlood","TheCursedMod:TacticalStrike"],"picked":"SKIP","floor":38}],"player_experience":167030,"relics_obtained":[{"floor":5,"key":"Ring of Hypnosis"},{"floor":5,"key":"Ring of Panic"},{"floor":6,"key":"hubris:Teleporter"},{"floor":8,"key":"Pocketwatch"},{"floor":9,"key":"Mirror"},{"floor":11,"key":"ReplayTheSpireMod:TigerMarble"},{"floor":23,"key":"Regal Pillow"},{"floor":26,"key":"reliquary:Sideboard"},{"floor":28,"key":"hubris:Metronome"}],"event_choices":[{"damage_healed":0,"gold_gain":0,"player_choice":"Ignored","damage_taken":0,"max_hp_gain":0,"max_hp_loss":0,"event_name":"Transmorgrifier","floor":2,"gold_loss":0},{"damage_healed":0,"gold_gain":0,"player_choice":"Read","damage_taken":0,"max_hp_gain":0,"max_hp_loss":0,"event_name":"The Library","floor":21,"gold_loss":0,"cards_obtained":["Backstab"]},{"damage_healed":0,"gold_gain":0,"player_choice":"Ignored","damage_taken":0,"max_hp_gain":0,"max_hp_loss":0,"event_name":"Vampires","floor":29,"gold_loss":0},{"damage_healed":0,"gold_gain":0,"player_choice":"Ignored","damage_taken":0,"max_hp_gain":0,"max_hp_loss":0,"event_name":"Fountain of Cleansing","floor":37,"gold_loss":0}],"is_beta":false,"boss_relics":[{"not_picked":["hubris:RunicObelisk","Replay:Grab Bag"],"picked":"Snecko Eye"},{"not_picked":["Ring of Chaos","hubris:Backtick"],"picked":"reliquary:Craggleroot"}],"items_purged_floors":[10,20],"is_endless":true,"potions_floor_spawned":[1,3,11,13,16,18,28,31],"killed_by":"Nightmare","ascension_level":0}}