{"host":"75labscqqrd170u0","time":1614150212,"event":{"mods":["BaseMod","Downfall","Hermit","Koishi","Marisa????????","Minty Spire (QoL Compilation)","Remilia??????","Replay The Spire","StSLib","The Cursed","The Servant 0.9.4"],"gold_per_floor":[171,181,281,281,297,314,314,67,95,95],"floor_reached":9,"language":"ENG","playtime":537,"items_purged":[],"score":61,"play_id":"55b5edf6-14c5-497f-93d7-737695eb679f","local_time":"20210224020332","is_ascension_mode":false,"campfire_choices":[],"circlet_count":0,"master_deck":["Strike_MRS","Strike_MRS","Strike_MRS","Strike_MRS","Defend_MRS","Defend_MRS","Defend_MRS","Defend_MRS","MasterSpark","UpSweep","FairyDestructionRay","MasterSpark","SprinkleStarSeal","Orbital","EarthLightRay","EnergyFlow","UltimateShortwave+1","MysteriousBeam","DoubleSpark"],"relics":["MiniHakkero","Toxic Egg 2"],"acts_visited":["Exordium"],"potions_floor_usage":[],"damage_taken":[{"damage":0,"enemies":"Small Slimes","floor":2,"turns":3},{"damage":0,"enemies":"Cultist","floor":5,"turns":3},{"damage":11,"enemies":"Jaw Worm","floor":6,"turns":3},{"damage":0,"enemies":"downfall:FleeingMerchant","floor":8,"turns":4},{"damage":27,"enemies":"Gremlin Nob","floor":9,"turns":4}],"seed_played":"-29381907937916163","potions_obtained":[{"floor":2,"key":"Elixir"},{"floor":9,"key":"ColorlessPotion"}],"is_trial":false,"path_per_floor":["R","M","?","?","M","M","T","$","E"],"character_chosen":"MARISA","items_purchased":["EnergyFlow","UltimateShortwave+1","MysteriousBeam"],"campfire_rested":0,"item_purchase_floors":[8,8,8],"current_hp_per_floor":[82,82,82,82,82,71,71,71,48,48],"gold":95,"neow_bonus":"TEN_PERCENT_HP_BONUS","is_daily":false,"chose_seed":false,"campfire_upgraded":0,"win_rate":0.0,"timestamp":1614150212,"path_taken":["R","M","?","?","?","M","T","?","E"],"items_purchased_type":["Card","Card","Card"],"build_version":"2020-12-13","purchased_purges":0,"victory":false,"max_hp_per_floor":[82,82,82,82,82,82,82,82,82,82],"card_choices":[{"not_picked":["GalacticHalo","NonDirectionalLaser"],"picked":"FairyDestructionRay","floor":2},{"not_picked":["SporeBomb","EnergyRecoil"],"picked":"SprinkleStarSeal","floor":5},{"not_picked":["Acceleration","UnstableBomb"],"picked":"Orbital","floor":6},{"not_picked":["SporeBomb","UnstableBomb"],"picked":"EarthLightRay","floor":8},{"not_picked":["SuperNova","ShootingEcho"],"picked":"DoubleSpark","floor":9}],"player_experience":85171,"relics_obtained":[{"floor":9,"key":"Toxic Egg 2"}],"event_choices":[],"is_beta":false,"boss_relics":[],"items_purged_floors":[],"is_endless":false,"potions_floor_spawned":[2,9],"killed_by":"Gremlin Nob","ascension_level":0}}