{"host":"ovcza0gnr2tscsgg","time":1614174811,"event":{"mods":["BaseMod","Colored Powertips","Marisa£®ÏF”Í°°ƒß¿Ì…≥£©","Minty Spire (QoL Compilation)","StSLib","The Bug Knight","UnlockEverythingMod","noobMod"],"gold_per_floor":[114,114,37,55,55,96,120,120,120,120,144,144,319,319,319,442,442,463,378,378,394,419,454,477,331,355,388,403,455,478,319,319,447,447,475,504,569,590,623,663,663,682,682,691,700,733,733,771,771,771],"floor_reached":51,"language":"ZHS","playtime":2409,"items_purged":["Defend_B","Defend_B"],"score":1163,"play_id":"551e087c-933a-45ae-8326-028eeb34fa3a","local_time":"20210224215331","is_ascension_mode":true,"campfire_choices":[{"floor":8,"key":"DIG"},{"floor":12,"key":"DIG"},{"floor":15,"key":"DIG"},{"floor":32,"key":"DIG"},{"floor":41,"key":"DIG"},{"floor":47,"key":"DIG"},{"floor":49,"key":"DIG"}],"circlet_count":0,"master_deck":["Zap","Dualcast+1","Blizzard","Hello World","Genetic Algorithm","Chill","Loop+1","Lockon","Beam Cell","Glacier","Doubt","Creative AI","Redo+1","Bite","Bite","Bite","Bite","Bite","Coolheaded","Recycle+1","Skim+1","Sunder","Coolheaded","Cold Snap","Multi-Cast","Heatsinks+1","Turbo","Capacitor","Defragment","Meteor Strike","Coolheaded","Sweeping Beam","Coolheaded+1","White Noise+1","Double Energy","Sweeping Beam+1","Wraith","Coolheaded+1"],"relics":["Cracked Core","ice","Golden Idol","Shovel","Orichalcum","Darkstone Periapt","Bottled Lightning","Letter Opener","Bottled Flame","Inserter","FossilizedHelix","Ginger","Juzu Bracelet","Boot","CeramicFish","MealTicket","Philosopher\u0027s Stone","Incense Burner","Bag of Marbles","Oddly Smooth Stone","Singing Bowl","Prayer Wheel","Shuriken","White Beast Statue"],"acts_visited":["Exordium","TheCity","TheBeyond"],"potions_floor_usage":[6,22,23,29,39,50,50],"damage_taken":[{"damage":5,"enemies":"Small Slimes","floor":1,"turns":4},{"damage":6,"enemies":"2 Louse","floor":4,"turns":2},{"damage":49,"enemies":"Gremlin Nob","floor":6,"turns":6},{"damage":1,"enemies":"Jaw Worm","floor":7,"turns":3},{"damage":10,"enemies":"Large Slime","floor":11,"turns":3},{"damage":15,"enemies":"Slime Boss","floor":16,"turns":9},{"damage":10,"enemies":"Spheric Guardian","floor":18,"turns":5},{"damage":4,"enemies":"Chosen","floor":21,"turns":7},{"damage":3,"enemies":"Sentry and Sphere","floor":22,"turns":8},{"damage":44,"enemies":"Slavers","floor":23,"turns":9},{"damage":30,"enemies":"Snake Plant","floor":24,"turns":6},{"damage":0,"enemies":"Book of Stabbing","floor":27,"turns":5},{"damage":0,"enemies":"Chosen and Byrds","floor":28,"turns":3},{"damage":12,"enemies":"Gremlin Leader","floor":29,"turns":4},{"damage":0,"enemies":"3 Cultists","floor":30,"turns":4},{"damage":0,"enemies":"Automaton","floor":33,"turns":5},{"damage":0,"enemies":"Orb Walker","floor":35,"turns":2},{"damage":0,"enemies":"3 Shapes","floor":36,"turns":3},{"damage":0,"enemies":"2 Orb Walkers","floor":37,"turns":3},{"damage":14,"enemies":"Jaw Worm Horde","floor":38,"turns":3},{"damage":0,"enemies":"3 Darklings","floor":39,"turns":4},{"damage":0,"enemies":"Giant Head","floor":40,"turns":5},{"damage":15,"enemies":"Spire Growth","floor":42,"turns":4},{"damage":0,"enemies":"3 Darklings","floor":46,"turns":3},{"damage":0,"enemies":"HollowMod:StalkingDevout","floor":48,"turns":4},{"damage":0,"enemies":"Donu and Deca","floor":50,"turns":7}],"seed_played":"-4478434768886133451","potions_obtained":[{"floor":1,"key":"Strength Potion"},{"floor":7,"key":"EssenceOfSteel"},{"floor":11,"key":"SpeedPotion"},{"floor":22,"key":"Fire Potion"},{"floor":24,"key":"GamblersBrew"},{"floor":27,"key":"SmokeBomb"},{"floor":28,"key":"BlessingOfTheForge"},{"floor":38,"key":"PotionOfCapacity"},{"floor":46,"key":"SkillPotion"}],"is_trial":false,"path_per_floor":["M","?","$","M","?","E","M","R","T","?","M","R","?","?","R","B",null,"M","?","?","M","M","E","M","$","T","E","M","E","M","$","R","B",null,"M","M","?","M","M","E","R","M","T","?","?","M","R","E","R","B",null],"character_chosen":"DEFECT","items_purchased":["Chill","Coolheaded","Cold Snap","Defragment"],"campfire_rested":0,"item_purchase_floors":[3,25,25,31],"current_hp_per_floor":[49,49,49,43,36,39,38,38,38,24,14,14,20,25,25,10,88,78,78,64,64,63,31,5,5,5,114,122,115,119,119,119,127,144,144,148,152,148,154,160,160,145,145,145,151,153,153,161,161,169],"gold":771,"neow_bonus":"TRANSFORM_TWO_CARDS","is_daily":false,"chose_seed":false,"campfire_upgraded":0,"win_rate":0.0,"timestamp":1614174811,"path_taken":["M","?","$","M","?","E","M","R","T","?","?","R","?","?","R","BOSS","M","?","?","?","M","E","M","$","T","E","M","E","M","?","R","BOSS","M","M","?","M","M","E","R","M","T","?","?","M","R","E","R","BOSS"],"items_purchased_type":["Card","Card","Card","Card"],"build_version":"2020-12-22","purchased_purges":2,"victory":true,"max_hp_per_floor":[75,69,69,69,69,70,72,72,72,72,73,73,79,84,84,88,88,92,92,64,70,81,98,110,110,110,119,126,132,136,136,136,144,144,145,153,157,160,166,168,168,171,171,171,177,179,179,187,187,197],"card_choices":[{"not_picked":["Heatsinks","Double Energy"],"picked":"Genetic Algorithm","floor":1},{"not_picked":["Darkness","Force Field"],"picked":"Loop","floor":4},{"not_picked":["Beam Cell","Hologram"],"picked":"Lockon","floor":6},{"not_picked":["Reinforced Body","Rebound"],"picked":"Beam Cell","floor":7},{"not_picked":["Gash","Rebound"],"picked":"Glacier","floor":11},{"not_picked":["Buffer","Multi-Cast"],"picked":"Creative AI","floor":16},{"not_picked":["Loop","Consume"],"picked":"Redo+1","floor":18},{"not_picked":["Compile Driver","Tempest"],"picked":"Coolheaded","floor":21},{"not_picked":["Reprogram","Ball Lightning"],"picked":"Recycle+1","floor":22},{"not_picked":["Go for the Eyes","Steam"],"picked":"Skim+1","floor":23},{"not_picked":["Fusion","Conserve Battery"],"picked":"Sunder","floor":24},{"not_picked":["Static Discharge","Compile Driver"],"picked":"Multi-Cast","floor":27},{"not_picked":["Ball Lightning+1","Steam"],"picked":"Heatsinks+1","floor":28},{"not_picked":["Leap","Beam Cell+1"],"picked":"Turbo","floor":29},{"not_picked":["Go for the Eyes+1","Redo+1"],"picked":"Capacitor","floor":30},{"not_picked":["Reboot","Multi-Cast"],"picked":"Meteor Strike","floor":33},{"not_picked":["Redo","Go for the Eyes+1"],"picked":"Coolheaded","floor":35},{"not_picked":["Conserve Battery","Leap+1"],"picked":"Sweeping Beam","floor":36},{"not_picked":["Stack+1","Genetic Algorithm"],"picked":"Coolheaded+1","floor":37},{"not_picked":["Steam","Multi-Cast","Hologram+1"],"picked":"SKIP","floor":38},{"not_picked":["White Noise+1","Conserve Battery+1","Reinforced Body+1"],"picked":"SKIP","floor":39},{"not_picked":["Conserve Battery+1","Reinforced Body+1"],"picked":"White Noise+1","floor":39},{"not_picked":["Darkness+1","Force Field+1"],"picked":"Double Energy","floor":40},{"not_picked":["Turbo+1","Sweeping Beam+1","Gash+1"],"picked":"SKIP","floor":42},{"not_picked":["Turbo","Streamline+1"],"picked":"Coolheaded+1","floor":46},{"not_picked":["Ball Lightning+1","Auto Shields","Stack"],"picked":"Singing Bowl","floor":48}],"player_experience":131426,"relics_obtained":[{"floor":6,"key":"Orichalcum"},{"floor":8,"key":"Darkstone Periapt"},{"floor":9,"key":"Bottled Lightning"},{"floor":12,"key":"Letter Opener"},{"floor":15,"key":"Bottled Flame"},{"floor":23,"key":"Ginger"},{"floor":26,"key":"Juzu Bracelet"},{"floor":27,"key":"Boot"},{"floor":29,"key":"CeramicFish"},{"floor":32,"key":"MealTicket"},{"floor":37,"key":"Incense Burner"},{"floor":40,"key":"Bag of Marbles"},{"floor":41,"key":"Oddly Smooth Stone"},{"floor":43,"key":"Singing Bowl"},{"floor":47,"key":"Prayer Wheel"},{"floor":48,"key":"Shuriken"},{"floor":49,"key":"White Beast Statue"}],"event_choices":[{"damage_healed":0,"gold_gain":0,"player_choice":"Lose Max HP","damage_taken":0,"relics_obtained":["Golden Idol"],"max_hp_gain":0,"max_hp_loss":6,"event_name":"Golden Idol","floor":2,"gold_loss":0},{"damage_healed":0,"gold_gain":0,"player_choice":"Success","damage_taken":7,"relics_obtained":["Shovel"],"max_hp_gain":0,"max_hp_loss":0,"event_name":"Scrap Ooze","floor":5,"gold_loss":0},{"damage_healed":0,"gold_gain":0,"player_choice":"Entered Light","damage_taken":14,"max_hp_gain":0,"max_hp_loss":0,"event_name":"Shining Light","floor":10,"gold_loss":0,"cards_upgraded":["Dualcast","Loop"]},{"damage_healed":0,"gold_gain":175,"player_choice":"AGREE","damage_taken":0,"max_hp_gain":0,"max_hp_loss":0,"event_name":"Liars Game","floor":13,"gold_loss":0,"cards_obtained":["Doubt"]},{"damage_healed":0,"gold_gain":0,"player_choice":"Donut","damage_taken":0,"max_hp_gain":5,"max_hp_loss":0,"event_name":"Big Fish","floor":14,"gold_loss":0},{"damage_healed":0,"gold_gain":0,"player_choice":"Obtained Relic","damage_taken":0,"relics_obtained":["FossilizedHelix"],"max_hp_gain":0,"max_hp_loss":0,"event_name":"Addict","floor":19,"gold_loss":85},{"damage_healed":0,"gold_gain":0,"player_choice":"Became a vampire","damage_taken":0,"max_hp_gain":0,"max_hp_loss":28,"event_name":"Vampires","floor":20,"gold_loss":0,"cards_obtained":["Bite","Bite","Bite","Bite","Bite"]},{"damage_healed":0,"gold_gain":0,"player_choice":"Fight","damage_taken":0,"max_hp_gain":0,"max_hp_loss":0,"event_name":"Mysterious Sphere","floor":37,"gold_loss":0},{"cards_removed":["Defend_B"],"damage_healed":0,"gold_gain":0,"player_choice":"Took Card","damage_taken":0,"max_hp_gain":0,"max_hp_loss":0,"event_name":"NoteForYourself","floor":44,"gold_loss":0,"cards_obtained":["Sweeping Beam"]},{"damage_healed":0,"gold_gain":0,"player_choice":"Ignored","damage_taken":0,"max_hp_gain":0,"max_hp_loss":0,"event_name":"OrinTheCat","floor":45,"gold_loss":0}],"is_beta":false,"boss_relics":[{"not_picked":["Busted Crown","Calling Bell"],"picked":"Inserter"},{"not_picked":["Black Star","Tiny House"],"picked":"Philosopher\u0027s Stone"}],"items_purged_floors":[25,31],"is_endless":false,"potions_floor_spawned":[1,7,11,22,24,27,28,38,46,48],"ascension_level":1}}