{"host":"a1eatafr7pisesky","time":1614163093,"event":{"mods":["AchievementEnabler","BaseMod","Colored Map","Keyboard Shortcuts","Minty Spire (QoL Compilation)","Say the Spire","StSLib","SuperFastMode","everything is the same but u backflip on backflip"],"gold_per_floor":[113,113,123,48,59,59,82,82,107,141,202,202,202],"floor_reached":12,"language":"KOR","playtime":174,"items_purged":["Defend_B"],"score":141,"play_id":"3baa5e6f-1504-48a0-bda9-2aaa66ad4eef","local_time":"20210224193813","is_ascension_mode":true,"campfire_choices":[{"data":"Defragment","floor":6.0,"key":"SMITH"},{"data":"Coolheaded","floor":8,"key":"SMITH"}],"circlet_count":0,"master_deck":["AscendersBane","Strike_B","Strike_B","Strike_B","Strike_B","Defend_B","Defend_B","Defend_B","Zap","Dualcast+1","Coolheaded+1","Defragment+1","Cold Snap","Sunder","Sweeping Beam"],"relics":["Cracked Core","NeowsBlessing","Odd Mushroom","Bag of Preparation","Symbiotic Virus","Gremlin Horn"],"acts_visited":["Exordium"],"potions_floor_usage":[11],"damage_taken":[{"damage":0.0,"enemies":"Small Slimes","floor":1.0,"turns":1.0},{"damage":0.0,"enemies":"Cultist","floor":3.0,"turns":1.0},{"damage":0.0,"enemies":"Jaw Worm","floor":5.0,"turns":1.0},{"damage":16,"enemies":"The Mushroom Lair","floor":7,"turns":5},{"damage":22,"enemies":"Lagavulin","floor":10,"turns":7},{"damage":12,"enemies":"Lagavulin Event","floor":11,"turns":5},{"damage":15,"enemies":"3 Sentries","floor":12,"turns":2}],"seed_played":"-1867437240881982158","potions_obtained":[{"floor":1.0,"key":"PotionOfCapacity"},{"floor":5.0,"key":"PotionOfCapacity"}],"is_trial":false,"path_per_floor":["M","?","M","$","M","R","?","R","T","E","?","E"],"character_chosen":"DEFECT","items_purchased":[],"campfire_rested":0,"item_purchase_floors":[],"current_hp_per_floor":[64,64,64,64,64,64,48,48,48,26,14,0,0],"gold":202,"neow_bonus":"THREE_ENEMY_KILL","is_daily":false,"chose_seed":false,"campfire_upgraded":2,"win_rate":0.0,"timestamp":1614163093,"path_taken":["M","?","?","$","M","R","?","R","T","E","?","E"],"items_purchased_type":[],"build_version":"2020-12-22","purchased_purges":1,"victory":false,"max_hp_per_floor":[71,71,71,71,71,71,71,71,71,71,71,71,71],"card_choices":[{"not_picked":["Undo","Aggregate"],"picked":"Coolheaded","floor":1.0},{"not_picked":["Steam","Stack","Hello World"],"picked":"SKIP","floor":3.0},{"not_picked":["Go for the Eyes","Genetic Algorithm"],"picked":"Defragment","floor":5.0},{"not_picked":["Rebound","Streamline"],"picked":"Cold Snap","floor":7},{"not_picked":["Turbo","Streamline"],"picked":"Sunder","floor":10},{"not_picked":["Streamline","Steam Power"],"picked":"Sweeping Beam","floor":11}],"player_experience":494421,"relics_obtained":[{"floor":7,"key":"Odd Mushroom"},{"floor":9,"key":"Bag of Preparation"},{"floor":10,"key":"Symbiotic Virus"},{"floor":11,"key":"Gremlin Horn"}],"event_choices":[{"damage_healed":0.0,"max_hp_gain":0.0,"max_hp_loss":0.0,"gold_gain":0.0,"event_name":"Upgrade Shrine","player_choice":"Upgraded","floor":2.0,"gold_loss":0.0,"damage_taken":0.0,"cards_upgraded":["Dualcast"]},{"damage_healed":0,"gold_gain":0,"player_choice":"Fought Mushrooms","damage_taken":0,"max_hp_gain":0,"max_hp_loss":0,"event_name":"Mushrooms","floor":7,"gold_loss":0},{"damage_healed":0,"gold_gain":0,"player_choice":"Searched \u00272\u0027 times","damage_taken":0,"max_hp_gain":0,"max_hp_loss":0,"event_name":"Dead Adventurer","floor":11,"gold_loss":0}],"is_beta":false,"boss_relics":[],"items_purged_floors":[4],"is_endless":false,"potions_floor_spawned":[1,5],"killed_by":"3 Sentries","ascension_level":17}}