{"host":"rw1trt79hfpl7pom","time":1614125671,"event":{"mods":["BaseMod","Bestiary","Colored Map","Jorbs\u0027s Wanderer Trilogy","Minty Spire (QoL Compilation)","Relic Stats","StSLib","SuperFastMode"],"gold_per_floor":[113,132,132,132,132,157,157,188,188,219,219,25,25,37,37,111,111,130,149,74,12,12,45,63,63,143,143,58,84,94,94,94,168,168,182,201,201,201,211,240,260,260,260,288,303,320,320,345,345,345,345,345,345,11,43,43,43],"floor_reached":56,"language":"ENG","playtime":2490,"items_purged":["Defend_B"],"score":2057,"play_id":"82d46a9d-6584-4dfc-8e5a-91f22efaa987","local_time":"20210223161431","is_ascension_mode":true,"campfire_choices":[{"floor":7.0,"key":"REST"},{"floor":11.0,"key":"REST"},{"data":"Capacitor","floor":13.0,"key":"SMITH"},{"data":"Rip and Tear","floor":15.0,"key":"SMITH"},{"data":"Defragment","floor":25.0,"key":"SMITH"},{"data":"Loop","floor":27.0,"key":"SMITH"},{"data":"Biased Cognition","floor":32.0,"key":"SMITH"},{"data":"Buffer","floor":42.0,"key":"SMITH"},{"floor":47.0,"key":"RECALL"},{"data":"Hologram","floor":49.0,"key":"SMITH"},{"data":"Hologram","floor":53.0,"key":"SMITH"}],"circlet_count":0,"master_deck":["AscendersBane","Defend_B","Defend_B","Defend_B","Zap","Dualcast","Hologram+1","Ball Lightning","Rip and Tear+1","Echo Form","Cold Snap","Capacitor+1","Leap","Biased Cognition+1","White Noise","Defragment+1","Loop+1","Chill","Undo","Electrodynamics","Skim","Coolheaded+1","Self Repair+1","Buffer+1","Glacier","Undo","Hologram+1","Loop+1","Defragment+1","Stack"],"relics":["Nuclear Battery","The Courier","Blue Candle","Bottled Tornado","Frozen Eye","Coffee Dripper","Eternal Feather","Singing Bowl","Pear","Blood Vial","Du-Vu Doll","Empty Cage","Shuriken","Frozen Egg 2","MealTicket","Symbiotic Virus","Art of War","Thread and Needle"],"acts_visited":["Exordium","TheCity","TheBeyond","TheEnding"],"potions_floor_usage":[56],"damage_taken":[{"damage":2.0,"enemies":"Small Slimes","floor":1.0,"turns":4.0},{"damage":2.0,"enemies":"2 Louse","floor":2.0,"turns":4.0},{"damage":30.0,"enemies":"Lagavulin","floor":6.0,"turns":7.0},{"damage":10.0,"enemies":"3 Sentries","floor":8.0,"turns":5.0},{"damage":31.0,"enemies":"Gremlin Nob","floor":10.0,"turns":4.0},{"damage":7.0,"enemies":"Jaw Worm","floor":14.0,"turns":3.0},{"damage":23.0,"enemies":"Slime Boss","floor":16.0,"turns":8.0},{"damage":0.0,"enemies":"Spheric Guardian","floor":18.0,"turns":4.0},{"damage":3.0,"enemies":"Shell Parasite","floor":19.0,"turns":4.0},{"damage":13.0,"enemies":"Book of Stabbing","floor":23.0,"turns":7.0},{"damage":1.0,"enemies":"Cultist and Chosen","floor":24.0,"turns":6.0},{"damage":34.0,"enemies":"Slavers","floor":29.0,"turns":10.0},{"damage":0.0,"enemies":"Snecko","floor":30.0,"turns":5.0},{"damage":13.0,"enemies":"Champ","floor":33.0,"turns":12.0},{"damage":0.0,"enemies":"3 Shapes","floor":35.0,"turns":3.0},{"damage":18.0,"enemies":"Orb Walker","floor":36.0,"turns":4.0},{"damage":1.0,"enemies":"3 Darklings","floor":39.0,"turns":5.0},{"damage":5.0,"enemies":"Nemesis","floor":40.0,"turns":6.0},{"damage":0.0,"enemies":"Spire Growth","floor":41.0,"turns":6.0},{"damage":0.0,"enemies":"Giant Head","floor":44.0,"turns":8.0},{"damage":15.0,"enemies":"4 Shapes","floor":45.0,"turns":7.0},{"damage":9.0,"enemies":"Writhing Mass","floor":46.0,"turns":6.0},{"damage":0.0,"enemies":"Nemesis","floor":48.0,"turns":9.0},{"damage":62.0,"enemies":"Awakened One","floor":50.0,"turns":20.0},{"damage":1.0,"enemies":"Time Eater","floor":51.0,"turns":12.0},{"damage":65,"enemies":"Shield and Spear","floor":55,"turns":9},{"damage":29,"enemies":"The Heart","floor":56,"turns":2}],"seed_played":"3927735739430004049","potions_obtained":[{"floor":1.0,"key":"ColorlessPotion"},{"floor":16.0,"key":"EntropicBrew"},{"floor":18.0,"key":"SneckoOil"},{"floor":22.0,"key":"Dexterity Potion"},{"floor":24.0,"key":"BlessingOfTheForge"},{"floor":35.0,"key":"Fruit Juice"},{"floor":39.0,"key":"SkillPotion"},{"floor":46.0,"key":"ColorlessPotion"},{"floor":48.0,"key":"Weak Potion"}],"is_trial":false,"path_per_floor":["M","M","?","?","T","E","R","E","T","E","R","$","R","M","R","B",null,"M","M","?","$","?","E","M","R","T","R","?","E","M","T","R","B",null,"M","M","?","?","M","E","M","R","T","E","M","M","R","E","R","B","B",null,"R","$","E","B"],"character_chosen":"DEFECT","items_purchased":["Capacitor","Frozen Eye","Loop","Loop+1","Defragment+1","Art of War","Stack"],"campfire_rested":2,"item_purchase_floors":[12,12,21,54,54,54,54],"current_hp_per_floor":[62,60,60,60,60,30,51,41,41,10,31,31,31,24,24,1,54,54,51,51,51,51,38,37,49,49,61,71,37,39,39,51,42,73,77,61,61,61,67,84,88,88,88,88,88,88,88,90,90,48,59,82,90,90,27,0,0],"gold":43,"neow_bonus":"BOSS_RELIC","is_daily":false,"chose_seed":false,"campfire_upgraded":8,"win_rate":0.0,"timestamp":1614125671,"path_taken":["M","M","?","?","?","E","R","E","T","E","R","$","R","?","R","BOSS","M","M","?","$","?","E","?","R","T","R","?","E","M","?","R","BOSS","M","M","?","?","M","E","?","R","T","E","M","M","R","E","R","BOSS","BOSS","R","$","E","BOSS"],"items_purchased_type":["Card","Relic","Card","Card","Card","Relic","Card"],"build_version":"2020-12-22","purchased_purges":1,"victory":false,"max_hp_per_floor":[71,71,71,71,71,71,71,71,71,71,71,71,71,71,71,71,71,71,71,71,71,71,71,71,71,71,71,81,81,81,81,81,83,83,85,85,81,81,86,86,88,88,88,88,88,88,88,90,90,90,90,90,90,90,92,92,92],"relic_stats":{"Blood Vial":18,"Singing Bowl":10,"counters":[27,176],"Shuriken":[7],"Blue Candle":[0],"Eternal Feather":44,"MealTicket":0,"Art of War":[5],"obtain_stats":[{"Pear":28,"Singing Bowl":26,"Blue Candle":8,"Eternal Feather":23,"Thread and Needle":55,"The Courier":6,"Bottled Tornado":9,"Frozen Egg 2":43,"Empty Cage":34,"Nuclear Battery":0,"Blood Vial":29,"Du-Vu Doll":31,"Frozen Eye":12,"Shuriken":40,"MealTicket":44,"Coffee Dripper":17,"Art of War":54,"Cracked Core":0,"Symbiotic Virus":48},{"Pear":11,"Singing Bowl":11,"Blue Candle":4,"Eternal Feather":10,"Thread and Needle":26,"The Courier":3,"Bottled Tornado":4,"Frozen Egg 2":19,"Empty Cage":14,"Nuclear Battery":0,"Blood Vial":12,"Du-Vu Doll":13,"Frozen Eye":5,"Shuriken":18,"MealTicket":20,"Coffee Dripper":7,"Art of War":25,"Cracked Core":0,"Symbiotic Virus":23},{"Pear":56,"Singing Bowl":56,"Blue Candle":20,"Eternal Feather":50,"Thread and Needle":174,"The Courier":15,"Bottled Tornado":20,"Frozen Egg 2":105,"Empty Cage":82,"Nuclear Battery":0,"Blood Vial":66,"Du-Vu Doll":71,"Frozen Eye":24,"Shuriken":100,"MealTicket":113,"Coffee Dripper":35,"Art of War":166,"Cracked Core":0,"Symbiotic Virus":134}]},"card_choices":[{"not_picked":["Recycle","Steam"],"picked":"Hologram","floor":1.0},{"not_picked":["Beam Cell","Rebound"],"picked":"Ball Lightning","floor":2.0},{"not_picked":["Gash","Go for the Eyes","Rebound"],"picked":"SKIP","floor":6.0},{"not_picked":["Leap","Auto Shields"],"picked":"Echo Form","floor":8.0},{"not_picked":["Heatsinks","Sweeping Beam"],"picked":"Cold Snap","floor":10.0},{"not_picked":["Scrape","Rebound"],"picked":"Leap","floor":14.0},{"not_picked":["Buffer","Seek"],"picked":"Biased Cognition","floor":16.0},{"not_picked":["Heatsinks+1","Go for the Eyes"],"picked":"White Noise","floor":18.0},{"not_picked":["Rip and Tear","Gash"],"picked":"Defragment","floor":19.0},{"not_picked":["Tempest","Compile Driver"],"picked":"Chill","floor":23.0},{"not_picked":["Steam","Lockon"],"picked":"Undo","floor":24.0},{"not_picked":["Rebound","Gash"],"picked":"Electrodynamics","floor":29.0},{"not_picked":["Streamline","Compile Driver"],"picked":"Skim","floor":30.0},{"not_picked":["Electrodynamics","All For One","Reboot"],"picked":"Singing Bowl","floor":33.0},{"not_picked":["Stack","Recycle+1","Leap"],"picked":"Singing Bowl","floor":35.0},{"not_picked":["Ball Lightning","Sweeping Beam"],"picked":"Coolheaded+1","floor":36.0},{"not_picked":["Leap","Turbo+1"],"picked":"Self Repair+1","floor":39.0},{"not_picked":["Rebound+1","Chaos+1"],"picked":"Buffer","floor":40.0},{"not_picked":["Barrage","Double Energy","Gash+1"],"picked":"Singing Bowl","floor":41.0},{"not_picked":["Sunder","Blizzard"],"picked":"Glacier","floor":44.0},{"not_picked":["Turbo+1","Lockon+1"],"picked":"Undo","floor":45.0},{"not_picked":["Compile Driver","Storm+1"],"picked":"Hologram","floor":46.0},{"not_picked":["Hologram","Darkness","Static Discharge+1"],"picked":"Singing Bowl","floor":48.0},{"not_picked":["Tempest+1","Beam Cell+1","Double Energy"],"picked":"Singing Bowl","floor":55}],"player_experience":2894568,"relics_obtained":[{"floor":6.0,"key":"The Courier"},{"floor":8.0,"key":"Blue Candle"},{"floor":9.0,"key":"Bottled Tornado"},{"floor":23.0,"key":"Eternal Feather"},{"floor":26.0,"key":"Singing Bowl"},{"floor":29.0,"key":"Blood Vial"},{"floor":31.0,"key":"Du-Vu Doll"},{"floor":40.0,"key":"Shuriken"},{"floor":43.0,"key":"Frozen Egg 2"},{"floor":44.0,"key":"MealTicket"},{"floor":48.0,"key":"Symbiotic Virus"},{"floor":55,"key":"Thread and Needle"}],"event_choices":[{"damage_healed":0.0,"max_hp_gain":0.0,"max_hp_loss":0.0,"gold_gain":0.0,"cards_transformed":["Strike_B"],"event_name":"Living Wall","player_choice":"Change","floor":3.0,"gold_loss":0.0,"damage_taken":0.0,"cards_obtained":["Rip and Tear"]},{"damage_healed":0.0,"max_hp_gain":0.0,"max_hp_loss":0.0,"gold_gain":0.0,"event_name":"Liars Game","player_choice":"Ignored","floor":4.0,"gold_loss":0.0,"damage_taken":0.0},{"cards_removed":["Strike_B"],"damage_healed":0.0,"max_hp_gain":0.0,"max_hp_loss":0.0,"gold_gain":0.0,"event_name":"Beggar","player_choice":"Gave Gold","floor":20.0,"gold_loss":75.0,"damage_taken":0.0},{"damage_healed":0.0,"max_hp_gain":0.0,"max_hp_loss":0.0,"gold_gain":0.0,"event_name":"Lab","player_choice":"Got Potions","floor":22.0,"gold_loss":0.0,"damage_taken":0.0},{"damage_healed":0.0,"max_hp_gain":0.0,"max_hp_loss":0.0,"gold_gain":0.0,"event_name":"Addict","player_choice":"Obtained Relic","floor":28.0,"gold_loss":85.0,"damage_taken":0.0,"relics_obtained":["Pear"]},{"damage_healed":0.0,"max_hp_gain":0.0,"max_hp_loss":4.0,"gold_gain":0.0,"event_name":"Winding Halls","player_choice":"Max HP","floor":37.0,"gold_loss":0.0,"damage_taken":0.0},{"damage_healed":0.0,"max_hp_gain":0.0,"max_hp_loss":0.0,"gold_gain":0.0,"event_name":"SecretPortal","player_choice":"Ignored","floor":38.0,"gold_loss":0.0,"damage_taken":0.0}],"is_beta":false,"boss_relics":[{"not_picked":["Cursed Key","Sozu"],"picked":"Coffee Dripper"},{"not_picked":["Philosopher\u0027s Stone","Calling Bell"],"picked":"Empty Cage"}],"items_purged_floors":[54],"is_endless":false,"potions_floor_spawned":[1,16,18,24,35,39,46,48],"killed_by":"The Heart","ascension_level":20}}