{"host":"dbkc9h3etq50r1dq","time":1614164875,"event":{"mods":["AchievementEnabler","BaseMod","Block Reminder","Colored Powertips","Curses Come First","Dark Map","Minty Spire (QoL Compilation)","Permanent Neow","Potion Indicator Mod","Rare Cards Sparkle","StSLib","Together in Spire"],"gold_per_floor":[114,64,64,79,96,96,115,128,128,128,128,108,108,128,128,248,248,267,286,286,286,305,343,343,362,415,415,431,450,166,204,204,323,323,344,407,407,426,487,487,540,559,612,656,656,989,29,62,62,62,62,62,21,60,60],"floor_reached":56,"language":"ZHS","playtime":4704,"items_purged":["Strike_P","Defend_P+1"],"score":1007,"play_id":"813d0bfa-4258-49de-b1c6-464115fc926b","local_time":"20210224190755","is_ascension_mode":false,"campfire_choices":[{"data":"TalkToTheHand","floor":6.0,"key":"SMITH"},{"floor":13.0,"key":"REST"},{"data":"ClearTheMind","floor":15.0,"key":"SMITH"},{"data":"Judgement","floor":24.0,"key":"SMITH"},{"floor":27.0,"key":"REST"},{"floor":32.0,"key":"REST"},{"data":"Omniscience","floor":40.0,"key":"SMITH"},{"data":"Apotheosis","floor":49.0,"key":"SMITH"},{"data":"Deep Breath","floor":52.0,"key":"SMITH"}],"circlet_count":0,"master_deck":["Strike_P","Strike_P","Strike_P","Eruption+1","Vigilance+1","ForeignInfluence+1","TalkToTheHand+1","ClearTheMind+1","LikeWater","Judgement+1","TalkToTheHand","TalkToTheHand","TalkToTheHand","JustLucky","TalkToTheHand","TalkToTheHand","Study","JustLucky","FlyingSleeves","Violence","Vault","Omniscience+1","LikeWater+1","TalkToTheHand+1","Madness","Trip","Deep Breath+1","TalkToTheHand+1","EmptyFist","JustLucky","Crescendo+1","Apotheosis+1","DeusExMachina","Vengeance","Parasite","JustLucky","FlyingSleeves","Crescendo+1"],"relics":["PureWater","VioletLotus","Blue Candle","Shuriken","PreservedInsect","White Beast Statue","Empty Cage","Calipers","Turnip","Bronze Scales","CeramicFish","Eternal Feather","Strange Spoon","Meat on the Bone","Pear"],"acts_visited":[],"potions_floor_usage":[55,55,55],"damage_taken":[{"damage":0.0,"enemies":"Small Slimes","floor":1.0,"turns":2.0},{"damage":0.0,"enemies":"2 Louse","floor":4.0,"turns":2.0},{"damage":0.0,"enemies":"Cultist","floor":5.0,"turns":2.0},{"damage":0.0,"enemies":"Looter","floor":7.0,"turns":1.0},{"damage":11.0,"enemies":"3 Louse","floor":8.0,"turns":3.0},{"damage":0.0,"enemies":"Large Slime","floor":14.0,"turns":3.0},{"damage":22.0,"enemies":"Hexaghost","floor":16.0,"turns":4.0},{"damage":0.0,"enemies":"Chosen","floor":18.0,"turns":4.0},{"damage":10.0,"enemies":"Shell Parasite","floor":19.0,"turns":5.0},{"damage":12.0,"enemies":"Snake Plant","floor":22.0,"turns":6.0},{"damage":0.0,"enemies":"Slavers","floor":23.0,"turns":3.0},{"damage":10.0,"enemies":"Centurion and Healer","floor":25.0,"turns":5.0},{"damage":10.0,"enemies":"Shelled Parasite and Fungi","floor":28.0,"turns":6.0},{"damage":1.0,"enemies":"Snake Plant","floor":29.0,"turns":4.0},{"damage":3.0,"enemies":"Book of Stabbing","floor":31.0,"turns":3.0},{"damage":0.0,"enemies":"Champ","floor":33.0,"turns":7.0},{"damage":6.0,"enemies":"3 Shapes","floor":35.0,"turns":5.0},{"damage":0.0,"enemies":"Mind Bloom Boss Battle","floor":36.0,"turns":2.0},{"damage":0.0,"enemies":"3 Darklings","floor":38.0,"turns":5.0},{"damage":2.0,"enemies":"2 Orb Walkers","floor":39.0,"turns":7.0},{"damage":4.0,"enemies":"Maw","floor":42.0,"turns":11.0},{"damage":0.0,"enemies":"Giant Head","floor":44.0,"turns":7.0},{"damage":7.0,"enemies":"Writhing Mass","floor":48.0,"turns":4.0},{"damage":46.0,"enemies":"Awakened One","floor":50.0,"turns":9.0},{"damage":22.0,"enemies":"Shield and Spear","floor":54.0,"turns":5.0},{"damage":17,"enemies":"The Heart","floor":55,"turns":5}],"seed_played":"-4277057618612606933","potions_obtained":[{"floor":5.0,"key":"PowerPotion"},{"floor":8.0,"key":"GamblersBrew"},{"floor":12.0,"key":"Fire Potion"},{"floor":16.0,"key":"Dexterity Potion"},{"floor":25.0,"key":"Ancient Potion"},{"floor":28.0,"key":"EssenceOfSteel"},{"floor":33.0,"key":"DistilledChaos"},{"floor":35.0,"key":"FearPotion"},{"floor":39.0,"key":"EssenceOfSteel"},{"floor":42.0,"key":"Ancient Potion"},{"floor":44.0,"key":"EssenceOfSteel"},{"floor":48.0,"key":"Ancient Potion"},{"floor":54.0,"key":"Dexterity Potion"}],"is_trial":false,"path_per_floor":["M","?","?","M","M","R","M","M","T","?","?","?","R","M","R","B",null,"M","M","?","?","M","E","R","M","T","R","M","M","$","E","R","B",null,"M","?","?","M","?","R","T","M","T","E","?","?","$","M","R","B",null,"R","$","E","B",null],"character_chosen":"WATCHER","items_purchased":["FlyingSleeves","Violence","Strange Spoon","Apotheosis","DeusExMachina","Meat on the Bone","LiquidBronze","Vengeance","FlyingSleeves"],"campfire_rested":3,"item_purchase_floors":[30,30,47,47,47,47,47,47,53],"current_hp_per_floor":[72,72,72,72,72,72,72,61,61,47,47,47,67,67,67,45,67,67,57,57,57,45,45,45,35,35,55,45,44,44,41,61,61,67,61,61,51,51,49,49,49,45,45,45,45,45,45,38,59,25,67,67,67,55,50],"gold":60,"neow_bonus":"UPGRADE_CARD","is_daily":false,"chose_seed":false,"campfire_upgraded":6,"win_rate":0.0,"timestamp":1614164875,"path_taken":["M","?","?","M","?","R","M","M","T","?","?","?","R","M","R","BOSS","M","?","?","?","M","E","R","M","T","R","M","M","$","E","R","BOSS","M","?","?","M","?","R","?","?","T","E","?","?","$","M","R","BOSS","R","$","E","BOSS"],"items_purchased_type":["Card","Card","Relic","Card","Card","Relic","Potion","Card","Card"],"build_version":"2020-12-22","purchased_purges":2,"victory":true,"max_hp_per_floor":[72,72,72,72,72,72,72,72,72,72,67,67,67,67,67,67,67,67,67,67,67,67,67,67,67,67,67,67,67,67,67,67,67,67,67,67,67,67,67,67,67,67,67,67,67,67,67,67,67,67,67,67,67,77,77],"card_choices":[{"not_picked":["Prostrate","Worship"],"picked":"ForeignInfluence","floor":1.0},{"not_picked":["FollowUp","FlurryOfBlows"],"picked":"TalkToTheHand","floor":4.0},{"not_picked":["MentalFortress","Protect","SignatureMove"],"picked":"SKIP","floor":5.0},{"not_picked":["FollowUp","Halt"],"picked":"ClearTheMind","floor":7.0},{"not_picked":["FlyingSleeves","Halt"],"picked":"Evaluate","floor":8.0},{"not_picked":["FollowUp","ThirdEye"],"picked":"LikeWater","floor":14.0},{"not_picked":["Omniscience","MasterReality"],"picked":"Judgement","floor":16.0},{"not_picked":["JustLucky","EmptyFist"],"picked":"TalkToTheHand","floor":18.0},{"not_picked":["JustLucky","EmptyFist"],"picked":"TalkToTheHand","floor":19.0},{"not_picked":["EmptyBody","Brilliance"],"picked":"JustLucky","floor":22.0},{"not_picked":["JustLucky","EmptyFist"],"picked":"TalkToTheHand","floor":23.0},{"not_picked":["JustLucky","EmptyFist"],"picked":"TalkToTheHand","floor":25.0},{"not_picked":["EmptyFist","Crescendo"],"picked":"Study","floor":28.0},{"not_picked":["TalkToTheHand","EmptyFist"],"picked":"JustLucky","floor":29.0},{"not_picked":["Collect","Evaluate"],"picked":"Vault","floor":31.0},{"not_picked":["Judgement","LessonLearned"],"picked":"Omniscience","floor":33.0},{"not_picked":["BowlingBash","Crescendo+1"],"picked":"LikeWater+1","floor":35.0},{"not_picked":["JustLucky","EmptyFist"],"picked":"TalkToTheHand+1","floor":36.0},{"not_picked":["Enlightenment","Jack Of All Trades"],"picked":"Madness","floor":37.0},{"not_picked":["Impatience","Panache"],"picked":"Trip","floor":37.0},{"not_picked":["Forethought","Enlightenment"],"picked":"Deep Breath","floor":37.0},{"not_picked":["JustLucky","EmptyFist"],"picked":"TalkToTheHand+1","floor":38.0},{"not_picked":["Crescendo+1","Study"],"picked":"EmptyFist","floor":39.0},{"not_picked":["TalkToTheHand+1","EmptyFist"],"picked":"JustLucky","floor":42.0},{"not_picked":["EmptyFist","Study"],"picked":"Crescendo+1","floor":44.0},{"not_picked":["TalkToTheHand+1","EmptyFist"],"picked":"JustLucky","floor":48.0},{"not_picked":["EmptyFist","Study"],"picked":"Crescendo+1","floor":54.0}],"player_experience":158310,"relics_obtained":[{"floor":23.0,"key":"Shuriken"},{"floor":26.0,"key":"PreservedInsect"},{"floor":31.0,"key":"White Beast Statue"},{"floor":36.0,"key":"Calipers"},{"floor":39.0,"key":"Turnip"},{"floor":41.0,"key":"Bronze Scales"},{"floor":43.0,"key":"CeramicFish"},{"floor":44.0,"key":"Eternal Feather"},{"floor":54.0,"key":"Pear"}],"event_choices":[{"cards_removed":["Defend_P"],"damage_healed":0.0,"max_hp_gain":0.0,"max_hp_loss":0.0,"gold_gain":0.0,"event_name":"The Cleric","player_choice":"Card Removal","floor":2.0,"gold_loss":50.0,"damage_taken":0.0},{"damage_healed":0.0,"max_hp_gain":0.0,"max_hp_loss":0.0,"gold_gain":0.0,"event_name":"Accursed Blacksmith","player_choice":"Forge","floor":3.0,"gold_loss":0.0,"damage_taken":0.0,"cards_upgraded":["ForeignInfluence"]},{"damage_healed":0.0,"max_hp_gain":0.0,"max_hp_loss":0.0,"gold_gain":0.0,"event_name":"Shining Light","player_choice":"Entered Light","floor":10.0,"gold_loss":0.0,"damage_taken":14.0,"cards_upgraded":["Vigilance","Defend_P"]},{"damage_healed":0.0,"max_hp_gain":0.0,"max_hp_loss":5.0,"gold_gain":0.0,"event_name":"Golden Idol","player_choice":"Lose Max HP","floor":11.0,"gold_loss":0.0,"damage_taken":0.0,"relics_obtained":["Golden Idol"]},{"damage_healed":0.0,"max_hp_gain":0.0,"max_hp_loss":0.0,"gold_gain":0.0,"event_name":"The Woman in Blue","player_choice":"Bought 1 Potion","floor":12.0,"gold_loss":0.0,"damage_taken":0.0},{"damage_healed":0.0,"max_hp_gain":0.0,"max_hp_loss":0.0,"gold_gain":0.0,"event_name":"The Library","player_choice":"Read","floor":20.0,"gold_loss":0.0,"damage_taken":0.0,"cards_obtained":["TalkToTheHand"]},{"damage_healed":0.0,"max_hp_gain":0.0,"max_hp_loss":0.0,"gold_gain":0.0,"event_name":"The Mausoleum","player_choice":"Opened","floor":21.0,"gold_loss":0.0,"damage_taken":0.0,"relics_obtained":["Blue Candle"]},{"damage_healed":0.0,"max_hp_gain":0.0,"max_hp_loss":0.0,"gold_gain":0.0,"event_name":"MindBloom","player_choice":"Fight","floor":36.0,"gold_loss":0.0,"damage_taken":0.0},{"damage_healed":0.0,"max_hp_gain":0.0,"max_hp_loss":0.0,"gold_gain":0.0,"event_name":"SensoryStone","player_choice":"Memory 3","floor":37.0,"gold_loss":0.0,"damage_taken":10.0},{"damage_healed":0.0,"max_hp_gain":0.0,"max_hp_loss":0.0,"gold_gain":0.0,"event_name":"Mysterious Sphere","player_choice":"Fight","floor":39.0,"gold_loss":0.0,"damage_taken":0.0},{"cards_removed":["Defend_P"],"damage_healed":0.0,"max_hp_gain":0.0,"max_hp_loss":0.0,"gold_gain":0.0,"event_name":"Falling","player_choice":"Removed Skill","floor":45.0,"gold_loss":0.0,"damage_taken":0.0},{"damage_healed":0.0,"max_hp_gain":0.0,"max_hp_loss":0.0,"gold_gain":333.0,"event_name":"The Moai Head","player_choice":"Gave Idol","floor":46.0,"relics_lost":["Golden Idol"],"gold_loss":0.0,"damage_taken":0.0}],"is_beta":false,"boss_relics":[{"not_picked":["Tiny House","Velvet Choker"],"picked":"VioletLotus"},{"not_picked":["Busted Crown","HolyWater"],"picked":"Empty Cage"}],"items_purged_floors":[30,47],"is_endless":false,"potions_floor_spawned":[5,8,16,25,28,33,35,36,38,39,42,44,48,54],"ascension_level":0}}