{"host":"359hz4210ybch7ku","time":1614143300,"event":{"mods":["BaseMod","Block Reminder","Colored Map","Colored Powertips","Highlight Path","Minty Spire (QoL Compilation)","Slay the Relics Exporter","StSLib"],"gold_per_floor":[115,115,115,129,149,149,175,100,100,120,153,153,74,103,103,202,202,217,117,131,56,56,81,97,97,97,130,130,140,140,153,153,254,254,264,276,276,127,127,127,127],"floor_reached":40,"language":"ENG","playtime":2646,"items_purged":["Strike_G","Strike_G"],"score":584,"play_id":"7e6bc3ef-6f01-4675-9e29-16f8dc6150cd","local_time":"20210223210820","is_ascension_mode":true,"campfire_choices":[{"data":"Flechettes","floor":6.0,"key":"SMITH"},{"data":"Setup","floor":12.0,"key":"SMITH"},{"floor":15.0,"key":"REST"},{"data":"Tools of the Trade","floor":25.0,"key":"SMITH"},{"data":"Blur","floor":30.0,"key":"SMITH"},{"data":"Blur","floor":32.0,"key":"SMITH"}],"circlet_count":0,"master_deck":["Strike_G","Defend_G","Defend_G","Defend_G","Defend_G","Defend_G","Survivor","Neutralize","Flechettes+1","Dodge and Roll","Backflip","Blur+1","Flechettes+1","Setup+1","Blur","Blur+1","Night Terror","PiercingWail","Tools of the Trade+1","Escape Plan","After Image","PiercingWail+1","Setup+1"],"relics":["Ring of the Snake","NeowsBlessing","Kunai","Molten Egg 2","StrikeDummy","Bronze Scales","Runic Pyramid","Shovel","Sundial","Bag of Marbles","Meat on the Bone","HoveringKite","DollysMirror"],"acts_visited":["Exordium","TheCity","TheBeyond"],"potions_floor_usage":[40,40],"damage_taken":[{"damage":0.0,"enemies":"2 Louse","floor":1.0,"turns":1.0},{"damage":0.0,"enemies":"Cultist","floor":4.0,"turns":1.0},{"damage":0.0,"enemies":"Small Slimes","floor":5.0,"turns":1.0},{"damage":5.0,"enemies":"3 Sentries","floor":7.0,"turns":11.0},{"damage":5.0,"enemies":"Exordium Thugs","floor":10.0,"turns":6.0},{"damage":46.0,"enemies":"Gremlin Nob","floor":11.0,"turns":6.0},{"damage":8.0,"enemies":"3 Sentries","floor":14.0,"turns":13.0},{"damage":16.0,"enemies":"Slime Boss","floor":16.0,"turns":12.0},{"damage":2.0,"enemies":"Chosen","floor":18.0,"turns":3.0},{"damage":0.0,"enemies":"3 Byrds","floor":20.0,"turns":3.0},{"damage":0.0,"enemies":"Book of Stabbing","floor":23.0,"turns":5.0},{"damage":0.0,"enemies":"Centurion and Healer","floor":24.0,"turns":5.0},{"damage":40.0,"enemies":"Slavers","floor":27.0,"turns":7.0},{"damage":6.0,"enemies":"Snecko","floor":29.0,"turns":5.0},{"damage":0.0,"enemies":"Snake Plant","floor":31.0,"turns":4.0},{"damage":11.0,"enemies":"Automaton","floor":33.0,"turns":10.0},{"damage":3.0,"enemies":"Orb Walker","floor":35.0,"turns":2.0},{"damage":0.0,"enemies":"3 Darklings","floor":36.0,"turns":5.0},{"damage":134,"enemies":"Giant Head","floor":40,"turns":11}],"seed_played":"-2998795539606744829","potions_obtained":[{"floor":1.0,"key":"FairyPotion"},{"floor":11.0,"key":"Block Potion"},{"floor":14.0,"key":"FearPotion"},{"floor":16.0,"key":"SpeedPotion"},{"floor":18.0,"key":"AttackPotion"},{"floor":27.0,"key":"SmokeBomb"},{"floor":29.0,"key":"SteroidPotion"},{"floor":31.0,"key":"Fire Potion"},{"floor":33.0,"key":"BlessingOfTheForge"}],"is_trial":false,"path_per_floor":["M","?","$","M","M","R","E","$","T","M","E","R","$","E","R","B",null,"M","$","M","?","?","E","M","R","T","E","T","M","R","M","R","B",null,"M","M","?","$","?","E"],"character_chosen":"THE_SILENT","items_purchased":["Blur","DollysMirror"],"campfire_rested":1,"item_purchase_floors":[13,38],"current_hp_per_floor":[70,70,70,70,70,70,65,65,65,60,14,14,14,6,27,11,55,53,53,53,53,53,53,53,53,53,13,13,19,19,31,31,32,61,58,58,58,58,63,0,0],"gold":127,"neow_bonus":"THREE_ENEMY_KILL","is_daily":false,"chose_seed":false,"campfire_upgraded":5,"win_rate":0.0,"timestamp":1614143300,"path_taken":["M","?","$","M","?","R","E","$","T","M","E","R","$","E","R","BOSS","M","$","M","?","?","E","?","R","T","E","?","M","R","M","R","BOSS","M","M","?","$","?","E"],"items_purchased_type":["Card","Relic"],"build_version":"2020-12-22","purchased_purges":2,"victory":false,"max_hp_per_floor":[70,70,70,70,70,70,70,70,70,70,70,70,70,70,70,70,70,70,70,70,70,70,70,70,70,70,70,70,70,70,70,70,70,70,70,70,70,70,70,70,70],"card_choices":[{"not_picked":["Calculated Gamble","Deadly Poison"],"picked":"Flechettes","floor":1.0},{"not_picked":["Cloak And Dagger","Masterful Stab"],"picked":"Dodge and Roll","floor":4.0},{"not_picked":["Tactician","Sucker Punch"],"picked":"Backflip","floor":5.0},{"not_picked":["Flechettes","Outmaneuver"],"picked":"Blur","floor":7.0},{"not_picked":["Poisoned Stab+1","Slice+1"],"picked":"Flechettes+1","floor":10.0},{"not_picked":["Grand Finale+1","Well Laid Plans"],"picked":"Setup","floor":11.0},{"not_picked":["Backstab+1","Prepared"],"picked":"Blur","floor":14.0},{"not_picked":["Bullet Time","Malaise"],"picked":"Night Terror","floor":16.0},{"not_picked":["Bane+1","Catalyst"],"picked":"PiercingWail","floor":18.0},{"not_picked":["Well Laid Plans","Underhanded Strike+1","Prepared"],"picked":"SKIP","floor":20.0},{"not_picked":["Concentrate","Crippling Poison+1"],"picked":"Tools of the Trade","floor":23.0},{"not_picked":["Bane+1","Quick Slash+1","Underhanded Strike+1"],"picked":"SKIP","floor":24.0},{"not_picked":["Bane+1","Quick Slash+1","Underhanded Strike+1"],"picked":"SKIP","floor":24.0},{"not_picked":["Reflex","Accuracy"],"picked":"PiercingWail","floor":27.0},{"not_picked":["Poisoned Stab+1","Well Laid Plans","Deflect"],"picked":"SKIP","floor":29.0},{"not_picked":["Riddle With Holes+1","Crippling Poison"],"picked":"Escape Plan","floor":31.0},{"not_picked":["Doppelganger","Tools of the Trade"],"picked":"After Image","floor":33.0},{"not_picked":["Infinite Blades","Expertise+1"],"picked":"PiercingWail+1","floor":35.0},{"not_picked":["Deflect+1","Cloak And Dagger+1","Dodge and Roll"],"picked":"SKIP","floor":36.0}],"player_experience":354424,"relics_obtained":[{"floor":7.0,"key":"Kunai"},{"floor":9.0,"key":"Molten Egg 2"},{"floor":11.0,"key":"StrikeDummy"},{"floor":14.0,"key":"Bronze Scales"},{"floor":23.0,"key":"Shovel"},{"floor":26.0,"key":"Sundial"},{"floor":27.0,"key":"Bag of Marbles"},{"floor":28.0,"key":"Meat on the Bone"}],"event_choices":[{"cards_removed":["Strike_G"],"damage_healed":0.0,"max_hp_gain":0.0,"max_hp_loss":0.0,"gold_gain":0.0,"event_name":"Purifier","player_choice":"Purged","floor":2.0,"gold_loss":0.0,"damage_taken":0.0},{"cards_removed":["Strike_G"],"damage_healed":0.0,"max_hp_gain":0.0,"max_hp_loss":0.0,"gold_gain":0.0,"event_name":"Beggar","player_choice":"Gave Gold","floor":21.0,"gold_loss":75.0,"damage_taken":0.0},{"damage_healed":0.0,"max_hp_gain":0.0,"max_hp_loss":0.0,"gold_gain":0.0,"event_name":"The Woman in Blue","player_choice":"Bought 0 Potions","floor":22.0,"gold_loss":0.0,"damage_taken":0.0},{"damage_healed":0.0,"max_hp_gain":0.0,"max_hp_loss":0.0,"gold_gain":0.0,"event_name":"Tomb of Lord Red Mask","player_choice":"Ignored","floor":37.0,"gold_loss":0.0,"damage_taken":0.0},{"cards_removed":["PiercingWail"],"damage_healed":5.0,"max_hp_gain":0.0,"max_hp_loss":0.0,"gold_gain":0.0,"event_name":"Bonfire Elementals","player_choice":"Offered Common","floor":39.0,"gold_loss":0.0,"damage_taken":0.0},{"cards_removed":["PiercingWail"],"damage_healed":5.0,"max_hp_gain":0.0,"max_hp_loss":0.0,"gold_gain":0.0,"event_name":"Bonfire Elementals","player_choice":"Offered Special","floor":39.0,"gold_loss":0.0,"damage_taken":0.0}],"is_beta":false,"boss_relics":[{"not_picked":["Tiny House","SacredBark"],"picked":"Runic Pyramid"},{"not_picked":["Busted Crown","SlaversCollar"],"picked":"HoveringKite"}],"items_purged_floors":[8,19],"is_endless":false,"potions_floor_spawned":[1,11,14,16,18,27,29,31,33],"killed_by":"Giant Head","ascension_level":5}}