{"host":"whyfdmrq1ty0e9zp","time":1614144519,"event":{"mods":["Act Like it!","BaseMod","Colored Map","Colored Powertips","Conspire","Energized Spire","Gensokyo","Marisa£®ÏF”Í°°ƒß¿Ì…≥£©","Minty Spire (QoL Compilation)","MostiFishMod","Prisma Mod","Quick Restart","Relic Filter Mod","Relic Stats","Reliquary","Remilia£®¿Ÿ√◊¿Ú—«£©","Replay The Spire","StSLib","TestMod","The Servant 0.9.4","°æ“≈ŒÔø®≈∆°øREMEMod","≤–¡Ù÷ÆŒÔ"],"gold_per_floor":[111,128,128,128,143,173,173,190,190,210,239,253,265,13,13,111,111,81,81],"floor_reached":18,"language":"ZHS","playtime":824,"items_purged":["PlaceholderMod:BaseStrike"],"score":224,"play_id":"476ebf4a-accd-41da-ad74-887618b1f757","local_time":"20210224132839","is_ascension_mode":false,"campfire_choices":[{"data":"PlaceholderMod:PoisonWhip","floor":7,"key":"SMITH"},{"data":"PlaceholderMod:ConsolidateHit","floor":15,"key":"SMITH"}],"circlet_count":0,"master_deck":["PlaceholderMod:BaseStrike","PlaceholderMod:BaseStrike","PlaceholderMod:BaseStrike","PlaceholderMod:BaseStrike","PlaceholderMod:BaseDefend","PlaceholderMod:BaseDefend","PlaceholderMod:BaseDefend","PlaceholderMod:BaseDefend","PlaceholderMod:BaseDefend","PlaceholderMod:Crystal","PlaceholderMod:PoisonWhip+1","MostiFishMod:PerfectForm","PlaceholderMod:PoisonAbsorb","PlaceholderMod:HardStrike+1","PlaceholderMod:ComplexForm","PlaceholderMod:DirectingGroup","PlaceholderMod:ConsolidateHit+1","PlaceholderMod:Hyperplasia","PlaceholderMod:UnpureUse","PlaceholderMod:PoisonAbsorb","PlaceholderMod:PoisonBlast","PlaceholderMod:HardStinger","PlaceholderMod:GrowthForm"],"relics":["PlaceholderMod:Tancle","testmod-TestBox","DaveBox","REME_ComplimentaryCards","HaiYi:Twilight","testmod-CardMagician","NeowsBlessing","SynthV:TestCard","Mirror","reliquary:QuartzCube","Letter Opener","ReplayFunnel","reliquary:Craggleroot"],"acts_visited":["Exordium","TheCity"],"potions_floor_usage":[],"damage_taken":[{"damage":0,"enemies":"2 Louse","floor":1,"turns":2},{"damage":0,"enemies":"Small Slimes","floor":2,"turns":1},{"damage":0,"enemies":"Cultist","floor":5,"turns":3},{"damage":6,"enemies":"3 Sentries","floor":6,"turns":8},{"damage":0,"enemies":"3 Louse","floor":8,"turns":3},{"damage":4,"enemies":"conspire:2 RoseBushes","floor":10,"turns":4},{"damage":1,"enemies":"Gremlin Nob","floor":11,"turns":3},{"damage":7,"enemies":"Blue Slaver","floor":12,"turns":3},{"damage":0,"enemies":"3 Louse","floor":13,"turns":4},{"damage":0,"enemies":"Fading Forest","floor":16,"turns":11},{"damage":15,"enemies":"2 Thieves","floor":18,"turns":2}],"seed_played":"-4567090261776694661","potions_obtained":[{"floor":2,"key":"Explosive Potion"},{"floor":5,"key":"Milkshake"},{"floor":8,"key":"AttackPotion"},{"floor":16,"key":"PowerPotion"}],"is_trial":false,"path_per_floor":["M","M","?","?","M","E","R","M","T","M","E","M","M","$","R","B",null,"M"],"character_chosen":"THE_PLACEHOLDER","items_purchased":["PlaceholderMod:HardStinger","ReplayFunnel"],"campfire_rested":0,"item_purchase_floors":[14,14],"current_hp_per_floor":[78,78,78,78,78,72,72,72,72,68,67,60,60,60,60,70,78,63,63],"gold":81,"neow_bonus":"THREE_ENEMY_KILL","is_daily":false,"chose_seed":false,"campfire_upgraded":2,"win_rate":0.0,"timestamp":1614144519,"path_taken":["M","M","?","?","M","E","R","M","T","M","E","M","?","$","R","BOSS","M"],"items_purchased_type":["Card","Relic"],"build_version":"2020-12-22","purchased_purges":1,"victory":false,"max_hp_per_floor":[78,78,78,78,78,78,78,78,78,78,78,78,78,78,78,78,78,78,78],"relic_stats":{"counters":[11,44],"Letter Opener":[88],"obtain_stats":[{"ReplayFunnel":14,"PlaceholderMod:Tancle":0,"testmod-TestBox":0,"DaveBox":0,"NeowsBlessing":0,"testmod-CardMagician":0,"Letter Opener":11,"reliquary:QuartzCube":9,"SynthV:TestCard":1,"HaiYi:Twilight":0,"reliquary:Craggleroot":17,"Mirror":6,"REME_ComplimentaryCards":0},{"ReplayFunnel":9,"PlaceholderMod:Tancle":0,"testmod-TestBox":0,"DaveBox":0,"NeowsBlessing":0,"testmod-CardMagician":0,"Letter Opener":7,"reliquary:QuartzCube":5,"SynthV:TestCard":1,"HaiYi:Twilight":0,"reliquary:Craggleroot":10,"Mirror":4,"REME_ComplimentaryCards":0},{"ReplayFunnel":31,"PlaceholderMod:Tancle":0,"testmod-TestBox":0,"DaveBox":0,"NeowsBlessing":0,"testmod-CardMagician":0,"Letter Opener":24,"reliquary:QuartzCube":17,"SynthV:TestCard":2,"HaiYi:Twilight":0,"reliquary:Craggleroot":42,"Mirror":14,"REME_ComplimentaryCards":0}]},"card_choices":[{"not_picked":["PlaceholderMod:SpinBlade","PlaceholderMod:HornyBlast"],"picked":"PlaceholderMod:PoisonAbsorb","floor":1},{"not_picked":["PlaceholderMod:TriggerStrike","PlaceholderMod:Polyp","PlaceholderMod:SeverePoisonStrike","PlaceholderMod:PoisonAbsorb"],"picked":"PlaceholderMod:HardStrike","floor":2},{"not_picked":["PlaceholderMod:AngryAttack","PlaceholderMod:HardStrike","PlaceholderMod:HealingAttack","PlaceholderMod:Polyp"],"picked":"PlaceholderMod:ComplexForm","floor":5},{"not_picked":["PlaceholderMod:ParasiteChange","PlaceholderMod:TriggerStrike","PlaceholderMod:SubstitutionNucleophilic1","PlaceholderMod:PoisonAbsorb"],"picked":"PlaceholderMod:DirectingGroup","floor":6},{"not_picked":["PlaceholderMod:PoisonAbsorb","PlaceholderMod:ParasiteChange","PlaceholderMod:ThreeBenzyolStart","PlaceholderMod:Stratification"],"picked":"PlaceholderMod:ConsolidateHit","floor":8},{"not_picked":["PlaceholderMod:HealingAttack","PlaceholderMod:Break","PlaceholderMod:ComplexForm","PlaceholderMod:SevereHeat"],"picked":"PlaceholderMod:Hyperplasia","floor":10},{"not_picked":["PlaceholderMod:SelfCoupling","PlaceholderMod:ConsolidateHit","PlaceholderMod:EvolutionSpray","PlaceholderMod:NearChange"],"picked":"PlaceholderMod:UnpureUse","floor":11},{"not_picked":["PlaceholderMod:Sweep","PlaceholderMod:ProliferateStrike","PlaceholderMod:EnergyAbsorb","PlaceholderMod:Turn"],"picked":"PlaceholderMod:PoisonAbsorb","floor":12},{"not_picked":["PlaceholderMod:StressReaction","PlaceholderMod:DissolvingSpikes","PlaceholderMod:ContinueSpray","PlaceholderMod:Internalization"],"picked":"PlaceholderMod:PoisonBlast","floor":13},{"not_picked":["PlaceholderMod:DoublePoint","PlaceholderMod:Eat","PlaceholderMod:ReactionCatalyze","PlaceholderMod:SelfCoupling"],"picked":"PlaceholderMod:GrowthForm","floor":16}],"player_experience":519499,"relics_obtained":[{"floor":1,"key":"SynthV:TestCard"},{"floor":6,"key":"Mirror"},{"floor":9,"key":"reliquary:QuartzCube"},{"floor":11,"key":"Letter Opener"}],"event_choices":[{"damage_healed":0,"gold_gain":0,"player_choice":"Leave","damage_taken":0,"max_hp_gain":0,"max_hp_loss":0,"event_name":"conspire:Investor","floor":3,"gold_loss":0},{"damage_healed":0,"gold_gain":0,"player_choice":"Upgraded","damage_taken":0,"max_hp_gain":0,"max_hp_loss":0,"event_name":"Upgrade Shrine","floor":4,"gold_loss":0,"cards_upgraded":["PlaceholderMod:HardStrike"]}],"is_beta":false,"boss_relics":[{"not_picked":["Honey Jar","Ring of Chaos"],"picked":"reliquary:Craggleroot"}],"items_purged_floors":[14],"is_endless":false,"potions_floor_spawned":[2,5,8,12,16],"killed_by":"2 Thieves","ascension_level":0}}