{"host":"iv24d026eac8pm4e","time":1614185227,"event":{"mods":["BaseMod","Minty Spire (QoL Compilation)"],"gold_per_floor":[362,373,0,19,37,37,48,48,94,94,94,94],"floor_reached":11,"language":"ENG","playtime":979,"items_purged":[],"score":130,"play_id":"dfe09a42-a3ff-4a3e-8256-94460aa1eb89","local_time":"20210224084707","is_ascension_mode":true,"campfire_choices":[{"data":"Noxious Fumes","floor":6,"key":"SMITH"},{"data":"Crippling Poison","floor":8,"key":"SMITH"}],"circlet_count":0,"master_deck":["AscendersBane","Strike_G","Strike_G","Strike_G","Strike_G","Strike_G","Defend_G","Defend_G","Defend_G","Defend_G","Defend_G","Survivor","Neutralize","Backflip","Well Laid Plans","Noxious Fumes+1","Crippling Poison+1","Catalyst","Blade Dance"],"relics":["Ring of the Snake","Turnip","Orichalcum"],"acts_visited":["Exordium"],"potions_floor_usage":[7,11],"damage_taken":[{"damage":1,"enemies":"2 Louse","floor":1,"turns":4},{"damage":1,"enemies":"Small Slimes","floor":2,"turns":5},{"damage":7,"enemies":"Jaw Worm","floor":4,"turns":6},{"damage":8,"enemies":"Looter","floor":5,"turns":4},{"damage":3,"enemies":"Lots of Slimes","floor":7,"turns":4},{"damage":9,"enemies":"3 Sentries","floor":11,"turns":2}],"seed_played":"-5778719108470509321","potions_obtained":[{"floor":4,"key":"SneckoOil"},{"floor":7,"key":"DistilledChaos"}],"is_trial":false,"path_per_floor":["M","M","$","M","M","R","M","R","T","?","E"],"character_chosen":"THE_SILENT","items_purchased":["Turnip","Noxious Fumes"],"campfire_rested":0,"item_purchase_floors":[3,3],"current_hp_per_floor":[43,42,42,35,27,27,24,24,24,6,0,0],"gold":94,"neow_bonus":"TWO_FIFTY_GOLD","is_daily":false,"chose_seed":false,"campfire_upgraded":2,"win_rate":0.0,"timestamp":1614185227,"path_taken":["M","M","$","M","M","R","M","R","T","?","E"],"items_purchased_type":["Relic","Card"],"build_version":"2020-12-22","purchased_purges":0,"victory":false,"max_hp_per_floor":[66,66,66,66,66,66,66,66,66,66,66,66],"card_choices":[{"not_picked":["Bane","Acrobatics"],"picked":"Backflip","floor":1},{"not_picked":["Dagger Throw","Backflip"],"picked":"Well Laid Plans","floor":2},{"not_picked":["Sucker Punch","Poisoned Stab"],"picked":"Crippling Poison","floor":4},{"not_picked":["Sucker Punch","Bane"],"picked":"Catalyst","floor":5},{"not_picked":["All Out Attack","Accuracy"],"picked":"Blade Dance","floor":7}],"player_experience":2615079,"relics_obtained":[{"floor":9,"key":"Orichalcum"}],"event_choices":[{"damage_healed":0,"gold_gain":0,"player_choice":"Fled","damage_taken":18,"max_hp_gain":0,"max_hp_loss":0,"event_name":"Scrap Ooze","floor":10,"gold_loss":0}],"is_beta":false,"boss_relics":[],"items_purged_floors":[],"is_endless":false,"potions_floor_spawned":[4,7],"killed_by":"3 Sentries","ascension_level":20}}