{"host":"tlbbab9afexrkdtf","time":1614201615,"event":{"mods":["2.2 Compatiblity","AchievementEnabler","BaseMod","Colored Map","Colored Powertips","Minty Spire (QoL Compilation)","Rare Cards Sparkle","StSLib"],"gold_per_floor":[110,110,125,138,138,173,26,56,56,21,21,21,35,45,45,145,145,159,159,173,173,173,173,200,200,200,213,248,23,36,46,46,46,46],"floor_reached":33,"language":"ENG","playtime":847,"items_purged":[],"score":428,"play_id":"770883dd-40fb-4f4d-8954-5de4829b1166","local_time":"20210224162015","is_ascension_mode":true,"campfire_choices":[{"floor":15,"key":"REST"},{"floor":23,"key":"REST"},{"floor":25,"key":"REST"},{"floor":32,"key":"REST"}],"circlet_count":0,"master_deck":["Defend_B+1","Defend_B+1","Defend_B+1","Defend_B+1","Zap+1","Dualcast","Ball Lightning","Beam Cell","Ball Lightning","Auto Shields","Loop","Glacier","Ball Lightning","Sunder","Lockon","Lockon","Cold Snap","Creative AI","Sunder+1","Undo+1","Recycle+1","Storm","Static Discharge","Deep Breath","Zap","Storm","Turbo+1","Consume+1","Coolheaded","Self Repair","Static Discharge","Self Repair+1","Turbo+1","Force Field"],"relics":["Cracked Core","NeowsBlessing","Omamori","HornCleat","Dream Catcher","Regal Pillow","Astrolabe","Anchor","PreservedInsect","DataDisk"],"acts_visited":["Exordium","TheCity"],"potions_floor_usage":[3,8,24,28,33,33],"damage_taken":[{"damage":0,"enemies":"Small Slimes","floor":1,"turns":1},{"damage":0,"enemies":"Cultist","floor":3,"turns":1},{"damage":0,"enemies":"2 Louse","floor":4,"turns":1},{"damage":25,"enemies":"3 Sentries","floor":6,"turns":6},{"damage":20,"enemies":"Lagavulin","floor":8,"turns":7},{"damage":22,"enemies":"Exordium Wildlife","floor":13,"turns":6},{"damage":0,"enemies":"2 Fungi Beasts","floor":14,"turns":1},{"damage":6,"enemies":"Slime Boss","floor":16,"turns":7},{"damage":12,"enemies":"3 Byrds","floor":18,"turns":4},{"damage":11,"enemies":"Shell Parasite","floor":20,"turns":7},{"damage":33,"enemies":"Gremlin Leader","floor":24,"turns":6},{"damage":5,"enemies":"Cultist and Chosen","floor":27,"turns":5},{"damage":42,"enemies":"Book of Stabbing","floor":28,"turns":5},{"damage":6,"enemies":"Snake Plant","floor":30,"turns":5},{"damage":11,"enemies":"Shelled Parasite and Fungi","floor":31,"turns":7},{"damage":80,"enemies":"Collector","floor":33,"turns":9}],"seed_played":"754374350888657020","potions_obtained":[{"floor":3,"key":"Fruit Juice"},{"floor":6,"key":"ColorlessPotion"},{"floor":13,"key":"Ancient Potion"},{"floor":20,"key":"Block Potion"},{"floor":27,"key":"DistilledChaos"},{"floor":31,"key":"EssenceOfSteel"}],"is_trial":false,"path_per_floor":["M","?","M","M","?","E","$","E","T","?","$","?","M","M","R","B",null,"M","?","M","?","?","R","E","R","T","M","E","$","M","M","R","B"],"character_chosen":"DEFECT","items_purchased":["Loop","Glacier","DataDisk","Static Discharge"],"campfire_rested":4,"item_purchase_floors":[7,7,29,29],"current_hp_per_floor":[68,68,73,73,55,30,30,10,10,30,30,30,8,8,47,41,70,58,58,47,32,32,72,39,79,79,74,32,32,33,32,72,0,0],"gold":46,"neow_bonus":"THREE_ENEMY_KILL","is_daily":false,"chose_seed":false,"campfire_upgraded":0,"win_rate":0.0,"timestamp":1614201615,"path_taken":["M","?","M","?","?","E","$","E","T","?","?","?","M","M","R","BOSS","M","?","M","?","?","R","E","R","T","M","E","$","M","M","R","BOSS"],"items_purchased_type":["Card","Card","Relic","Card"],"build_version":"2020-12-22","purchased_purges":0,"victory":false,"max_hp_per_floor":[75,75,80,80,80,80,80,80,80,80,80,80,80,80,80,80,80,80,80,80,85,85,85,85,85,85,85,85,85,85,85,85,85,85],"card_choices":[{"not_picked":["Hologram","Redo"],"picked":"Ball Lightning","floor":1},{"not_picked":["Go for the Eyes","Heatsinks"],"picked":"Beam Cell","floor":3},{"not_picked":["Leap","BootSequence"],"picked":"Ball Lightning","floor":4},{"not_picked":["Reprogram","Streamline"],"picked":"Auto Shields","floor":6},{"not_picked":["Rebound","Sunder"],"picked":"Ball Lightning","floor":8},{"not_picked":["Gash","Streamline"],"picked":"Lockon","floor":13},{"not_picked":["Capacitor","Heatsinks"],"picked":"Lockon","floor":14},{"not_picked":["Sweeping Beam","Reinforced Body"],"picked":"Cold Snap","floor":15},{"not_picked":["All For One","Hyperbeam"],"picked":"Creative AI","floor":16},{"not_picked":["Compile Driver","Barrage+1"],"picked":"Storm","floor":18},{"not_picked":["Sweeping Beam+1","Hologram"],"picked":"Static Discharge","floor":20},{"not_picked":["Lockon","Beam Cell"],"picked":"Storm","floor":23},{"not_picked":["Steam","Machine Learning"],"picked":"Turbo+1","floor":24},{"not_picked":["Ball Lightning","Redo"],"picked":"Consume+1","floor":25},{"not_picked":["Turbo","Glacier"],"picked":"Coolheaded","floor":27},{"not_picked":["Leap+1","Rip and Tear"],"picked":"Self Repair","floor":28},{"not_picked":["Sunder","Turbo+1"],"picked":"Self Repair+1","floor":30},{"not_picked":["Conserve Battery","Beam Cell"],"picked":"Turbo+1","floor":31},{"not_picked":["Melter","Leap"],"picked":"Force Field","floor":32}],"player_experience":365527,"relics_obtained":[{"floor":6,"key":"HornCleat"},{"floor":8,"key":"Dream Catcher"},{"floor":9,"key":"Regal Pillow"},{"floor":24,"key":"Anchor"},{"floor":28,"key":"PreservedInsect"}],"event_choices":[{"damage_healed":0,"gold_gain":0,"player_choice":"Upgraded","damage_taken":0,"max_hp_gain":0,"max_hp_loss":0,"event_name":"Upgrade Shrine","floor":2,"gold_loss":0,"cards_upgraded":["Zap"]},{"damage_healed":0,"gold_gain":0,"player_choice":"Success","damage_taken":18,"relics_obtained":["Omamori"],"max_hp_gain":0,"max_hp_loss":0,"event_name":"Scrap Ooze","floor":5,"gold_loss":0},{"damage_healed":20,"gold_gain":0,"player_choice":"Healed","damage_taken":0,"max_hp_gain":0,"max_hp_loss":0,"event_name":"The Cleric","floor":10,"gold_loss":35},{"damage_healed":0,"gold_gain":0,"cards_transformed":["Strike_B"],"player_choice":"Change","damage_taken":0,"max_hp_gain":0,"max_hp_loss":0,"event_name":"Living Wall","floor":12,"gold_loss":0,"cards_obtained":["Sunder"]},{"damage_healed":0,"gold_gain":0,"player_choice":"Simplicity","damage_taken":0,"max_hp_gain":0,"max_hp_loss":0,"event_name":"Back to Basics","floor":19,"gold_loss":0,"cards_upgraded":["Defend_B","Defend_B","Defend_B","Defend_B"]},{"damage_healed":0,"gold_gain":0,"player_choice":"Shed Blood","damage_taken":20,"max_hp_gain":5,"max_hp_loss":0,"event_name":"Forgotten Altar","floor":21,"gold_loss":0},{"damage_healed":0,"gold_gain":0,"player_choice":"2 cards matched","damage_taken":0,"max_hp_gain":0,"max_hp_loss":0,"event_name":"Match and Keep!","floor":22,"gold_loss":0,"cards_obtained":["Deep Breath","Zap"]}],"is_beta":false,"boss_relics":[{"not_picked":["Coffee Dripper","Runic Pyramid"],"picked":"Astrolabe"}],"items_purged_floors":[],"is_endless":false,"potions_floor_spawned":[3,6,13,20,27,31],"killed_by":"Collector","ascension_level":9}}