{"host":"7fyy23rucerupe6i","time":1614142937,"event":{"mods":["AchievementEnabler","Act Like it!","Aspiration","BaseMod","Better Note","BetterRewards","Colored Map","Colored Powertips","Conspire","Curses Come First","Custom Start","Downfall","Googly Eyes","Marisa£®ÏF”Í°°ƒß¿Ì…≥£©","Minty Spire (QoL Compilation)","Quick Restart","Relic Stats","Shop Mod","ShortenTheSpire","Spicy Shops","StSLib","SuperFastMode","The Blackbeard","The Construct","The Cursed","The Senshi","The Servant 0.9.4"],"gold_per_floor":[119,119,131,142,142,142,174,174,198,214,249,260,280,291,291,365,365,381,581,601,445,445,445],"floor_reached":22,"language":"ZHS","playtime":768,"items_purged":["Strike_B"],"score":396,"play_id":"dbf7b28b-f103-475e-9880-2bf96dabc3a4","local_time":"20210224130217","is_ascension_mode":true,"campfire_choices":[{"data":"Doom and Gloom","floor":6,"key":"SMITH"},{"data":"Streamline","floor":8,"key":"SMITH"}],"circlet_count":0,"master_deck":["AscendersBane","Strike_B","Strike_B","Strike_B","Defend_B","Defend_B","Defend_B","Zap","Dualcast","Streamline+1","Fusion+1","Doom and Gloom+1","Genetic Algorithm+1","Gash","Gash","Auto Shields+1","Fission+1","Hologram+1","Steam+1","All For One","Redo+1","Glacier+1","Coolheaded+1","Coolheaded+1","Gash","Self Repair+1"],"relics":["Cracked Core","Toxic Egg 2","Akabeko","Art of War","Bronze Scales","InkBottle","Eternal Feather","hexamod:BolsterEngine","Centennial Puzzle","aspiration:Stellarator","Orrery"],"acts_visited":["Exordium","TheCity"],"potions_floor_usage":[13,16],"damage_taken":[{"damage":2,"enemies":"Jaw Worm","floor":1,"turns":2},{"damage":0,"enemies":"Cultist","floor":3,"turns":2},{"damage":2,"enemies":"2 Louse","floor":4,"turns":2},{"damage":20,"enemies":"Lagavulin","floor":7,"turns":4},{"damage":0,"enemies":"Exordium Wildlife","floor":10,"turns":2},{"damage":8,"enemies":"Gremlin Nob","floor":11,"turns":3},{"damage":6,"enemies":"Large Slime","floor":12,"turns":3},{"damage":0,"enemies":"Gremlin Gang","floor":13,"turns":2},{"damage":0,"enemies":"Blue Slaver","floor":14,"turns":1},{"damage":14,"enemies":"Hexaghost","floor":16,"turns":9},{"damage":10,"enemies":"Spheric Guardian","floor":18,"turns":4},{"damage":15,"enemies":"3 Byrds","floor":20,"turns":3},{"damage":22,"enemies":"Shelled Parasite and Fungi","floor":22,"turns":2}],"seed_played":"337963422026759598","potions_obtained":[{"floor":3,"key":"SpeedPotion"},{"floor":10,"key":"Fire Potion"},{"floor":11,"key":"Weak Potion"},{"floor":13,"key":"Ancient Potion"},{"floor":18,"key":"EssenceOfSteel"}],"is_trial":false,"path_per_floor":["M","?","M","M","?","R","E","R","T","M","E","M","M","M","R","B",null,"M","?","M","$","M"],"character_chosen":"DEFECT","items_purchased":["Toxic Egg 2","Akabeko","Art of War","Bronze Scales","Streamline","Fusion+1","Doom and Gloom","Orrery"],"campfire_rested":0,"item_purchase_floors":[0,0,0,0,0,0,0,21],"current_hp_per_floor":[30,30,30,28,28,28,8,17,17,17,9,3,3,3,15,1,54,44,44,29,29,7,7],"gold":445,"neow_bonus":"","is_daily":false,"chose_seed":false,"campfire_upgraded":2,"win_rate":0.0,"timestamp":1614142937,"path_taken":["M","?","M","?","?","R","E","R","T","?","E","M","?","M","R","BOSS","M","?","M","$","M"],"items_purchased_type":["Relic","Relic","Relic","Relic","Card","Card","Card","Relic"],"build_version":"2020-12-22","purchased_purges":1,"victory":false,"max_hp_per_floor":[71,71,71,71,71,71,71,71,71,71,71,71,71,71,71,71,71,71,71,71,71,71,71],"relic_stats":{"Centennial Puzzle":[15],"counters":[13,39],"Bronze Scales":[82],"Eternal Feather":21,"Art of War":[3],"obtain_stats":[{"Centennial Puzzle":11,"aspiration:Stellarator":17,"Bronze Scales":0,"Orrery":21,"Eternal Feather":7,"Art of War":0,"Toxic Egg 2":0,"hexamod:BolsterEngine":9,"Cracked Core":0,"Akabeko":0,"InkBottle":5},{"Centennial Puzzle":6,"aspiration:Stellarator":10,"Bronze Scales":0,"Orrery":12,"Eternal Feather":4,"Art of War":0,"Toxic Egg 2":0,"hexamod:BolsterEngine":4,"Cracked Core":0,"Akabeko":0,"InkBottle":3},{"Centennial Puzzle":15,"aspiration:Stellarator":30,"Bronze Scales":0,"Orrery":37,"Eternal Feather":10,"Art of War":0,"Toxic Egg 2":0,"hexamod:BolsterEngine":10,"Cracked Core":0,"Akabeko":0,"InkBottle":6}],"InkBottle":[11]},"card_choices":[{"not_picked":["Beam Cell","Blizzard"],"picked":"Genetic Algorithm+1","floor":1},{"not_picked":["Sweeping Beam","Storm"],"picked":"Gash","floor":3},{"not_picked":["Barrage","Hello World"],"picked":"Gash","floor":4},{"not_picked":["Double Energy+1","Self Repair"],"picked":"Auto Shields+1","floor":7},{"not_picked":["Beam Cell","Conserve Battery+1"],"picked":"Fission+1","floor":10},{"not_picked":["Rainbow+1","Rebound"],"picked":"Hologram+1","floor":11},{"not_picked":["Fusion+1","Go for the Eyes"],"picked":"Steam+1","floor":12},{"not_picked":["Barrage","Go for the Eyes","Aggregate+1"],"picked":"SKIP","floor":13},{"not_picked":["Stack+1","Static Discharge","Beam Cell"],"picked":"SKIP","floor":14},{"not_picked":["Buffer","Amplify+1"],"picked":"All For One","floor":16},{"not_picked":["Gash","Conserve Battery+1"],"picked":"Redo+1","floor":18},{"not_picked":["Beam Cell","Go for the Eyes"],"picked":"Glacier+1","floor":20},{"not_picked":["Stack+1","Ball Lightning"],"picked":"Coolheaded+1","floor":21},{"not_picked":["Force Field+1","Barrage"],"picked":"Coolheaded+1","floor":21},{"not_picked":["Cold Snap","FTL+1"],"picked":"Gash","floor":21},{"not_picked":["Steam+1","Storm"],"picked":"Self Repair+1","floor":21}],"player_experience":603857,"relics_obtained":[{"floor":7,"key":"Eternal Feather"},{"floor":9,"key":"hexamod:BolsterEngine"},{"floor":11,"key":"Centennial Puzzle"}],"event_choices":[{"cards_removed":["Defend_B"],"damage_healed":0,"gold_gain":0,"player_choice":"Offered Basic","damage_taken":0,"max_hp_gain":0,"max_hp_loss":0,"event_name":"Bonfire Elementals","floor":2,"gold_loss":0},{"damage_healed":0,"gold_gain":0,"player_choice":"Gave Potion","damage_taken":0,"relics_obtained":["InkBottle"],"max_hp_gain":0,"max_hp_loss":0,"event_name":"WeMeetAgain","floor":5,"gold_loss":0},{"damage_healed":0,"gold_gain":200,"player_choice":"Gold","damage_taken":0,"max_hp_gain":0,"max_hp_loss":0,"event_name":"Wheel of Change","floor":19,"gold_loss":0}],"is_beta":false,"boss_relics":[{"not_picked":["Runic Dome","conspire:SlowCooker"],"picked":"aspiration:Stellarator"}],"items_purged_floors":[21],"is_endless":false,"potions_floor_spawned":[3,10,11,13,18,20],"killed_by":"Shelled Parasite and Fungi","ascension_level":20}}