{"host":"dhv3u8yhd2rnugsp","time":1614144202,"event":{"mods":["100% Spire Juice","BaseMod","Block Reminder","Colored Map","Googly Eyes","Highlight Path","Minty Spire (QoL Compilation)","Permanent Neow","Quick Restart","Random Character Button","StSLib"],"gold_per_floor":[109,74,74,85,41,71,93,134,169,181,221,233,274,305,317,329,329],"floor_reached":16,"language":"ENG","playtime":706,"items_purged":[],"score":236,"play_id":"a3e223c4-13be-4124-9025-51fdae021ee0","local_time":"20210223232322","is_ascension_mode":true,"campfire_choices":[{"data":"Fiend Fire","floor":10,"key":"SMITH"},{"floor":15,"key":"REST"}],"circlet_count":0,"master_deck":["AscendersBane","Strike_R+1","Strike_R","Strike_R","Strike_R","Strike_R","Defend_R+1","Defend_R","Defend_R","Defend_R","Bash+1","Fiend Fire+1","Thunderclap","True Grit","Feel No Pain","Warcry+1","Shrug It Off","Demon Form","Flame Barrier","Sword Boomerang+1","Anger+1"],"relics":["Burning Blood","Anchor","MawBank","Pear","War Paint","Odd Mushroom","Molten Egg 2"],"acts_visited":["Exordium"],"potions_floor_usage":[8,14],"damage_taken":[{"damage":10,"enemies":"Small Slimes","floor":1,"turns":3},{"damage":0,"enemies":"2 Louse","floor":4,"turns":2},{"damage":20,"enemies":"Gremlin Nob","floor":6,"turns":4},{"damage":1,"enemies":"Cultist","floor":7,"turns":3},{"damage":10,"enemies":"Lagavulin","floor":8,"turns":7},{"damage":1,"enemies":"The Mushroom Lair","floor":11,"turns":7},{"damage":14,"enemies":"3 Sentries","floor":13,"turns":9},{"damage":19,"enemies":"Gremlin Gang","floor":14,"turns":6},{"damage":39,"enemies":"Slime Boss","floor":16,"turns":7}],"seed_played":"-344376172658847622","potions_obtained":[{"floor":6,"key":"CultistPotion"},{"floor":8,"key":"SpeedPotion"},{"floor":13,"key":"SneckoOil"}],"is_trial":false,"path_per_floor":["M","?","?","M","$","E","M","E","T","R","?","?","E","M","R","B"],"character_chosen":"IRONCLAD","items_purchased":["Feel No Pain"],"campfire_rested":1,"item_purchase_floors":[5],"current_hp_per_floor":[46,64,53,59,59,45,50,56,56,56,61,35,27,14,39,0,0],"gold":329,"neow_bonus":"THREE_RARE_CARDS","is_daily":false,"chose_seed":false,"campfire_upgraded":1,"win_rate":0.0,"timestamp":1614144202,"path_taken":["M","?","?","M","$","E","M","E","T","R","?","?","E","M","R","BOSS"],"items_purchased_type":["Card"],"build_version":"2020-12-22","purchased_purges":0,"victory":false,"max_hp_per_floor":[75,75,75,75,75,75,75,85,85,85,85,85,85,85,85,85,85],"card_choices":[{"not_picked":["Exhume","Brutality"],"picked":"Fiend Fire","floor":0},{"not_picked":["Perfected Strike","Clash"],"picked":"Thunderclap","floor":1},{"not_picked":["Cleave","Rupture"],"picked":"True Grit","floor":4},{"not_picked":["Flex","True Grit"],"picked":"Warcry","floor":6},{"not_picked":["Warcry","Body Slam"],"picked":"Shrug It Off","floor":7},{"not_picked":["Thunderclap","Clash"],"picked":"Demon Form","floor":8},{"not_picked":["Burning Pact","Iron Wave"],"picked":"Flame Barrier","floor":11},{"not_picked":["Intimidate","Clothesline+1"],"picked":"Sword Boomerang+1","floor":13},{"not_picked":["Headbutt+1","Sword Boomerang+1"],"picked":"Anger+1","floor":14}],"player_experience":1685040,"relics_obtained":[{"floor":6,"key":"MawBank"},{"floor":8,"key":"Pear"},{"floor":9,"key":"War Paint"},{"floor":11,"key":"Odd Mushroom"},{"floor":13,"key":"Molten Egg 2"}],"event_choices":[{"damage_healed":18,"gold_gain":0,"player_choice":"Healed","damage_taken":0,"max_hp_gain":0,"max_hp_loss":0,"event_name":"The Cleric","floor":2,"gold_loss":35},{"damage_healed":0,"gold_gain":0,"player_choice":"Success","damage_taken":11,"relics_obtained":["Anchor"],"max_hp_gain":0,"max_hp_loss":0,"event_name":"Scrap Ooze","floor":3,"gold_loss":0},{"damage_healed":0,"gold_gain":0,"player_choice":"Fought Mushrooms","damage_taken":0,"max_hp_gain":0,"max_hp_loss":0,"event_name":"Mushrooms","floor":11,"gold_loss":0},{"damage_healed":0,"gold_gain":0,"player_choice":"Entered Light","damage_taken":26,"max_hp_gain":0,"max_hp_loss":0,"event_name":"Shining Light","floor":12,"gold_loss":0,"cards_upgraded":["Strike_R","Bash"]}],"is_beta":false,"boss_relics":[],"items_purged_floors":[],"is_endless":false,"potions_floor_spawned":[6,8,13],"killed_by":"Slime Boss","ascension_level":20}}