{"host":"r4aerl4ckfvw1dw3","time":1614194741,"event":{"mods":["BaseMod","BetterRewards","Minty Spire (QoL Compilation)","Quick Restart","StSLib"],"gold_per_floor":[119,119,133,152,167,194,194,194,194,194,229,229,239,251,251,355,355,373,405,365,21,39,71,71,89,134,166,166,166,192,44,44,145,145,158,5,24,124,140,169,169,211,244,244,244,270,298,159,159,159,159,168,34,74,74],"floor_reached":56,"language":"ENG","playtime":10374,"items_purged":["Machine Learning"],"score":1761,"play_id":"883b78e1-0002-41a8-a288-275b1a196148","local_time":"20210224112541","is_ascension_mode":true,"campfire_choices":[{"data":"Defragment","floor":8.0,"key":"SMITH"},{"data":"Zap","floor":10.0,"key":"SMITH"},{"floor":15.0,"key":"REST"},{"floor":24.0,"key":"REST"},{"data":"Capacitor","floor":28.0,"key":"SMITH"},{"floor":32.0,"key":"REST"},{"floor":41.0,"key":"REST"},{"data":"Consume","floor":45.0,"key":"SMITH"},{"floor":49,"key":"RECALL"},{"floor":52,"key":"REST"}],"circlet_count":0,"master_deck":["Zap+1","Dualcast+1","Cold Snap+1","Chill","Streamline","Defragment+1","Stack","Cold Snap","Genetic Algorithm","Hyperbeam+1","Ball Lightning","Blizzard+1","Cold Snap","Multi-Cast","Machine Learning","Undo+1","Doom and Gloom+1","Ball Lightning","Cold Snap","Panacea","Capacitor+1","Cold Snap","Conserve Battery+1","Redo","Electrodynamics","Capacitor","Darkness","Seek","Static Discharge+1","Self Repair","Barrage+1","Hologram","Consume+1","Hologram+1","Steam+1","Consume+1","Turbo+1","Defragment","Capacitor","Go for the Eyes+1"],"relics":["Cracked Core","Vajra","Question Card","Incense Burner","Pandora\u0027s Box","Red Mask","Membership Card","Anchor","Toy Ornithopter","Art of War","Pear","Blue Candle","Dream Catcher","PreservedInsect","Cursed Key","DataDisk","The Courier","CeramicFish","Ginger","Pantograph","Whetstone"],"acts_visited":["Exordium","TheCity","TheBeyond","TheEnding"],"potions_floor_usage":[50,54,55,55,55],"damage_taken":[{"damage":0.0,"enemies":"Small Slimes","floor":1.0,"turns":2.0},{"damage":5.0,"enemies":"2 Louse","floor":3.0,"turns":3.0},{"damage":7.0,"enemies":"Jaw Worm","floor":4.0,"turns":3.0},{"damage":7.0,"enemies":"Exordium Wildlife","floor":5.0,"turns":4.0},{"damage":15.0,"enemies":"Lagavulin","floor":6.0,"turns":6.0},{"damage":19.0,"enemies":"Gremlin Nob","floor":11.0,"turns":4.0},{"damage":12.0,"enemies":"Blue Slaver","floor":13.0,"turns":3.0},{"damage":3.0,"enemies":"Exordium Thugs","floor":14.0,"turns":4.0},{"damage":23.0,"enemies":"The Guardian","floor":16.0,"turns":12.0},{"damage":27.0,"enemies":"2 Thieves","floor":18.0,"turns":4.0},{"damage":0.0,"enemies":"Masked Bandits","floor":19.0,"turns":2.0},{"damage":5.0,"enemies":"Shell Parasite","floor":22.0,"turns":9.0},{"damage":10.0,"enemies":"Slavers","floor":23.0,"turns":5.0},{"damage":2.0,"enemies":"Centurion and Healer","floor":25.0,"turns":8.0},{"damage":0.0,"enemies":"Gremlin Leader","floor":27.0,"turns":8.0},{"damage":25.0,"enemies":"Book of Stabbing","floor":30.0,"turns":5.0},{"damage":21.0,"enemies":"Automaton","floor":33.0,"turns":8.0},{"damage":26.0,"enemies":"3 Darklings","floor":35.0,"turns":4.0},{"damage":0.0,"enemies":"Orb Walker","floor":37.0,"turns":6.0},{"damage":19.0,"enemies":"3 Darklings","floor":39.0,"turns":5.0},{"damage":43.0,"enemies":"Reptomancer","floor":40.0,"turns":5.0},{"damage":6.0,"enemies":"Nemesis","floor":42.0,"turns":7.0},{"damage":0,"enemies":"Writhing Mass","floor":46,"turns":6},{"damage":24,"enemies":"Maw","floor":47,"turns":7},{"damage":40,"enemies":"Awakened One","floor":50,"turns":15},{"damage":21,"enemies":"Shield and Spear","floor":54,"turns":7},{"damage":67,"enemies":"The Heart","floor":55,"turns":10}],"seed_played":"7317266944215077647","potions_obtained":[{"floor":4.0,"key":"FocusPotion"},{"floor":6.0,"key":"PotionOfCapacity"},{"floor":13.0,"key":"ColorlessPotion"},{"floor":14.0,"key":"Explosive Potion"},{"floor":22.0,"key":"ColorlessPotion"},{"floor":27.0,"key":"GamblersBrew"},{"floor":30.0,"key":"FearPotion"},{"floor":33.0,"key":"Energy Potion"},{"floor":39.0,"key":"LiquidBronze"},{"floor":40.0,"key":"DistilledChaos"},{"floor":42.0,"key":"PotionOfCapacity"},{"floor":54,"key":"Regen Potion"}],"is_trial":false,"path_per_floor":["M","?","M","M","M","E","?","R","T","R","E","?","M","M","R","B",null,"M","?","?","$","M","E","R","M","T","E","R","?","E","$","R","B",null,"M","$","M","?","M","E","R","E","T","?","R","M","M","$","R","B",null,"R","$","E","B",null],"character_chosen":"DEFECT","items_purchased":["Membership Card","Cold Snap","Anchor","Panacea","EntropicBrew","PreservedInsect","Capacitor","DataDisk","GamblersBrew","Self Repair","Ginger","Defragment","Pantograph","DuplicationPotion"],"campfire_rested":5,"item_purchase_floors":[21,21,21,21,21,31,31,36,36,36,48,48,53,53],"current_hp_per_floor":[68,73,68,61,54,39,39,39,39,39,20,20,8,5,29,6,62,35,35,35,35,30,20,44,42,42,57,57,57,37,37,64,63,83,57,57,64,64,52,21,48,49,49,49,49,56,39,39,39,11,70,90,90,76,44],"gold":74,"neow_bonus":"UPGRADE_CARD","is_daily":false,"chose_seed":false,"campfire_upgraded":4,"win_rate":0.0,"timestamp":1614194741,"path_taken":["M","?","M","M","M","E","?","R","T","R","E","?","?","M","R","BOSS","M","?","?","$","?","E","R","?","T","E","R","?","E","$","R","BOSS","M","$","M","?","?","E","R","E","T","?","R","M","M","?","R","BOSS","R","$","E","BOSS"],"items_purchased_type":["Relic","Card","Relic","Card","Potion","Relic","Card","Relic","Potion","Card","Relic","Card","Relic","Potion"],"build_version":"2020-12-22","purchased_purges":1,"victory":true,"max_hp_per_floor":[75,80,80,80,80,80,80,80,80,80,80,80,80,80,80,80,80,80,80,80,80,80,80,80,80,80,90,90,90,90,90,90,90,90,90,90,90,90,90,90,90,90,90,90,90,90,90,90,90,90,90,90,90,90,90],"card_choices":[{"not_picked":["Self Repair","Lockon"],"picked":"Cold Snap","floor":1.0},{"not_picked":["Steam","Barrage","Chaos"],"picked":"SKIP","floor":3.0},{"not_picked":["FTL","Reprogram"],"picked":"Chill","floor":4.0},{"not_picked":["Turbo","Hologram"],"picked":"Streamline","floor":5.0},{"not_picked":["Beam Cell","Sweeping Beam"],"picked":"Defragment","floor":6.0},{"not_picked":["Thunder Strike","Compile Driver","Steam"],"picked":"Stack","floor":11.0},{"not_picked":["Rebound","Conserve Battery","Sunder"],"picked":"Cold Snap","floor":13.0},{"not_picked":["White Noise","Rebound","Compile Driver"],"picked":"Genetic Algorithm","floor":14.0},{"not_picked":["Rainbow","Thunder Strike","Amplify"],"picked":"Hyperbeam","floor":16.0},{"not_picked":["Rebound","Go for the Eyes","Stack"],"picked":"Doom and Gloom+1","floor":18.0},{"not_picked":["Darkness+1","Glacier","Steam"],"picked":"Ball Lightning","floor":19.0},{"not_picked":["Sweeping Beam","Self Repair","Genetic Algorithm+1"],"picked":"Capacitor","floor":22.0},{"not_picked":["Steam","Core Surge","Leap"],"picked":"Cold Snap","floor":23.0},{"not_picked":["Hello World","Stack+1","Lockon+1"],"picked":"Conserve Battery+1","floor":25.0},{"not_picked":["Reprogram","Ball Lightning","Steam"],"picked":"Redo","floor":27.0},{"not_picked":["Skim","Self Repair","Reinforced Body+1"],"picked":"Electrodynamics","floor":30.0},{"not_picked":["Steam","Ball Lightning","Undo"],"picked":"Darkness","floor":32.0},{"not_picked":["Multi-Cast","Fission","Electrodynamics"],"picked":"Seek","floor":33.0},{"not_picked":["Rebound+1","Conserve Battery+1","Recycle"],"picked":"Static Discharge+1","floor":35.0},{"not_picked":["Ball Lightning","Redo","Doom and Gloom"],"picked":"Barrage+1","floor":37.0},{"not_picked":["Auto Shields+1","Gash","Compile Driver+1"],"picked":"Hologram","floor":39.0},{"not_picked":["Sunder+1","Doom and Gloom","Blizzard"],"picked":"Consume","floor":40.0},{"not_picked":["Go for the Eyes+1","Turbo+1","Redo"],"picked":"Hologram+1","floor":41.0},{"not_picked":["BootSequence","Fusion","Reprogram+1"],"picked":"Steam+1","floor":42.0},{"not_picked":["Reinforced Body+1","Genetic Algorithm","Streamline+1"],"picked":"Consume+1","floor":46},{"not_picked":["Rainbow","Compile Driver+1","Reprogram+1"],"picked":"Turbo+1","floor":47},{"not_picked":["Gash","Sunder","Steam Power"],"picked":"Capacitor","floor":52},{"not_picked":["Sweeping Beam+1","Ball Lightning","Beam Cell+1"],"picked":"Go for the Eyes+1","floor":54}],"player_experience":702534,"relics_obtained":[{"floor":6.0,"key":"Vajra"},{"floor":9.0,"key":"Question Card"},{"floor":11.0,"key":"Incense Burner"},{"floor":19.0,"key":"Red Mask"},{"floor":23.0,"key":"Toy Ornithopter"},{"floor":26.0,"key":"Art of War"},{"floor":27.0,"key":"Pear"},{"floor":29.0,"key":"Blue Candle"},{"floor":30.0,"key":"Dream Catcher"},{"floor":40.0,"key":"The Courier"},{"floor":42.0,"key":"CeramicFish"},{"floor":54,"key":"Whetstone"}],"event_choices":[{"damage_healed":0.0,"max_hp_gain":5.0,"max_hp_loss":0.0,"gold_gain":0.0,"event_name":"Big Fish","player_choice":"Donut","floor":2.0,"gold_loss":0.0,"damage_taken":0.0},{"cards_removed":["Strike_B"],"damage_healed":0.0,"max_hp_gain":0.0,"max_hp_loss":0.0,"gold_gain":0.0,"event_name":"Living Wall","player_choice":"Forget","floor":7.0,"gold_loss":0.0,"damage_taken":0.0},{"damage_healed":0.0,"max_hp_gain":0.0,"max_hp_loss":0.0,"gold_gain":0.0,"event_name":"Liars Game","player_choice":"Ignored","floor":12.0,"gold_loss":0.0,"damage_taken":0.0},{"damage_healed":0.0,"max_hp_gain":0.0,"max_hp_loss":0.0,"gold_gain":0.0,"event_name":"Masked Bandits","player_choice":"Fought Bandits","floor":19.0,"gold_loss":0.0,"damage_taken":0.0},{"damage_healed":0.0,"max_hp_gain":0.0,"max_hp_loss":0.0,"gold_gain":0.0,"event_name":"Designer","player_choice":"Upgraded Two","floor":20.0,"gold_loss":40.0,"damage_taken":0.0,"cards_upgraded":["Cold Snap","Undo"]},{"damage_healed":0.0,"max_hp_gain":0.0,"max_hp_loss":0.0,"gold_gain":0.0,"event_name":"Wheel of Change","player_choice":"Relic","floor":29.0,"gold_loss":0.0,"damage_taken":0.0},{"damage_healed":0.0,"max_hp_gain":0.0,"max_hp_loss":0.0,"gold_gain":100.0,"event_name":"Golden Shrine","player_choice":"Pray","floor":38.0,"gold_loss":0.0,"damage_taken":0.0},{"cards_removed":["Shame"],"damage_healed":0.0,"max_hp_gain":0.0,"max_hp_loss":0.0,"gold_gain":0.0,"event_name":"Purifier","player_choice":"Purged","floor":44.0,"gold_loss":0.0,"damage_taken":0.0}],"is_beta":false,"boss_relics":[{"not_picked":["Snecko Eye","Coffee Dripper"],"picked":"Pandora\u0027s Box"},{"not_picked":["Runic Dome","SlaversCollar"],"picked":"Cursed Key"}],"items_purged_floors":[31],"is_endless":false,"potions_floor_spawned":[4,6,13,14,22,27,30,33,39,40,42,46,47,54],"ascension_level":9}}