{"host":"8so2ajx8h59tj2mr","time":1614170662,"event":{"mods":["Act Like it!","BaseMod","Better Note","Better Sensory Stone","Colored Map","Curses Come First","Minty Spire (QoL Compilation)","Relic Stats","Reliquary","Ruina","Spire Arcade","StSLib","The Blue Laboratory","The Hierophant"],"gold_per_floor":[119,162,202,264,3,54,54,8,8],"floor_reached":8,"language":"ENG","playtime":569,"items_purged":["hierophant:Strike_Hierophant"],"score":83,"play_id":"f1b51064-7fb6-4208-855f-8e49638b3c3d","local_time":"20210224144422","is_ascension_mode":false,"campfire_choices":[{"floor":7,"key":"REST"}],"circlet_count":0,"master_deck":["hierophant:Strike_Hierophant","hierophant:Strike_Hierophant","hierophant:Strike_Hierophant","hierophant:Punish","hierophant:Defend_Hierophant","hierophant:Defend_Hierophant","hierophant:Defend_Hierophant","hierophant:Defend_Hierophant","hierophant:ChurchCoffers","hierophant:RustyCrate","hierophant:Doubloon","hierophant:Doubloon","hierophant:OrnateBuckler","hierophant:RustyCrate","hierophant:Doubloon","hierophant:Doubloon","hierophant:Glossolalia","hierophant:ArchangelShield","hierophant:FieryStrike"],"relics":["hierophant:PropheticMaskRelic","NeowsBlessing","Medical Kit","Oddly Smooth Stone"],"acts_visited":["Exordium"],"potions_floor_usage":[6,6],"damage_taken":[{"damage":0,"enemies":"Cultist","floor":1,"turns":1},{"damage":0,"enemies":"Small Slimes","floor":2,"turns":1},{"damage":0,"enemies":"Jaw Worm","floor":3,"turns":1},{"damage":14,"enemies":"3 Louse","floor":4,"turns":2},{"damage":60,"enemies":"Gremlin Nob","floor":6,"turns":8},{"damage":34,"enemies":"Lagavulin","floor":8,"turns":8}],"seed_played":"-40346495102850903","potions_obtained":[{"floor":2,"key":"blueLaboratory:BubblePotion"},{"floor":3,"key":"blueLaboratory:BottledHope"},{"floor":4,"key":"SkillPotion"}],"is_trial":false,"path_per_floor":["M","M","M","M","$","E","R","E"],"character_chosen":"HIEROPHANT","items_purchased":["hierophant:ArchangelShield","Medical Kit"],"campfire_rested":1,"item_purchase_floors":[5,5],"current_hp_per_floor":[75,75,75,61,61,1,23,0,0],"gold":8,"neow_bonus":"THREE_ENEMY_KILL","is_daily":false,"chose_seed":false,"campfire_upgraded":0,"win_rate":0.0,"timestamp":1614170662,"path_taken":["M","M","?","?","$","E","R","E"],"items_purchased_type":["Card","Relic"],"build_version":"2020-12-22","purchased_purges":1,"victory":false,"max_hp_per_floor":[75,75,75,75,75,75,75,75,75],"relic_stats":{"counters":[6,21],"Medical Kit":[0],"obtain_stats":[{"NeowsBlessing":0,"hierophant:PropheticMaskRelic":0,"Oddly Smooth Stone":6,"Medical Kit":5},{"NeowsBlessing":0,"hierophant:PropheticMaskRelic":0,"Oddly Smooth Stone":5,"Medical Kit":4},{"NeowsBlessing":0,"hierophant:PropheticMaskRelic":0,"Oddly Smooth Stone":13,"Medical Kit":5}]},"card_choices":[{"not_picked":["hierophant:Rebuild","hierophant:TollTheBells"],"picked":"hierophant:RustyCrate","floor":1},{"not_picked":["hierophant:SealAway","hierophant:Encroach"],"picked":"hierophant:OrnateBuckler","floor":2},{"not_picked":["hierophant:Prophecy","hierophant:FieryStrike"],"picked":"hierophant:RustyCrate","floor":3},{"not_picked":["hierophant:Sermon","hierophant:MorningPrayer"],"picked":"hierophant:Glossolalia","floor":4},{"not_picked":["hierophant:Zeal","hierophant:PristineSoul"],"picked":"hierophant:FieryStrike","floor":6}],"player_experience":71793,"relics_obtained":[{"floor":6,"key":"Oddly Smooth Stone"}],"event_choices":[],"is_beta":false,"boss_relics":[],"items_purged_floors":[5],"is_endless":false,"potions_floor_spawned":[2,3,4],"killed_by":"Lagavulin","ascension_level":0}}