{"host":"ajzb762wgznenkzt","time":1614185265,"event":{"mods":["Act Like it!","Arknights","BaseMod","CapriCore","Gensokyo","Hallownest","HololiveMod","Koishi","Library of Ruina","Library of Ruina Extra","Minty Spire (QoL Compilation)","Quick Restart","Remilia£®¿Ÿ√◊¿Ú—«£©","Replay The Spire","Shop Mod","StSLib","The Bug Knight","The Immortal"],"gold_per_floor":[120,132,307,7,17,17,17,17,72,92,118,134,149,181,191,219,219,321,321,336,336,336,354,275,275,293,293,293,326,346,378,378,5,5,109,109,123,141,141,141,157,188,188,219,219,219,61,89,89,89,89,89,89],"floor_reached":54,"language":"ZHS","playtime":2517,"items_purged":["Doubt","ToWhereThePrescriptPoints","SharpenedBlade"],"score":1188,"play_id":"f98517f7-5328-4e4d-b30f-934c601396d6","local_time":"20210225004745","is_ascension_mode":true,"campfire_choices":[{"data":"ToWhereThePrescriptPoints","floor":6.0,"key":"SMITH"},{"data":"SenseQuarry","floor":17,"key":"SMITH"},{"data":"FormingStorm","floor":25,"key":"SMITH"},{"data":"FrontalAssault","floor":27,"key":"SMITH"},{"floor":32,"key":"REST"},{"data":"FlamingDragonFist","floor":34,"key":"SMITH"},{"data":"Reload","floor":43,"key":"SMITH"},{"data":"RagingStormLove","floor":46,"key":"SMITH"},{"data":"Apotheosis","floor":49,"key":"SMITH"},{"floor":51,"key":"REST"}],"circlet_count":0,"master_deck":["Dodge","Reload+1","ToWhereThePrescriptPoints+1","Unlock1","FrontalAssault+1","Parry2","FlamingDragonFist+1","SomberProcuration","SnakesPrey","HardRehearsal","FormingStorm+1","SharpenedBlade","CoordinatedAssault","FieryDragonSlash","HighKick","Multislash","SunsetBlade","JiaoTu","RagingStormLove+1","Apotheosis+1","Secret Weapon","Mayhem","RushDown"],"relics":["PageOfLibrarian","NeowsBlessing","Omamori","Mercury Hourglass","Odd Mushroom","PageOfTodaysShyLook","MerchantsRug","Gambling Chip","Oddly Smooth Stone","PageOfOzma","Black Star","Replay:Accelerometer","Replay:Bottled Snecko","FossilizedHelix","PageOfBigBadWolf","PageOfLumberjack","PageOfSnowWhitesApple","ReplayTheSpireMod:ShopPack","Thread and Needle","Calipers"],"acts_visited":["Exordium","TheCity","Gensokyo:Gensokyoest"],"potions_floor_usage":[14,23,30,48,52,53,53,53],"damage_taken":[{"damage":0.0,"enemies":"Small Slimes","floor":1.0,"turns":1.0},{"damage":0.0,"enemies":"Jaw Worm","floor":2.0,"turns":1.0},{"damage":0.0,"enemies":"2 Louse","floor":5.0,"turns":1.0},{"damage":13.0,"enemies":"3 Sentries","floor":9.0,"turns":4.0},{"damage":2.0,"enemies":"The Mushroom Lair","floor":10.0,"turns":3.0},{"damage":0.0,"enemies":"Blue Slaver","floor":12.0,"turns":2.0},{"damage":0.0,"enemies":"Large Slime","floor":13.0,"turns":3.0},{"damage":0,"enemies":"3 Sentries","floor":14,"turns":4},{"damage":0,"enemies":"Exordium Wildlife","floor":15,"turns":2},{"damage":0,"enemies":"Lagavulin","floor":16,"turns":3},{"damage":9,"enemies":"Hexaghost","floor":18,"turns":4},{"damage":5,"enemies":"Shell Parasite","floor":20,"turns":3},{"damage":15,"enemies":"3 Byrds","floor":23,"turns":3},{"damage":15,"enemies":"Centurion and Healer","floor":26,"turns":4},{"damage":27,"enemies":"Book of Stabbing","floor":29,"turns":3},{"damage":16,"enemies":"Chosen and Byrds","floor":30,"turns":3},{"damage":22,"enemies":"Slavers","floor":31,"turns":3},{"damage":12,"enemies":"Collector","floor":35,"turns":3},{"damage":0,"enemies":"Gensokyo:3_Boulders","floor":37,"turns":1},{"damage":0,"enemies":"Gensokyo:3_Bats","floor":38,"turns":1},{"damage":10,"enemies":"Gensokyo:Rafflesia","floor":41,"turns":3},{"damage":0,"enemies":"Gensokyo:Doremy","floor":42,"turns":3},{"damage":0,"enemies":"Gensokyo:Kasen","floor":44,"turns":4},{"damage":3,"enemies":"Gensokyo:Marisa","floor":48,"turns":3},{"damage":0,"enemies":"Gensokyo:Scarlet_Devils","floor":52,"turns":3},{"damage":30,"enemies":"Gensokyo:Scarlet_Devils","floor":53,"turns":5}],"seed_played":"-4970304399496602966","potions_obtained":[{"floor":10.0,"key":"Block Potion"},{"floor":12.0,"key":"DuplicationPotion"},{"floor":15,"key":"Strength Potion"},{"floor":16,"key":"Regen Potion"},{"floor":26,"key":"DuplicationPotion"},{"floor":30,"key":"Death Potion"},{"floor":38,"key":"Strength Potion"},{"floor":41,"key":"PowerPotion"},{"floor":44,"key":"LifebloodPotion"}],"is_trial":false,"path_per_floor":["M","M","?","$","M","R","PTL","PTL","?","?","T","M","M","E","M","E","R","B",null,"M","?","?","M","$","R","M","R","T","E","M","E","R","$","R","B",null,"M","M","?","?","M","E","R","E","T","R","COS","E","R","?","R","B",null,null],"character_chosen":"Librarian","items_purchased":["Omamori","ToWhereThePrescriptPoints","MerchantsRug","PageOfOzma"],"campfire_rested":2,"item_purchase_floors":[4,4,24,33],"current_hp_per_floor":[60,60,60,60,60,60,60,60,47,45,45,45,45,45,45,45,45,36,95,90,90,90,75,75,75,60,60,60,33,26,4,32,32,32,20,95,95,95,76,76,66,66,66,66,66,66,66,63,63,49,77,77,47],"gold":89,"neow_bonus":"THREE_ENEMY_KILL","is_daily":false,"chose_seed":false,"campfire_upgraded":8,"win_rate":0.0,"timestamp":1614185265,"path_taken":["M","M","?","$","M","R","PTL","PTL","?","?","T","?","M","E","M","E","R","BOSS","M","?","?","M","$","R","M","R","T","E","M","E","R","$","R","BOSS","M","M","?","?","?","E","R","E","T","R","COS","E","R","?","R","BOSS"],"items_purchased_type":["Relic","Card","Relic","Relic"],"build_version":"2020-12-22","purchased_purges":3,"victory":true,"max_hp_per_floor":[62,85,85,85,85,85,85,85,85,85,85,85,85,85,95,95,95,95,95,95,95,95,95,95,95,95,95,95,95,95,95,95,95,95,95,95,95,95,95,95,95,95,95,95,95,95,95,95,95,95,95,95,95],"card_choices":[{"not_picked":["UpbeatPerformance","HighKick"],"picked":"Reload","floor":1.0},{"not_picked":["SturdyDefense","FervidEmotions","FleetEdge"],"picked":"SKIP","floor":2.0},{"not_picked":["UpbeatPerformance","SnakesPrey","FlamingDragonFist"],"picked":"SKIP","floor":5.0},{"not_picked":["UndertakePrescript","Faith"],"picked":"Unlock1","floor":10.0},{"not_picked":["SnakesPrey","WillOfThePrescript","FleetEdge"],"picked":"SKIP","floor":12.0},{"not_picked":["ShockRound","FieryWaltz"],"picked":"FrontalAssault","floor":13.0},{"not_picked":["SnakesPrey","Reload"],"picked":"SharpenedBlade","floor":14},{"not_picked":["SinglePointStab","Reload"],"picked":"SenseQuarry","floor":15},{"not_picked":["HeavyPeaks","SinglePointStab"],"picked":"Parry2","floor":16},{"not_picked":["LeRegole","RagingStormLove"],"picked":"FlamingDragonFist","floor":18},{"not_picked":["BayonetCombat","SnakesPrey","DarkCloud"],"picked":"SKIP","floor":20},{"not_picked":["GaleKick","FlamingDragonFist","SuppressingShot+1"],"picked":"SKIP","floor":23},{"not_picked":["Unlock1","SinglePointStab","GuidanceOfTheGears"],"picked":"SKIP","floor":26},{"not_picked":["FleetEdge","TendonChords"],"picked":"SunsetBlade","floor":29},{"not_picked":["Faith","Parry2"],"picked":"JiaoTu","floor":30},{"not_picked":["Parry2","AssaultOrder","HardRehearsal"],"picked":"SKIP","floor":31},{"not_picked":["LeRegole","FlamingDragonFist"],"picked":"RagingStormLove","floor":35},{"not_picked":["HeavyPeaks+1","SinglePointStab","SunsetBlade+1"],"picked":"SKIP","floor":37},{"not_picked":["FrontalAssault","Unlock1","Eliminate+1"],"picked":"SKIP","floor":38},{"not_picked":["SenseQuarry","FieryDragonSlash+1","HighKick"],"picked":"SKIP","floor":41},{"not_picked":["SuppressingShot","Parry2","UpbeatPerformance+1"],"picked":"SKIP","floor":42},{"not_picked":["SinglePointStab","FlowOfTheSword","GaleKick"],"picked":"SKIP","floor":44},{"not_picked":["The Bomb","HandOfGreed"],"picked":"Apotheosis","floor":47},{"not_picked":["Magnetism","ReplayTheSpireMod:Private Reserves"],"picked":"Secret Weapon","floor":47},{"not_picked":["Transmutation","Dramatic Entrance"],"picked":"Mayhem","floor":47},{"not_picked":["Execute_lor+1","Bvapour"],"picked":"RushDown","floor":48}],"player_experience":792905,"relics_obtained":[{"floor":10.0,"key":"Odd Mushroom"},{"floor":11.0,"key":"War Paint"},{"floor":14,"key":"Pet Ghost"},{"floor":16,"key":"PageOfTodaysShyLook"},{"floor":28,"key":"Gambling Chip"},{"floor":29,"key":"Oddly Smooth Stone"},{"floor":31,"key":"Potion Belt"},{"floor":42,"key":"Replay:Bottled Snecko"},{"floor":42,"key":"FossilizedHelix"},{"floor":44,"key":"PageOfBigBadWolf"},{"floor":44,"key":"PageOfLumberjack"},{"floor":45,"key":"PageOfSnowWhitesApple"},{"floor":48,"key":"Thread and Needle"},{"floor":48,"key":"Calipers"}],"event_choices":[{"damage_healed":0.0,"max_hp_gain":0.0,"max_hp_loss":0.0,"gold_gain":175.0,"event_name":"Liars Game","player_choice":"AGREE","floor":3.0,"gold_loss":0.0,"damage_taken":0.0,"cards_obtained":["Doubt"]},{"damage_healed":0.0,"max_hp_gain":0.0,"max_hp_loss":0.0,"gold_gain":0.0,"event_name":"Dead Adventurer","player_choice":"Searched \u00272\u0027 times","floor":9.0,"gold_loss":0.0,"damage_taken":0.0,"relics_obtained":["Mercury Hourglass"]},{"damage_healed":0.0,"max_hp_gain":0.0,"max_hp_loss":0.0,"gold_gain":0.0,"event_name":"Mushrooms","player_choice":"Fought Mushrooms","floor":10.0,"gold_loss":0.0,"damage_taken":0.0},{"damage_healed":0,"gold_gain":0,"player_choice":"Read","damage_taken":0,"max_hp_gain":0,"max_hp_loss":0,"event_name":"The Library","floor":21,"gold_loss":0,"cards_obtained":["Multislash"]},{"damage_healed":0,"gold_gain":0,"player_choice":"Ignored","damage_taken":0,"max_hp_gain":0,"max_hp_loss":0,"event_name":"Ghosts","floor":22,"gold_loss":0}],"is_beta":false,"boss_relics":[{"not_picked":["Replay:Bronze Core","Ectoplasm"],"picked":"Pandora\u0027s Box"},{"not_picked":["Runic Pyramid","Cursed Key"],"picked":"Black Star"}],"items_purged_floors":[4,24,33],"is_endless":false,"potions_floor_spawned":[10,12,15,16,26,29,30,38,41,44],"ascension_level":1}}