{"host":"m1hrbr0uwda4cktq","time":1614206724,"event":{"mods":["AchievementEnabler","BaseMod","Better Match","BetterRewards","Colored Map","Highlight Path","Minty Spire (QoL Compilation)","Quick Restart","Relic Stats","Shop Mod","StSLib","SuperFastMode","The Bug Knight"],"gold_per_floor":[118,137,151,166,183,216,229,249,249,12,45,58,68,94,94,195,195,207,207,220,237,255,282,50,77,104,136,51,83,83,94,94,193,193,209,209,220,234,248,277,296,326,352,381,435,435,454,186,186,186],"floor_reached":51,"language":"ENG","playtime":3787,"items_purged":[],"score":1304,"play_id":"83565988-0925-413b-a570-02d1345d7cf2","local_time":"20210224194524","is_ascension_mode":true,"campfire_choices":[{"data":"Redo","floor":15.0,"key":"SMITH"},{"data":"White Noise","floor":30.0,"key":"SMITH"},{"data":"Go for the Eyes","floor":32.0,"key":"SMITH"},{"data":"Lockon","floor":46.0,"key":"SMITH"},{"data":"Dualcast","floor":49.0,"key":"SMITH"}],"circlet_count":0,"master_deck":["Zap","Dualcast+1","Self Repair+1","Ball Lightning","Defragment+1","Rebound","Redo+1","Leap","Defragment+1","Chill","Loop+1","Go for the Eyes+1","White Noise+1","Steam","Hologram","Loop+1","Reboot","Glacier","Biased Cognition+1","Amplify","BootSequence","Steam","Sunder","Glacier","Streamline","Static Discharge+1","Gash","Sweeping Beam","Sweeping Beam+1","Coolheaded","Gash","Capacitor+1","Redo+1","Compile Driver","Doom and Gloom+1","Gash","Core Surge","FTL","Violence","Dark Shackles","Cold Snap","All For One","Redo+1","Lockon+1","Gash+1","Magnetism+1"],"relics":["Cracked Core","Frozen Egg 2","OrangePellets","Peace Pipe","Pocketwatch","Bag of Preparation","Kunai","Mummified Hand","Pandora\u0027s Box","The Courier","HornCleat","Unceasing Top","Regal Pillow","Gremlin Horn","Bronze Scales","Mango","Nuclear Battery","Smiling Mask","Singing Bowl","Strawberry","Happy Flower","Thread and Needle","Omamori"],"acts_visited":["Exordium","TheCity","TheBeyond"],"potions_floor_usage":[],"damage_taken":[{"damage":7.0,"enemies":"Small Slimes","floor":1.0,"turns":4.0},{"damage":2.0,"enemies":"Jaw Worm","floor":2.0,"turns":3.0},{"damage":3.0,"enemies":"2 Louse","floor":3.0,"turns":2.0},{"damage":17.0,"enemies":"Looter","floor":4.0,"turns":3.0},{"damage":15.0,"enemies":"Gremlin Gang","floor":5.0,"turns":3.0},{"damage":27.0,"enemies":"3 Sentries","floor":6.0,"turns":6.0},{"damage":4.0,"enemies":"Large Slime","floor":7.0,"turns":5.0},{"damage":3.0,"enemies":"Looter","floor":8.0,"turns":3.0},{"damage":24.0,"enemies":"Lagavulin","floor":11.0,"turns":4.0},{"damage":7.0,"enemies":"2 Fungi Beasts","floor":12.0,"turns":2.0},{"damage":1.0,"enemies":"Large Slime","floor":13.0,"turns":5.0},{"damage":22.0,"enemies":"Gremlin Nob","floor":14.0,"turns":4.0},{"damage":0.0,"enemies":"Slime Boss","floor":16.0,"turns":5.0},{"damage":14.0,"enemies":"3 Byrds","floor":18.0,"turns":4.0},{"damage":0.0,"enemies":"Spheric Guardian","floor":20.0,"turns":5.0},{"damage":37.0,"enemies":"Snecko","floor":21.0,"turns":7.0},{"damage":0.0,"enemies":"Snake Plant","floor":22.0,"turns":3.0},{"damage":14.0,"enemies":"Slavers","floor":23.0,"turns":3.0},{"damage":3.0,"enemies":"Gremlin Leader","floor":25.0,"turns":3.0},{"damage":0.0,"enemies":"HollowMod:Nosk","floor":27.0,"turns":6.0},{"damage":10.0,"enemies":"Book of Stabbing","floor":29.0,"turns":5.0},{"damage":0.0,"enemies":"Centurion and Healer","floor":31.0,"turns":7.0},{"damage":24.0,"enemies":"Automaton","floor":33.0,"turns":7.0},{"damage":19.0,"enemies":"3 Shapes","floor":35.0,"turns":5.0},{"damage":0.0,"enemies":"Orb Walker","floor":37.0,"turns":3.0},{"damage":0.0,"enemies":"Spire Growth","floor":38.0,"turns":4.0},{"damage":8.0,"enemies":"Maw","floor":39.0,"turns":5.0},{"damage":1.0,"enemies":"Reptomancer","floor":40.0,"turns":5.0},{"damage":0.0,"enemies":"Jaw Worm Horde","floor":41.0,"turns":4.0},{"damage":0.0,"enemies":"Giant Head","floor":42.0,"turns":4.0},{"damage":0.0,"enemies":"Reptomancer","floor":44.0,"turns":7.0},{"damage":14.0,"enemies":"2 Orb Walkers","floor":45.0,"turns":5.0},{"damage":0.0,"enemies":"4 Shapes","floor":47.0,"turns":3.0},{"damage":32,"enemies":"Donu and Deca","floor":50,"turns":9}],"seed_played":"-8460619831172022019","potions_obtained":[{"floor":5.0,"key":"DistilledChaos"},{"floor":6.0,"key":"LiquidMemories"},{"floor":8.0,"key":"AttackPotion"},{"floor":11.0,"key":"SkillPotion"},{"floor":13.0,"key":"EssenceOfSteel"},{"floor":37.0,"key":"BlessingOfTheForge"},{"floor":39.0,"key":"DuplicationPotion"}],"is_trial":false,"path_per_floor":["M","M","M","M","M","E","M","M","T","$","E","M","M","E","R","B",null,"M","?","M","M","M","E","$","E","T","E","?","E","R","M","R","B",null,"M","?","M","M","M","E","M","E","T","E","?","R","M","$","R","B",null],"character_chosen":"DEFECT","items_purchased":["Frozen Egg 2","OrangePellets","Self Repair+1","Loop+1","Bag of Preparation","Go for the Eyes","HornCleat","Capacitor+1","Magnetism+1","Omamori"],"campfire_rested":0,"item_purchase_floors":[0,0,0,10,10,10,24,24,48,48],"current_hp_per_floor":[71,75,72,65,60,43,49,56,56,56,42,35,44,32,32,42,67,63,63,73,46,56,42,42,49,49,59,59,73,73,83,83,69,84,75,70,70,80,82,81,89,91,98,100,96,96,96,96,96,74],"gold":186,"neow_bonus":"","is_daily":false,"chose_seed":false,"campfire_upgraded":5,"win_rate":0.0,"timestamp":1614206724,"path_taken":["M","M","M","M","M","E","M","M","T","$","E","M","M","E","R","BOSS","M","?","M","M","M","E","$","E","T","E","?","E","R","M","R","BOSS","M","?","M","M","M","E","M","E","T","E","?","R","M","$","R","BOSS"],"items_purchased_type":["Relic","Relic","Card","Card","Relic","Card","Relic","Card","Card","Relic"],"build_version":"2020-12-22","purchased_purges":0,"victory":true,"max_hp_per_floor":[75,75,75,75,75,75,75,75,75,75,75,75,75,75,75,75,75,75,75,75,75,75,75,75,75,75,75,75,89,89,89,89,89,89,89,89,89,89,89,89,89,91,98,100,100,100,100,100,100,100],"relic_stats":{"Regal Pillow":0,"Gremlin Horn":[21,21],"Singing Bowl":4,"Happy Flower":[5],"counters":[66,334],"Bag of Preparation":[52],"Smiling Mask":0,"Peace Pipe":0,"OrangePellets":[34],"Mummified Hand":[173],"Bronze Scales":[192],"Pandora\u0027s Box":["Glacier","Biased Cognition","Amplify","BootSequence","Steam","Sunder","Glacier","Streamline"],"Kunai":[51],"obtain_stats":[{"Darkstone Periapt":9,"Lantern":0,"Regal Pillow":26,"Singing Bowl":26,"Gremlin Horn":27,"Mango":46,"Bag of Preparation":10,"Ginger":0,"HollowMod:StagPassRelic":7,"Boot":43,"Smiling Mask":40,"Blood Vial":0,"HornCleat":24,"Mummified Hand":14,"Strawberry":43,"Red Mask":39,"Kunai":11,"Cracked Core":0,"Pear":47,"Happy Flower":0,"Astrolabe":34,"Thread and Needle":45,"The Courier":44,"Omamori":48,"Letter Opener":27,"Frozen Egg 2":22,"Nuclear Battery":17,"Peace Pipe":6,"OrangePellets":0,"DataDisk":14,"Shuriken":41,"Bronze Scales":28,"Molten Egg 2":12,"Pandora\u0027s Box":17,"Bag of Marbles":11,"Symbiotic Virus":48,"TungstenRod":0,"Unceasing Top":25,"Meat on the Bone":6,"Pocketwatch":24},{"Darkstone Periapt":13,"Lantern":6,"Regal Pillow":51,"Singing Bowl":19,"Gremlin Horn":52,"Mango":30,"Bag of Preparation":40,"Ginger":6,"HollowMod:StagPassRelic":12,"Boot":28,"Smiling Mask":60,"Blood Vial":0,"HornCleat":50,"Mummified Hand":44,"Strawberry":62,"Red Mask":27,"Kunai":41,"Cracked Core":0,"Pear":30,"Happy Flower":6,"Astrolabe":24,"Thread and Needle":64,"The Courier":29,"Omamori":65,"Letter Opener":20,"Frozen Egg 2":18,"Nuclear Battery":16,"Peace Pipe":38,"OrangePellets":32,"DataDisk":15,"Shuriken":28,"Bronze Scales":52,"Molten Egg 2":14,"Pandora\u0027s Box":45,"Bag of Marbles":13,"Symbiotic Virus":31,"TungstenRod":0,"Unceasing Top":51,"Meat on the Bone":5,"Pocketwatch":19},{"Darkstone Periapt":53,"Lantern":25,"Regal Pillow":256,"Singing Bowl":92,"Gremlin Horn":262,"Mango":171,"Bag of Preparation":213,"Ginger":25,"HollowMod:StagPassRelic":49,"Boot":155,"Smiling Mask":302,"Blood Vial":0,"HornCleat":253,"Mummified Hand":227,"Strawberry":310,"Red Mask":147,"Kunai":217,"Cracked Core":0,"Pear":171,"Happy Flower":25,"Astrolabe":131,"Thread and Needle":322,"The Courier":166,"Omamori":325,"Letter Opener":101,"Frozen Egg 2":84,"Nuclear Battery":75,"Peace Pipe":205,"OrangePellets":184,"DataDisk":65,"Shuriken":155,"Bronze Scales":262,"Molten Egg 2":59,"Pandora\u0027s Box":232,"Bag of Marbles":53,"Symbiotic Virus":176,"TungstenRod":0,"Unceasing Top":256,"Meat on the Bone":20,"Pocketwatch":92}],"Unceasing Top":[41],"Pocketwatch":[30]},"card_choices":[{"not_picked":["Barrage","Steam Power"],"picked":"Ball Lightning","floor":1.0},{"not_picked":["Doom and Gloom","Turbo"],"picked":"Defragment+1","floor":2.0},{"not_picked":["Aggregate","Blizzard"],"picked":"Rebound","floor":3.0},{"not_picked":["Auto Shields","Beam Cell"],"picked":"Redo","floor":4.0},{"not_picked":["Stack","Consume"],"picked":"Leap","floor":5.0},{"not_picked":["Auto Shields","Hello World+1","Blizzard"],"picked":"SKIP","floor":6.0},{"not_picked":["Static Discharge+1","Steam"],"picked":"Defragment+1","floor":7.0},{"not_picked":["Barrage","Ball Lightning"],"picked":"Chill","floor":8.0},{"not_picked":["Barrage","Fission"],"picked":"White Noise","floor":11.0},{"not_picked":["BootSequence","Double Energy"],"picked":"Steam","floor":12.0},{"not_picked":["Go for the Eyes","Fission"],"picked":"Hologram","floor":13.0},{"not_picked":["Darkness","Glacier"],"picked":"Loop+1","floor":14.0},{"not_picked":["Fission","Creative AI+1"],"picked":"Reboot","floor":16.0},{"not_picked":["Barrage","Leap"],"picked":"Static Discharge+1","floor":18.0},{"not_picked":["Compile Driver","Coolheaded"],"picked":"Sweeping Beam","floor":20.0},{"not_picked":["Storm+1","Barrage"],"picked":"Sweeping Beam+1","floor":21.0},{"not_picked":["Sunder","Hello World+1"],"picked":"Coolheaded","floor":22.0},{"not_picked":["Beam Cell+1","Leap"],"picked":"Gash","floor":23.0},{"not_picked":["Blizzard","Leap+1"],"picked":"Redo+1","floor":25.0},{"not_picked":["Ball Lightning+1","FTL+1"],"picked":"Compile Driver","floor":27.0},{"not_picked":["Static Discharge+1","Heatsinks+1"],"picked":"Doom and Gloom+1","floor":29.0},{"not_picked":["FTL+1","Go for the Eyes"],"picked":"Gash","floor":31.0},{"not_picked":["Meteor Strike","Thunder Strike"],"picked":"Core Surge","floor":33.0},{"not_picked":["Sunder+1","Compile Driver+1"],"picked":"FTL","floor":35.0},{"not_picked":["Impatience","Metamorphosis"],"picked":"Violence","floor":36.0},{"not_picked":["Swift Strike","Chrysalis"],"picked":"Dark Shackles","floor":36.0},{"not_picked":["Skim","Hello World+1","Rip and Tear"],"picked":"SKIP","floor":37.0},{"not_picked":["Static Discharge+1","Barrage"],"picked":"Cold Snap","floor":38.0},{"not_picked":["Stack+1","Turbo+1","Sweeping Beam+1"],"picked":"SKIP","floor":39.0},{"not_picked":["Double Energy+1","Leap"],"picked":"All For One","floor":40.0},{"not_picked":["Conserve Battery","Turbo+1"],"picked":"Redo+1","floor":41.0},{"not_picked":["Rainbow","Compile Driver","Undo"],"picked":"Singing Bowl","floor":42.0},{"not_picked":["Reinforced Body","Melter","Steam"],"picked":"Singing Bowl","floor":44.0},{"not_picked":["Compile Driver","Doom and Gloom+1"],"picked":"Lockon","floor":45.0},{"not_picked":["Turbo+1","Undo+1"],"picked":"Gash+1","floor":47.0}],"player_experience":210847,"relics_obtained":[{"floor":6.0,"key":"Peace Pipe"},{"floor":9.0,"key":"Pocketwatch"},{"floor":11.0,"key":"Kunai"},{"floor":14.0,"key":"Mummified Hand"},{"floor":23.0,"key":"The Courier"},{"floor":25.0,"key":"Unceasing Top"},{"floor":26.0,"key":"Regal Pillow"},{"floor":27.0,"key":"Gremlin Horn"},{"floor":29.0,"key":"Mango"},{"floor":40.0,"key":"Smiling Mask"},{"floor":42.0,"key":"Singing Bowl"},{"floor":43.0,"key":"Strawberry"},{"floor":44.0,"key":"Happy Flower"},{"floor":45.0,"key":"Thread and Needle"}],"event_choices":[{"damage_healed":0.0,"max_hp_gain":0.0,"max_hp_loss":0.0,"gold_gain":0.0,"event_name":"The Library","player_choice":"Read","floor":19.0,"gold_loss":0.0,"damage_taken":0.0,"cards_obtained":["Gash"]},{"damage_healed":0.0,"max_hp_gain":0.0,"max_hp_loss":0.0,"gold_gain":0.0,"event_name":"Addict","player_choice":"Obtained Relic","floor":28.0,"gold_loss":85.0,"damage_taken":0.0,"relics_obtained":["Bronze Scales"]},{"damage_healed":0.0,"max_hp_gain":0.0,"max_hp_loss":0.0,"gold_gain":0.0,"event_name":"SensoryStone","player_choice":"Memory 2","floor":36.0,"gold_loss":0.0,"damage_taken":5.0},{"damage_healed":0.0,"max_hp_gain":0.0,"max_hp_loss":0.0,"gold_gain":0.0,"event_name":"Mysterious Sphere","player_choice":"Fight","floor":45.0,"gold_loss":0.0,"damage_taken":0.0}],"is_beta":false,"boss_relics":[{"not_picked":["Sozu","Astrolabe"],"picked":"Pandora\u0027s Box"},{"not_picked":["Cursed Key","SacredBark"],"picked":"Nuclear Battery"}],"items_purged_floors":[],"is_endless":false,"potions_floor_spawned":[5,6,8,11,13,16,18,23,29,31,37,39,41,44,47],"ascension_level":6}}