{"host":"en4narc5947t7k9n","time":1614179857,"event":{"mods":["AchievementEnabler","BaseMod","Colored Map","Minty Spire (QoL Compilation)","SuperFastMode"],"gold_per_floor":[113,188,44,44,44,44,44,63,63,89,105,139,170,213,225,337,349,373,385,407,45,80,115,115,134,180,180,195,227,247,247,247,343,343,362,287,287,312,327,327,353,353,353,373,473,507,521,552,552,552,552,552,5,31,31],"floor_reached":56,"language":"KOR","playtime":2883,"items_purged":["Strike_G+1","Strike_G+1"],"score":1416,"play_id":"d06334a9-ceed-465f-87fc-903b3a1f7c74","local_time":"20210225001737","is_ascension_mode":false,"campfire_choices":[{"data":"Neutralize","floor":6,"key":"SMITH"},{"floor":15,"key":"REST"},{"floor":24,"key":"RECALL"},{"data":"After Image","floor":27,"key":"SMITH"},{"floor":32,"key":"REST"},{"data":"Venomology","floor":40,"key":"SMITH"},{"data":"Terror","floor":42,"key":"SMITH"},{"data":"Corpse Explosion","floor":49,"key":"SMITH"},{"data":"Tactician","floor":52,"key":"SMITH"}],"circlet_count":0,"master_deck":["Strike_G+1","Strike_G+1","Defend_G+1","Defend_G+1","Defend_G+1","Defend_G+1","Defend_G+1","Survivor","Neutralize+1","Backflip","Quick Slash","Dodge and Roll","Leg Sweep","Corpse Explosion+1","Dagger Throw","Bouncing Flask","Prepared+1","After Image+1","Deadly Poison","PiercingWail+1","Crippling Poison+1","Deflect+1","Underhanded Strike+1","Tactician+1","A Thousand Cuts","Caltrops","Bouncing Flask+1","Venomology+1","Escape Plan+1","Riddle With Holes+1","Terror+1","Slice+1","Dash+1","Bane","Backflip+1","Corpse Explosion+1","Calculated Gamble+1"],"relics":["Ring of the Serpent","TwistedFunnel","Tiny Chest","Calipers","MawBank","Incense Burner","HornCleat","PreservedInsect","Lantern","Red Mask","Shuriken","Happy Flower","Mango","SlaversCollar","Regal Pillow","Mummified Hand","War Paint","Blue Candle","Anchor","Thread and Needle","DollysMirror","Bag of Marbles"],"acts_visited":["Exordium","TheCity","TheBeyond","TheEnding"],"potions_floor_usage":[12,12,14,14,25,33,39,39,41,44,46,47,48,50,50,55,55,55,55],"damage_taken":[{"damage":0,"enemies":"2 Louse","floor":1,"turns":3},{"damage":0,"enemies":"Jaw Worm","floor":8,"turns":4},{"damage":29,"enemies":"Lagavulin","floor":10,"turns":12},{"damage":0,"enemies":"Cultist","floor":11,"turns":4},{"damage":9,"enemies":"3 Sentries","floor":12,"turns":3},{"damage":6,"enemies":"Lots of Slimes","floor":13,"turns":3},{"damage":8,"enemies":"Lagavulin","floor":14,"turns":7},{"damage":18,"enemies":"Hexaghost","floor":16,"turns":11},{"damage":9,"enemies":"Spheric Guardian","floor":18,"turns":6},{"damage":7,"enemies":"Shell Parasite","floor":20,"turns":5},{"damage":0,"enemies":"Masked Bandits","floor":22,"turns":3},{"damage":23,"enemies":"Slavers","floor":23,"turns":3},{"damage":0,"enemies":"3 Cultists","floor":25,"turns":3},{"damage":0,"enemies":"Centurion and Healer","floor":28,"turns":4},{"damage":6,"enemies":"Book of Stabbing","floor":29,"turns":5},{"damage":0,"enemies":"Chosen and Byrds","floor":30,"turns":5},{"damage":30,"enemies":"Automaton","floor":33,"turns":11},{"damage":7,"enemies":"3 Darklings","floor":35,"turns":3},{"damage":14,"enemies":"Orb Walker","floor":39,"turns":5},{"damage":9,"enemies":"Nemesis","floor":41,"turns":7},{"damage":0,"enemies":"Writhing Mass","floor":44,"turns":5},{"damage":0,"enemies":"Reptomancer","floor":46,"turns":5},{"damage":0,"enemies":"Transient","floor":47,"turns":5},{"damage":0,"enemies":"Nemesis","floor":48,"turns":7},{"damage":31,"enemies":"Donu and Deca","floor":50,"turns":7},{"damage":0,"enemies":"Shield and Spear","floor":54,"turns":3},{"damage":83,"enemies":"The Heart","floor":55,"turns":10}],"seed_played":"4254684745021662393","potions_obtained":[{"floor":8,"key":"SteroidPotion"},{"floor":10,"key":"Swift Potion"},{"floor":11,"key":"Strength Potion"},{"floor":12,"key":"SpeedPotion"},{"floor":18,"key":"Swift Potion"},{"floor":23,"key":"CunningPotion"},{"floor":25,"key":"EssenceOfSteel"},{"floor":30,"key":"Strength Potion"},{"floor":35,"key":"EssenceOfSteel"},{"floor":41,"key":"Swift Potion"},{"floor":44,"key":"SpeedPotion"}],"is_trial":false,"path_per_floor":["M","?","$","?","$","R","?","M","T","E","M","E","M","E","R","B",null,"M","T","M","$","?","E","R","M","T","R","M","E","M","?","R","B",null,"M","$","?","T","M","R","E","R","T","M","?","E","M","E","R","B",null,"R","$","E","B",null],"character_chosen":"THE_SILENT","items_purchased":["TwistedFunnel","PreservedInsect","Lantern","Crippling Poison","Thread and Needle","DollysMirror"],"campfire_rested":2,"item_purchase_floors":[3,21,21,21,53,53],"current_hp_per_floor":[77,66,66,54,54,54,54,54,54,25,25,16,10,2,25,7,77,68,68,61,61,61,38,38,38,38,38,38,46,46,46,73,43,91,84,84,84,84,70,70,61,61,61,61,61,61,61,61,61,30,91,91,91,91,8],"gold":31,"neow_bonus":"TEN_PERCENT_HP_BONUS","is_daily":false,"chose_seed":false,"campfire_upgraded":6,"win_rate":0.0,"timestamp":1614179857,"path_taken":["M","?","$","?","$","R","?","M","T","E","?","E","?","E","R","BOSS","M","?","M","$","?","E","R","M","T","R","M","E","M","?","R","BOSS","M","$","?","?","?","R","E","R","T","M","?","E","?","E","R","BOSS","R","$","E","BOSS"],"items_purchased_type":["Relic","Relic","Relic","Card","Relic","Relic"],"build_version":"2020-12-22","purchased_purges":2,"victory":true,"max_hp_per_floor":[77,77,77,77,77,77,77,77,77,77,77,77,77,77,77,77,77,77,77,77,77,77,77,77,77,77,77,77,91,91,91,91,91,91,91,91,91,91,91,91,91,91,91,91,91,91,91,91,91,91,91,91,91,91,91],"card_choices":[{"not_picked":["Underhanded Strike","Heel Hook"],"picked":"Backflip","floor":1},{"not_picked":["Deflect","Concentrate"],"picked":"Dodge and Roll","floor":8},{"not_picked":["Prepared","Finisher"],"picked":"Leg Sweep","floor":10},{"not_picked":["Skewer","Deflect"],"picked":"Corpse Explosion","floor":11},{"not_picked":["Choke","Blade Dance"],"picked":"Dagger Throw","floor":12},{"not_picked":["Dodge and Roll","Predator"],"picked":"Bouncing Flask","floor":13},{"not_picked":["Underhanded Strike","Backflip"],"picked":"Prepared","floor":14},{"not_picked":["Adrenaline","Unload"],"picked":"After Image","floor":16},{"not_picked":["Outmaneuver","Prepared"],"picked":"Deadly Poison","floor":18},{"not_picked":["Masterful Stab","Flying Knee"],"picked":"PiercingWail+1","floor":20},{"not_picked":["Underhanded Strike","Masterful Stab"],"picked":"Deflect+1","floor":22},{"not_picked":["Prepared","Blade Dance"],"picked":"Underhanded Strike+1","floor":23},{"not_picked":["Escape Plan","Backflip"],"picked":"Tactician","floor":25},{"not_picked":["Deadly Poison","Sucker Punch"],"picked":"A Thousand Cuts","floor":28},{"not_picked":["Sucker Punch","Outmaneuver"],"picked":"Caltrops","floor":29},{"not_picked":["Dagger Throw","Accuracy"],"picked":"Bouncing Flask+1","floor":30},{"not_picked":["Glass Knife","Corpse Explosion"],"picked":"Venomology","floor":33},{"not_picked":["Slice","Accuracy+1"],"picked":"Escape Plan+1","floor":35},{"not_picked":["Dagger Throw","Escape Plan"],"picked":"Riddle With Holes+1","floor":39},{"not_picked":["Footwork+1","A Thousand Cuts"],"picked":"Terror","floor":41},{"not_picked":["Poisoned Stab+1","Prepared+1"],"picked":"Slice+1","floor":44},{"not_picked":["Eviscerate+1","Prepared+1"],"picked":"Dash+1","floor":46},{"not_picked":["Escape Plan+1","Underhanded Strike+1"],"picked":"Bane","floor":47},{"not_picked":["Dagger Spray+1","Prepared"],"picked":"Backflip+1","floor":48},{"not_picked":["Crippling Poison","Underhanded Strike+1"],"picked":"Calculated Gamble+1","floor":54}],"player_experience":202291,"relics_obtained":[{"floor":10,"key":"Calipers"},{"floor":12,"key":"MawBank"},{"floor":14,"key":"Incense Burner"},{"floor":19,"key":"HornCleat"},{"floor":22,"key":"Red Mask"},{"floor":23,"key":"Shuriken"},{"floor":26,"key":"Happy Flower"},{"floor":29,"key":"Mango"},{"floor":38,"key":"Regal Pillow"},{"floor":41,"key":"Mummified Hand"},{"floor":43,"key":"War Paint"},{"floor":46,"key":"Blue Candle"},{"floor":48,"key":"Anchor"},{"floor":54,"key":"Bag of Marbles"}],"event_choices":[{"damage_healed":0,"gold_gain":75,"player_choice":"Gather Gold","damage_taken":11,"max_hp_gain":0,"max_hp_loss":0,"event_name":"World of Goop","floor":2,"gold_loss":0},{"damage_healed":0,"gold_gain":0,"player_choice":"Success","damage_taken":12,"relics_obtained":["Tiny Chest"],"max_hp_gain":0,"max_hp_loss":0,"event_name":"Scrap Ooze","floor":4,"gold_loss":0},{"damage_healed":0,"gold_gain":0,"cards_transformed":["Strike_G"],"player_choice":"Transformed","damage_taken":0,"max_hp_gain":0,"max_hp_loss":0,"event_name":"Transmorgrifier","floor":7,"gold_loss":0,"cards_obtained":["Quick Slash"]},{"damage_healed":0,"gold_gain":0,"player_choice":"Fought Bandits","damage_taken":0,"max_hp_gain":0,"max_hp_loss":0,"event_name":"Masked Bandits","floor":22,"gold_loss":0},{"damage_healed":0,"gold_gain":0,"player_choice":"Simplicity","damage_taken":0,"max_hp_gain":0,"max_hp_loss":0,"event_name":"Back to Basics","floor":31,"gold_loss":0,"cards_upgraded":["Strike_G","Strike_G","Strike_G","Strike_G","Defend_G","Defend_G","Defend_G","Defend_G","Defend_G"]},{"damage_healed":0,"gold_gain":0,"player_choice":"Got Potions","damage_taken":0,"max_hp_gain":0,"max_hp_loss":0,"event_name":"Lab","floor":37,"gold_loss":0},{"damage_healed":0,"gold_gain":100,"player_choice":"Pray","damage_taken":0,"max_hp_gain":0,"max_hp_loss":0,"event_name":"Golden Shrine","floor":45,"gold_loss":0}],"is_beta":false,"boss_relics":[{"not_picked":["Black Star","Astrolabe"],"picked":"Ring of the Serpent"},{"not_picked":["HoveringKite","Busted Crown"],"picked":"SlaversCollar"}],"items_purged_floors":[36,53],"is_endless":false,"potions_floor_spawned":[8,10,11,12,18,23,25,30,35,41,44],"ascension_level":0}}