{"host":"19r1ww88x2tc73i0","time":1614190445,"event":{"mods":["BaseMod","BetterRewards","Colored Map","Minty Spire (QoL Compilation)","Relic Stats","StSLib","SuperFastMode","slay the spire mod where everything is the same but ironclad has a cowboy hat"],"gold_per_floor":[367,202,202,29,48,48,62,62,62,87,101,18,52,68,68,68,68],"floor_reached":16,"language":"ENG","playtime":448,"items_purged":["Writhe"],"score":220,"play_id":"01d4bb55-a62f-40bc-8ab1-77c8ea2ab774","local_time":"25640225011405","is_ascension_mode":true,"campfire_choices":[{"data":"Masterful Stab","floor":6.0,"key":"SMITH"},{"data":"Cloak And Dagger","floor":15.0,"key":"SMITH"}],"circlet_count":0,"master_deck":["AscendersBane","Strike_G","Strike_G","Strike_G","Strike_G","Defend_G","Defend_G","Defend_G","Defend_G","Defend_G","Survivor","Neutralize","Dagger Throw","Adrenaline","Masterful Stab+1","Underhanded Strike","Cloak And Dagger+1","Bullet Time","Deflect","Finisher","Prepared"],"relics":["Ring of the Snake","Tingsha","Pen Nib","Girya","Shuriken","Ice Cream"],"acts_visited":["Exordium"],"potions_floor_usage":[16,16],"damage_taken":[{"damage":4.0,"enemies":"Cultist","floor":1.0,"turns":5.0},{"damage":3.0,"enemies":"Small Slimes","floor":5.0,"turns":5.0},{"damage":0.0,"enemies":"2 Louse","floor":7.0,"turns":1.0},{"damage":9.0,"enemies":"3 Sentries","floor":10.0,"turns":8.0},{"damage":0.0,"enemies":"Blue Slaver","floor":11.0,"turns":2.0},{"damage":14.0,"enemies":"Lagavulin","floor":13.0,"turns":5.0},{"damage":0.0,"enemies":"2 Fungi Beasts","floor":14.0,"turns":3.0},{"damage":23,"enemies":"The Guardian","floor":16,"turns":3}],"seed_played":"7715234870769984466","potions_obtained":[{"floor":5.0,"key":"Explosive Potion"},{"floor":13.0,"key":"DuplicationPotion"},{"floor":14.0,"key":"DuplicationPotion"}],"is_trial":false,"path_per_floor":["M","$","T","$","M","R","M","?","T","E","M","$","E","M","R","B"],"character_chosen":"THE_SILENT","items_purchased":["Adrenaline","Pen Nib","Energy Potion","Deflect"],"campfire_rested":0,"item_purchase_floors":[2,4,12,12],"current_hp_per_floor":[55,55,55,55,52,52,52,45,45,36,36,36,22,22,22,0,0],"gold":68,"neow_bonus":"TWO_FIFTY_GOLD","is_daily":false,"chose_seed":false,"campfire_upgraded":2,"win_rate":0.0,"timestamp":1614190445,"path_taken":["M","?","?","$","M","R","M","?","T","E","M","$","E","M","R","BOSS"],"items_purchased_type":["Card","Relic","Potion","Card"],"build_version":"2020-12-22","purchased_purges":1,"victory":false,"max_hp_per_floor":[66,66,66,66,66,66,66,66,66,66,66,66,66,66,66,66,66],"relic_stats":{"counters":[8,32],"Shuriken":[7],"Tingsha":[50],"Pen Nib":[5],"obtain_stats":[{"Ice Cream":13,"Girya":9,"Shuriken":10,"Tingsha":3,"Pen Nib":4,"Ring of the Snake":0},{"Ice Cream":6,"Girya":3,"Shuriken":4,"Tingsha":1,"Pen Nib":1,"Ring of the Snake":0},{"Ice Cream":26,"Girya":11,"Shuriken":19,"Tingsha":5,"Pen Nib":5,"Ring of the Snake":0}],"Ring of the Snake":[16]},"card_choices":[{"not_picked":["Outmaneuver","Deflect"],"picked":"Dagger Throw","floor":1.0},{"not_picked":["Prepared","Bane"],"picked":"Masterful Stab","floor":5.0},{"not_picked":["Quick Slash","Bane"],"picked":"Underhanded Strike","floor":7.0},{"not_picked":["Outmaneuver","Expertise"],"picked":"Cloak And Dagger","floor":10.0},{"not_picked":["Deflect","Sucker Punch"],"picked":"Bullet Time","floor":11.0},{"not_picked":["Poisoned Stab","Reflex"],"picked":"Finisher","floor":13.0},{"not_picked":["Dodge and Roll","Dagger Spray"],"picked":"Prepared","floor":14.0}],"player_experience":1165169,"relics_obtained":[{"floor":3.0,"key":"Tingsha"},{"floor":9.0,"key":"Girya"},{"floor":10.0,"key":"Shuriken"},{"floor":13.0,"key":"Ice Cream"}],"event_choices":[{"cards_removed":["Strike_G"],"damage_healed":0.0,"max_hp_gain":0.0,"max_hp_loss":0.0,"gold_gain":0.0,"event_name":"Golden Wing","player_choice":"Card Removal","floor":8.0,"gold_loss":0.0,"damage_taken":7.0}],"is_beta":false,"boss_relics":[],"items_purged_floors":[2],"is_endless":false,"potions_floor_spawned":[5,13,14],"killed_by":"The Guardian","ascension_level":20}}