{"host":"nn8ykqwz2w24pkn4","time":1614188171,"event":{"mods":["AchievementEnabler","Aspiration","BaseMod","Better Note","BetterRewards","DNKmod","Friendly Minions","Gold Saver","Highlight Path","Hubris","Minty Spire (QoL Compilation)","Rare Cards Sparkle","Spire Birthday Party","StSLib","Uncapped","Unceasing Turn Reminder","egg"],"gold_per_floor":[365,168,183,33,48,48,78,5,80,80,110,125,155,170,170,270,270,285,300,315,315,315,345,345,360,385,235,250,250,280,55,55,155,155,170,170,170,185,35,35,65,65,115,130,30,60,75,300,300,300],"floor_reached":51,"language":"ENG","playtime":1207,"items_purged":[],"score":1363,"play_id":"2fd61c95-6dde-4168-ac25-e3e95b340356","local_time":"20210224093611","daily_mods":["Heirloom","Colorless Cards","DeadlyEvents"],"is_ascension_mode":false,"campfire_choices":[{"data":"Bash","floor":6,"key":"SMITH"},{"data":"Whirlwind","floor":10,"key":"SMITH"},{"data":"Heavy Blade","floor":15,"key":"SMITH"},{"data":"Heavy Blade","floor":24,"key":"SMITH"},{"data":"Heavy Blade","floor":29,"key":"SMITH"},{"data":"Heavy Blade","floor":32,"key":"SMITH"},{"data":"Sword Boomerang","floor":40,"key":"SMITH"},{"data":"Heavy Blade","floor":49,"key":"SMITH"}],"circlet_count":0,"master_deck":["Strike_R","Strike_R","Strike_R","Strike_R","Strike_R","Defend_R","Defend_R","Defend_R","Defend_R","Bash+1","Heavy Blade+1","hubris:SharpeningStone+1","Pommel Strike","Berserk","hubris:ReadiedAction","Swift Strike","Flame Barrier","Pommel Strike","Whirlwind+1","Thunderclap","Thunderclap","Heavy Blade+1","Feed","Twin Strike","Sword Boomerang+1","Dramatic Entrance","Thunderclap","Flash of Steel","Headbutt","Pommel Strike","Headbutt","Heavy Blade+1","Heavy Blade+1","Pommel Strike+1","Headbutt+1","Thunderclap","Thunderclap","Heavy Blade+1","Flash of Steel"],"relics":["Black Blood","Prayer Wheel","hubris:TenFootPole","hubris:OldNail","Gremlin Horn","hubris:DeckOfHolding","hubris:Metronome","hubris:ChampionShield","MutagenicStrength","aspiration:RitualStick","StrikeDummy","Orichalcum","Chemical X","CaptainsWheel","Membership Card","Nunchaku","Boot","hubris:Potato","Du-Vu Doll","hubris:ToyBattleship","Bag of Marbles","Vajra","hubris:NiceRug","Question Card","Frozen Eye"],"acts_visited":["Exordium","TheCity","TheBeyond"],"potions_floor_usage":[50,50],"damage_taken":[{"damage":0,"enemies":"Cultist","floor":1,"turns":3},{"damage":0,"enemies":"Jaw Worm","floor":3,"turns":2},{"damage":0,"enemies":"2 Louse","floor":5,"turns":2},{"damage":0,"enemies":"Lagavulin","floor":7,"turns":5},{"damage":9,"enemies":"Gremlin Nob","floor":11,"turns":4},{"damage":0,"enemies":"Blue Slaver","floor":12,"turns":2},{"damage":0,"enemies":"Lagavulin","floor":13,"turns":3},{"damage":0,"enemies":"3 Louse","floor":14,"turns":1},{"damage":0,"enemies":"The Guardian","floor":16,"turns":2},{"damage":0,"enemies":"Spheric Guardian","floor":18,"turns":2},{"damage":0,"enemies":"2 Thieves","floor":19,"turns":1},{"damage":0,"enemies":"Snecko","floor":20,"turns":1},{"damage":0,"enemies":"Book of Stabbing","floor":23,"turns":2},{"damage":0,"enemies":"Centurion and Healer","floor":25,"turns":1},{"damage":0,"enemies":"Snake Plant","floor":28,"turns":1},{"damage":0,"enemies":"Slavers","floor":30,"turns":1},{"damage":0,"enemies":"hubris:MusketHawk","floor":33,"turns":3},{"damage":9,"enemies":"3 Shapes","floor":35,"turns":1},{"damage":22,"enemies":"3 Darklings","floor":38,"turns":3},{"damage":0,"enemies":"Giant Head","floor":41,"turns":4},{"damage":0,"enemies":"Maw","floor":44,"turns":2},{"damage":0,"enemies":"Reptomancer","floor":46,"turns":1},{"damage":0,"enemies":"Jaw Worm Horde","floor":47,"turns":1},{"damage":0,"enemies":"hubris:Merchant","floor":48,"turns":3},{"damage":0,"enemies":"Awakened One","floor":50,"turns":3}],"seed_played":"1986488565424594500","potions_obtained":[{"floor":7,"key":"DistilledChaos"},{"floor":11,"key":"Weak Potion"},{"floor":13,"key":"Regen Potion"},{"floor":16,"key":"Energy Potion"},{"floor":18,"key":"Strength Potion"},{"floor":48,"key":"Strength Potion"}],"is_trial":false,"path_per_floor":["M","$","M","$","M","R","E","$","T","R","E","M","E","M","R","B",null,"M","M","M","?","?","E","R","M","T","$","M","R","E","$","R","B",null,"M","?","T","M","$","R","E","$","T","M","NS","E","M","$","R","B",null],"character_chosen":"IRONCLAD","items_purchased":["hubris:TenFootPole","Pommel Strike","hubris:OldNail","Whirlwind","Chemical X","Membership Card","Nunchaku","hubris:Potato","Vajra"],"campfire_rested":0,"item_purchase_floors":[2,2,4,8,27,31,31,39,48],"current_hp_per_floor":[125,125,125,125,125,125,125,125,125,125,122,125,125,125,125,125,125,125,125,128,128,115,127,127,128,128,128,128,128,128,128,128,128,128,128,128,128,118,118,118,128,128,128,128,128,128,128,128,128,128],"gold":300,"neow_bonus":"","is_daily":true,"chose_seed":false,"campfire_upgraded":8,"win_rate":0.0,"timestamp":1614188171,"path_taken":["M","$","M","$","M","R","E","?","T","R","?","M","E","M","R","BOSS","M","M","M","?","?","E","R","M","T","$","M","R","?","$","R","BOSS","M","?","?","?","$","R","E","?","T","M","NS","E","M","$","R","BOSS"],"items_purchased_type":["Relic","Card","Relic","Card","Relic","Relic","Relic","Relic","Relic"],"build_version":"2020-12-22","purchased_purges":0,"victory":true,"max_hp_per_floor":[125,125,125,125,125,125,125,125,125,125,125,125,125,125,125,125,125,125,125,128,128,128,128,128,128,128,128,128,128,128,128,128,128,128,128,128,128,128,128,128,128,128,128,128,128,128,128,128,128,128],"card_choices":[{"not_picked":["Body Slam","Flex"],"picked":"Heavy Blade","floor":1},{"not_picked":["Blind","True Grit"],"picked":"hubris:SharpeningStone","floor":1},{"not_picked":["Warcry","Armaments"],"picked":"Berserk","floor":3},{"not_picked":["Twin Strike","Perfected Strike"],"picked":"hubris:ReadiedAction","floor":3},{"not_picked":["Flex","hubris:Ssssneak"],"picked":"Swift Strike","floor":5},{"not_picked":["Intimidate","Chrysalis"],"picked":"Flame Barrier","floor":5},{"not_picked":["Armaments","Rage"],"picked":"Pommel Strike","floor":7},{"not_picked":["Armaments","Purity"],"picked":"Thunderclap","floor":11},{"not_picked":["hubris:ReadiedAction","True Grit"],"picked":"Thunderclap","floor":12},{"not_picked":["Pommel Strike","Flex"],"picked":"Heavy Blade","floor":12},{"not_picked":["Fiend Fire","Body Slam"],"picked":"Feed","floor":13},{"not_picked":["Trip","Anger"],"picked":"Twin Strike","floor":14},{"not_picked":["Mind Blast","Warcry","Shockwave"],"picked":"SKIP","floor":14},{"not_picked":["Body Slam","Madness"],"picked":"Pommel Strike+1","floor":18},{"not_picked":["Discovery","Cleave"],"picked":"Sword Boomerang","floor":18},{"not_picked":["Armaments","Wild Strike"],"picked":"Dramatic Entrance","floor":19},{"not_picked":["Burning Pact","Flex"],"picked":"Thunderclap","floor":19},{"not_picked":["Discovery","Body Slam"],"picked":"Flash of Steel","floor":20},{"not_picked":["Cleave","Wild Strike"],"picked":"Headbutt","floor":20},{"not_picked":["Warcry","Rage"],"picked":"Pommel Strike","floor":23},{"not_picked":["Purity","Wild Strike"],"picked":"Headbutt","floor":25},{"not_picked":["Ghostly Armor+1","Seeing Red","Blood for Blood"],"picked":"SKIP","floor":25},{"not_picked":["Cleave","Mayhem"],"picked":"Heavy Blade","floor":28},{"not_picked":["Swift Strike+1","Shrug It Off","Perfected Strike"],"picked":"SKIP","floor":28},{"not_picked":["Thunderclap+1","Armaments"],"picked":"Heavy Blade","floor":30},{"not_picked":["Warcry","Armaments"],"picked":"Spot Weakness+1","floor":35},{"not_picked":["Wild Strike+1","Perfected Strike+1","Clash+1"],"picked":"SKIP","floor":35},{"not_picked":["hubris:Insight+1","Combust"],"picked":"Pommel Strike+1","floor":38},{"not_picked":["hubris:ReadiedAction+1","Shrug It Off+1","Havoc"],"picked":"SKIP","floor":38},{"not_picked":["Inflame","Body Slam+1","Carnage"],"picked":"SKIP","floor":41},{"not_picked":["Twin Strike","Combust"],"picked":"Headbutt+1","floor":44},{"not_picked":["Clothesline","Metallicize","Clash+1"],"picked":"SKIP","floor":44},{"not_picked":["Wild Strike","Shrug It Off"],"picked":"Thunderclap","floor":46},{"not_picked":["Wild Strike","Pommel Strike+1","Jack Of All Trades"],"picked":"SKIP","floor":47},{"not_picked":["Rage+1","Finesse+1","Flex+1"],"picked":"SKIP","floor":47},{"not_picked":[],"picked":"Thunderclap","floor":48},{"not_picked":[],"picked":"Heavy Blade","floor":48},{"not_picked":[],"picked":"Flash of Steel","floor":48},{"not_picked":["Armaments"],"picked":"SKIP","floor":48},{"not_picked":["Havoc"],"picked":"SKIP","floor":48},{"not_picked":["Metallicize"],"picked":"SKIP","floor":48},{"not_picked":["Master of Strategy"],"picked":"SKIP","floor":48}],"player_experience":432946,"relics_obtained":[{"floor":7,"key":"Gremlin Horn"},{"floor":9,"key":"hubris:DeckOfHolding"},{"floor":11,"key":"hubris:Metronome"},{"floor":13,"key":"hubris:ChampionShield"},{"floor":23,"key":"StrikeDummy"},{"floor":26,"key":"Orichalcum"},{"floor":30,"key":"CaptainsWheel"},{"floor":37,"key":"Boot"},{"floor":41,"key":"Du-Vu Doll"},{"floor":43,"key":"hubris:ToyBattleship"},{"floor":46,"key":"Bag of Marbles"},{"floor":48,"key":"Question Card"},{"floor":48,"key":"Frozen Eye"}],"event_choices":[{"damage_healed":0,"gold_gain":0,"player_choice":"Inject Mutagens","damage_taken":0,"relics_obtained":["MutagenicStrength"],"max_hp_gain":0,"max_hp_loss":0,"event_name":"Drug Dealer","floor":21,"gold_loss":0}],"is_beta":false,"boss_relics":[{"not_picked":["hubris:TerracottaHorce","hubris:ScarierMask"],"picked":"Black Blood"},{"not_picked":["Velvet Choker","Busted Crown","hubris:HollowSoul"]}],"items_purged_floors":[],"is_endless":false,"potions_floor_spawned":[7,11,13,16,18,23,30,35,44,46,47],"ascension_level":0}}