{"host":"ow66nzv2xecjoor3","time":1614144186,"event":{"mods":["BaseMod","Bestiary","Block Reminder","Colored Powertips","Curses Come First","Highlight Path","Keyboard Shortcuts","Minty Spire (QoL Compilation)","Permanent Neow","Relic Stats","StSLib","UnlockEverythingMod"],"gold_per_floor":[118,136,156,156,168,203,203,237,237,2,19,32,42,42,42,116,116,132,152,152,167,27,27,57,57,57,85,5,17,42,55,55,131,131,146,159,184,24,34,59,59,90,116,16,29,29,29,42,42,42,42],"floor_reached":52,"language":"ENG","playtime":8516,"items_purged":["Strike_B","Normality"],"score":2243,"play_id":"19a6aa73-b7a9-4f87-9c32-9bd6889391ff","local_time":"20210223232306","is_ascension_mode":true,"campfire_choices":[{"data":"Consume","floor":7.0,"key":"SMITH"},{"data":"Creative AI","floor":15.0,"key":"SMITH"},{"data":"Capacitor","floor":23.0,"key":"SMITH"},{"data":"Seek","floor":32,"key":"SMITH"},{"data":"Heatsinks","floor":46,"key":"SMITH"},{"floor":49,"key":"RECALL"}],"circlet_count":0,"master_deck":["AscendersBane","Strike_B+1","Strike_B+1","Defend_B+1","Defend_B+1","Defend_B+1","Zap","Glacier","Barrage","Ball Lightning","Consume+1","Electrodynamics","Reinforced Body","Conserve Battery","BootSequence","Creative AI+1","Seek+1","CurseOfTheBell","Go for the Eyes+1","Pain","BootSequence","Capacitor+1","Steam Power","Capacitor","Force Field+1","Coolheaded+1","Fission+1","Self Repair+1","Static Discharge+1","Conserve Battery+1","Storm","Coolheaded+1","Barrage+1","Heatsinks+1","Creative AI","Coolheaded+1"],"relics":["Cursed Key","Centennial Puzzle","MealTicket","Bag of Preparation","Calling Bell","Bag of Marbles","Mummified Hand","Bird Faced Urn","WarpedTongs","Dream Catcher","Mercury Hourglass","Toxic Egg 2","Coffee Dripper","Girya","Orrery","Whetstone","Bronze Scales"],"acts_visited":["Exordium","TheCity","TheBeyond"],"potions_floor_usage":[30,50],"damage_taken":[{"damage":5.0,"enemies":"2 Louse","floor":1.0,"turns":2.0},{"damage":13.0,"enemies":"Small Slimes","floor":2.0,"turns":3.0},{"damage":1.0,"enemies":"Cultist","floor":3.0,"turns":5.0},{"damage":0.0,"enemies":"Large Slime","floor":5.0,"turns":5.0},{"damage":6.0,"enemies":"3 Sentries","floor":6.0,"turns":7.0},{"damage":7.0,"enemies":"Lagavulin","floor":8.0,"turns":7.0},{"damage":9.0,"enemies":"Red Slaver","floor":11.0,"turns":5.0},{"damage":8.0,"enemies":"Blue Slaver","floor":12.0,"turns":3.0},{"damage":7.0,"enemies":"Exordium Thugs","floor":13.0,"turns":4.0},{"damage":0.0,"enemies":"The Guardian","floor":16.0,"turns":10.0},{"damage":16.0,"enemies":"Spheric Guardian","floor":18.0,"turns":4.0},{"damage":3.0,"enemies":"Shell Parasite","floor":19.0,"turns":7.0},{"damage":1.0,"enemies":"Snake Plant","floor":21.0,"turns":4.0},{"damage":0.0,"enemies":"Book of Stabbing","floor":24.0,"turns":5.0},{"damage":39,"enemies":"Gremlin Leader","floor":27,"turns":6},{"damage":4,"enemies":"Cultist and Chosen","floor":29,"turns":5},{"damage":12,"enemies":"Slavers","floor":30,"turns":3},{"damage":16,"enemies":"Centurion and Healer","floor":31,"turns":5},{"damage":6,"enemies":"Champ","floor":33,"turns":14},{"damage":11,"enemies":"Orb Walker","floor":35,"turns":5},{"damage":6,"enemies":"3 Darklings","floor":36,"turns":4},{"damage":13,"enemies":"Mind Bloom Boss Battle","floor":37,"turns":6},{"damage":17,"enemies":"Sphere and 2 Shapes","floor":39,"turns":4},{"damage":9,"enemies":"Giant Head","floor":40,"turns":6},{"damage":16,"enemies":"Nemesis","floor":42,"turns":5},{"damage":13,"enemies":"Spire Growth","floor":45,"turns":4},{"damage":9,"enemies":"Jaw Worm Horde","floor":48,"turns":2},{"damage":34,"enemies":"Awakened One","floor":50,"turns":12},{"damage":21,"enemies":"Donu and Deca","floor":51,"turns":5}],"seed_played":"-5102513158070949456","potions_obtained":[{"floor":2.0,"key":"EntropicBrew"},{"floor":5.0,"key":"Fire Potion"},{"floor":8.0,"key":"Swift Potion"},{"floor":21.0,"key":"Strength Potion"},{"floor":33,"key":"BlessingOfTheForge"},{"floor":37,"key":"FocusPotion"}],"is_trial":false,"path_per_floor":["M","M","M","?","M","E","R","E","T","$","M","M","M","?","R","B",null,"M","M","?","M","$","R","E","?","T","E","$","M","E","M","R","B",null,"M","M","?","$","M","E","?","E","T","$","M","R","?","M","R","B","B",null],"character_chosen":"DEFECT","items_purchased":["Bag of Preparation","Capacitor","FocusPotion","Capacitor","Orrery"],"campfire_rested":0,"item_purchase_floors":[10,22,22,28,38],"current_hp_per_floor":[59,46,45,38,38,32,32,25,25,40,31,23,16,16,16,16,57,49,60,60,67,71,71,71,71,71,46,61,69,59,57,57,71,71,69,71,71,71,71,71,71,71,71,71,71,71,71,71,71,71,71],"gold":42,"neow_bonus":"BOSS_RELIC","is_daily":false,"chose_seed":false,"campfire_upgraded":5,"win_rate":0.0,"timestamp":1614144186,"path_taken":["M","M","M","?","M","E","R","E","T","$","M","M","M","?","R","BOSS","M","?","?","?","$","R","E","?","T","E","$","M","E","M","R","BOSS","M","M","?","$","M","E","?","E","T","$","M","R","?","M","R","BOSS","BOSS"],"items_purchased_type":["Relic","Card","Potion","Card","Relic"],"build_version":"2020-12-22","purchased_purges":2,"victory":true,"max_hp_per_floor":[71,71,71,71,71,71,71,71,71,71,71,71,71,71,71,71,71,71,71,71,71,71,71,71,71,71,71,71,71,71,71,71,71,71,71,71,71,71,71,71,71,71,71,71,71,71,71,71,71,71,71],"relic_stats":{"counters":[29,157],"Bag of Preparation":[46],"Whetstone":["Go for the Eyes","Barrage"],"Cursed Key":1,"WarpedTongs":[95],"Mercury Hourglass":[262],"Centennial Puzzle":[66],"Dream Catcher":0,"Mummified Hand":[204],"Bird Faced Urn":[224],"Bronze Scales":[86],"MealTicket":34,"obtain_stats":[{"Girya":37,"Bag of Preparation":10,"Whetstone":40,"Cursed Key":0,"WarpedTongs":20,"Mercury Hourglass":27,"Calling Bell":17,"Centennial Puzzle":6,"Dream Catcher":24,"Mummified Hand":17,"Bird Faced Urn":17,"Bronze Scales":42,"Orrery":38,"MealTicket":8,"Bag of Marbles":17,"Coffee Dripper":34,"Toxic Egg 2":30,"Cracked Core":0},{"Girya":22,"Bag of Preparation":6,"Whetstone":24,"Cursed Key":0,"WarpedTongs":12,"Mercury Hourglass":15,"Calling Bell":10,"Centennial Puzzle":5,"Dream Catcher":14,"Mummified Hand":10,"Bird Faced Urn":10,"Bronze Scales":25,"Orrery":22,"MealTicket":6,"Bag of Marbles":10,"Coffee Dripper":19,"Toxic Egg 2":17,"Cracked Core":0},{"Girya":119,"Bag of Preparation":29,"Whetstone":129,"Cursed Key":0,"WarpedTongs":62,"Mercury Hourglass":77,"Calling Bell":51,"Centennial Puzzle":22,"Dream Catcher":71,"Mummified Hand":51,"Bird Faced Urn":51,"Bronze Scales":134,"Orrery":119,"MealTicket":29,"Bag of Marbles":51,"Coffee Dripper":104,"Toxic Egg 2":85,"Cracked Core":0}]},"card_choices":[{"not_picked":["Turbo","Redo","Reprogram"],"picked":"SKIP","floor":1.0},{"not_picked":["Turbo","Double Energy"],"picked":"Glacier","floor":2.0},{"not_picked":["Stack","BootSequence"],"picked":"Barrage","floor":3.0},{"not_picked":["Stack","Conserve Battery"],"picked":"Ball Lightning","floor":5.0},{"not_picked":["Sweeping Beam","Hologram"],"picked":"Consume","floor":6.0},{"not_picked":["Melter","Gash"],"picked":"Electrodynamics","floor":8.0},{"not_picked":["Ball Lightning","Barrage"],"picked":"Reinforced Body","floor":11.0},{"not_picked":["Hologram","Streamline"],"picked":"Conserve Battery","floor":12.0},{"not_picked":["Skim","Streamline"],"picked":"BootSequence","floor":13.0},{"not_picked":["Hyperbeam","Buffer"],"picked":"Seek","floor":16.0},{"not_picked":["Redo","Gash"],"picked":"Go for the Eyes","floor":18.0},{"not_picked":["Sweeping Beam","Go for the Eyes","Leap"],"picked":"SKIP","floor":19.0},{"not_picked":["Rebound","Streamline"],"picked":"BootSequence","floor":21.0},{"not_picked":["Beam Cell","Chaos"],"picked":"Steam Power","floor":24.0},{"not_picked":["Aggregate","BootSequence","Leap"],"picked":"SKIP","floor":27},{"not_picked":["Cold Snap","Lockon","Streamline"],"picked":"SKIP","floor":29},{"not_picked":["BootSequence+1","Creative AI"],"picked":"Force Field+1","floor":30},{"not_picked":["Go for the Eyes","Hologram+1"],"picked":"Coolheaded+1","floor":31},{"not_picked":["Meteor Strike","Machine Learning"],"picked":"Fission+1","floor":33},{"not_picked":["Redo+1","Rebound+1"],"picked":"Self Repair+1","floor":35},{"not_picked":["Sweeping Beam","Compile Driver"],"picked":"Static Discharge+1","floor":36},{"not_picked":["Stack+1","Reprogram+1"],"picked":"Conserve Battery+1","floor":37},{"not_picked":["Biased Cognition","Tempest+1"],"picked":"Storm","floor":38},{"not_picked":["FTL","Barrage"],"picked":"Coolheaded+1","floor":38},{"not_picked":["Go for the Eyes+1","Turbo+1"],"picked":"Barrage","floor":38},{"not_picked":["Beam Cell","Storm+1"],"picked":"Heatsinks","floor":39},{"not_picked":["Redo+1","Beam Cell+1"],"picked":"Creative AI","floor":40},{"not_picked":["Streamline","Barrage","Turbo+1"],"picked":"SKIP","floor":42},{"not_picked":["Turbo+1","Lockon+1","Sunder"],"picked":"SKIP","floor":45},{"not_picked":["Hello World","Streamline"],"picked":"Coolheaded+1","floor":48}],"player_experience":2965422,"relics_obtained":[{"floor":6.0,"key":"Centennial Puzzle"},{"floor":8.0,"key":"MealTicket"},{"floor":17.0,"key":"Bag of Marbles"},{"floor":17.0,"key":"Mummified Hand"},{"floor":17.0,"key":"Bird Faced Urn"},{"floor":24.0,"key":"Dream Catcher"},{"floor":27,"key":"Mercury Hourglass"},{"floor":30,"key":"Toxic Egg 2"},{"floor":37,"key":"Girya"},{"floor":40,"key":"Whetstone"},{"floor":42,"key":"Bronze Scales"}],"event_choices":[{"cards_removed":["Defend_B"],"damage_healed":0.0,"max_hp_gain":0.0,"max_hp_loss":0.0,"gold_gain":0.0,"event_name":"Golden Wing","player_choice":"Card Removal","floor":4.0,"gold_loss":0.0,"damage_taken":7.0},{"damage_healed":0.0,"max_hp_gain":0.0,"max_hp_loss":0.0,"gold_gain":0.0,"cards_transformed":["Strike_B"],"event_name":"Transmorgrifier","player_choice":"Transformed","floor":14.0,"gold_loss":0.0,"damage_taken":0.0,"cards_obtained":["Creative AI"]},{"damage_healed":0.0,"max_hp_gain":0.0,"max_hp_loss":0.0,"gold_gain":0.0,"event_name":"Accursed Blacksmith","player_choice":"Rummage","floor":20.0,"gold_loss":0.0,"damage_taken":0.0,"relics_obtained":["WarpedTongs"],"cards_obtained":["Pain"]},{"damage_healed":0.0,"max_hp_gain":0.0,"max_hp_loss":0.0,"gold_gain":0.0,"event_name":"Back to Basics","player_choice":"Simplicity","floor":25.0,"gold_loss":0.0,"damage_taken":0.0,"cards_upgraded":["Strike_B","Strike_B","Defend_B","Defend_B","Defend_B"]},{"damage_healed":0,"gold_gain":0,"player_choice":"Fight","damage_taken":0,"max_hp_gain":0,"max_hp_loss":0,"event_name":"MindBloom","floor":37,"gold_loss":0},{"cards_removed":["Dualcast"],"damage_healed":0,"gold_gain":0,"player_choice":"Removed Skill","damage_taken":0,"max_hp_gain":0,"max_hp_loss":0,"event_name":"Falling","floor":41,"gold_loss":0},{"damage_healed":0,"gold_gain":0,"player_choice":"Ignored","damage_taken":0,"max_hp_gain":0,"max_hp_loss":0,"event_name":"SecretPortal","floor":47,"gold_loss":0}],"is_beta":false,"boss_relics":[{"not_picked":["Ectoplasm","Velvet Choker"],"picked":"Calling Bell"},{"not_picked":["Philosopher\u0027s Stone","Inserter"],"picked":"Coffee Dripper"}],"items_purged_floors":[10,44],"is_endless":false,"potions_floor_spawned":[2,5,8,11,21,27,33,36,37,39,45,48],"ascension_level":20}}