{"host":"sav7uxregyirlf69","time":1614131566,"event":{"mods":["AchievementEnabler","BaseMod","Colored Map","DeckTracker","Keyboard Shortcuts","Minty Spire (QoL Compilation)","READ ME - Guardian Mod","StSLib","SuperFastMode"],"gold_per_floor":[365,385,4,4,20,47,60,72,99,99,24,0,26,40,40,40,40],"floor_reached":16,"language":"KOR","playtime":332,"items_purged":["Strike_G"],"score":224,"play_id":"8acf6cec-2471-46eb-a4a4-1103c6c504a7","local_time":"20210224105246","is_ascension_mode":true,"campfire_choices":[{"floor":10,"key":"REST"},{"floor":15,"key":"REST"}],"circlet_count":0,"master_deck":["AscendersBane","Strike_G","Strike_G","Strike_G","Strike_G","Defend_G","Defend_G","Defend_G","Defend_G","Defend_G","Survivor","Neutralize","Blade Dance+1","Quick Slash","Flash of Steel","Dagger Throw","Eviscerate","Backflip","Dagger Throw"],"relics":["Ring of the Snake","Gremlin Horn","Oddly Smooth Stone","Anchor","Regal Pillow"],"acts_visited":["Exordium"],"potions_floor_usage":[8,13,16],"damage_taken":[{"damage":0,"enemies":"2 Louse","floor":1,"turns":3},{"damage":1,"enemies":"Cultist","floor":2,"turns":5},{"damage":0,"enemies":"Small Slimes","floor":5,"turns":2},{"damage":42,"enemies":"3 Sentries","floor":6,"turns":10},{"damage":2,"enemies":"Looter","floor":7,"turns":3},{"damage":9,"enemies":"3 Louse","floor":8,"turns":2},{"damage":8,"enemies":"Gremlin Nob","floor":13,"turns":3},{"damage":0,"enemies":"Large Slime","floor":14,"turns":5},{"damage":60,"enemies":"Slime Boss","floor":16,"turns":9}],"seed_played":"-3035122189044141270","potions_obtained":[{"floor":5,"key":"Swift Potion"},{"floor":8,"key":"FearPotion"},{"floor":13,"key":"SkillPotion"}],"is_trial":false,"path_per_floor":["M","M","$","?","M","E","M","M","T","R","$","?","E","M","R","B"],"character_chosen":"THE_SILENT","items_purchased":["Gremlin Horn","Flash of Steel"],"campfire_rested":2,"item_purchase_floors":[3,3],"current_hp_per_floor":[59,58,58,58,58,16,14,5,5,23,23,23,15,15,48,0,0],"gold":40,"neow_bonus":"TWO_FIFTY_GOLD","is_daily":false,"chose_seed":false,"campfire_upgraded":0,"win_rate":0.0,"timestamp":1614131566,"path_taken":["M","M","$","?","M","E","M","?","T","R","$","?","E","M","R","BOSS"],"items_purchased_type":["Relic","Card"],"build_version":"2020-12-22","purchased_purges":1,"victory":false,"max_hp_per_floor":[60,60,60,60,60,60,60,60,60,60,60,60,60,60,60,60,60],"card_choices":[{"not_picked":["Cloak And Dagger","Escape Plan"],"picked":"Blade Dance","floor":1},{"not_picked":["Expertise","Sucker Punch"],"picked":"Quick Slash","floor":2},{"not_picked":["Quick Slash","PiercingWail"],"picked":"Dagger Throw","floor":5},{"not_picked":["Concentrate","Acrobatics"],"picked":"Eviscerate","floor":6},{"not_picked":["Masterful Stab","Flying Knee"],"picked":"Backflip","floor":7},{"not_picked":["Backflip","PiercingWail","Quick Slash"],"picked":"SKIP","floor":8},{"not_picked":["Bullet Time","Choke","Leg Sweep"],"picked":"SKIP","floor":13},{"not_picked":["Blur","Slice"],"picked":"Dagger Throw","floor":14}],"player_experience":1681089,"relics_obtained":[{"floor":6,"key":"Oddly Smooth Stone"},{"floor":9,"key":"Anchor"},{"floor":13,"key":"Regal Pillow"}],"event_choices":[{"damage_healed":0,"gold_gain":0,"player_choice":"Forge","damage_taken":0,"max_hp_gain":0,"max_hp_loss":0,"event_name":"Accursed Blacksmith","floor":4,"gold_loss":0,"cards_upgraded":["Blade Dance"]},{"damage_healed":0,"gold_gain":0,"player_choice":"Left Gold","damage_taken":0,"max_hp_gain":0,"max_hp_loss":0,"event_name":"World of Goop","floor":12,"gold_loss":24}],"is_beta":false,"boss_relics":[],"items_purged_floors":[11],"is_endless":false,"potions_floor_spawned":[5,8,13],"killed_by":"Slime Boss","ascension_level":20}}