{"host":"zoivywwv7f95il8b","time":1614167479,"event":{"mods":["BaseMod","Colored Powertips","Minty Spire (QoL Compilation)","StSLib"],"gold_per_floor":[111,13,13,33,33,63,63,92,117,144,76,76,96,115,115,213,213,224,90,110,130,229,229,229,229],"floor_reached":24,"language":"ZHS","playtime":1135,"items_purged":["Defend_R","Strike_R"],"score":335,"play_id":"86e4ceee-8c1d-4df7-915f-8384d2a9b5f9","local_time":"20210224195119","is_ascension_mode":true,"campfire_choices":[{"data":"True Grit","floor":7.0,"key":"SMITH"},{"floor":12.0,"key":"RECALL"},{"floor":15.0,"key":"REST"},{"data":"Juggernaut","floor":23,"key":"SMITH"}],"circlet_count":0,"master_deck":["Strike_R","Strike_R+1","Strike_R","Strike_R","Defend_R+1","Defend_R","Defend_R+1","Bash+1","Perfected Strike+1","True Grit+1","Whirlwind","Armaments+1","Exhume","Battle Trance","Power Through","Shrug It Off","Juggernaut+1","Entrench","Shockwave"],"relics":["Burning Blood","NeowsBlessing","War Paint","Tiny Chest","Whetstone","Ginger","Sozu"],"acts_visited":["Exordium","TheCity"],"potions_floor_usage":[],"damage_taken":[{"damage":0.0,"enemies":"Jaw Worm","floor":1.0,"turns":1.0},{"damage":0.0,"enemies":"2 Louse","floor":4.0,"turns":1.0},{"damage":0.0,"enemies":"Gremlin Nob","floor":6.0,"turns":1.0},{"damage":22.0,"enemies":"3 Sentries","floor":8.0,"turns":6.0},{"damage":33.0,"enemies":"Gremlin Nob","floor":10.0,"turns":5.0},{"damage":6.0,"enemies":"Cultist","floor":13.0,"turns":3.0},{"damage":13.0,"enemies":"Blue Slaver","floor":14.0,"turns":4.0},{"damage":45.0,"enemies":"The Guardian","floor":16.0,"turns":15.0},{"damage":0.0,"enemies":"Spheric Guardian","floor":18.0,"turns":3.0},{"damage":13.0,"enemies":"3 Byrds","floor":20.0,"turns":5.0},{"damage":10,"enemies":"Centurion and Healer","floor":21,"turns":10},{"damage":63,"enemies":"Slavers","floor":24,"turns":9}],"seed_played":"616565749942474084","potions_obtained":[{"floor":4.0,"key":"BlessingOfTheForge"},{"floor":10.0,"key":"ElixirPotion"},{"floor":16.0,"key":"Fire Potion"}],"is_trial":false,"path_per_floor":["M","$","?","M","?","E","R","E","T","E","$","R","M","M","R","B",null,"M","$","M","M","?","R","E"],"character_chosen":"IRONCLAD","items_purchased":["True Grit","Power Through","Entrench"],"campfire_rested":1,"item_purchase_floors":[2,11,19],"current_hp_per_floor":[78,78,62,68,73,79,79,63,63,36,36,36,36,29,54,15,68,74,74,67,63,63,63,0,0],"gold":229,"neow_bonus":"THREE_ENEMY_KILL","is_daily":false,"chose_seed":false,"campfire_upgraded":2,"win_rate":0.0,"timestamp":1614167479,"path_taken":["M","$","?","M","?","E","R","E","T","E","?","R","?","M","R","BOSS","M","$","M","M","?","R","E"],"items_purchased_type":["Card","Card","Card"],"build_version":"2020-12-22","purchased_purges":2,"victory":false,"max_hp_per_floor":[80,80,80,80,85,85,85,85,85,85,85,85,85,85,85,85,85,85,85,85,85,85,85,85,85],"card_choices":[{"not_picked":["Metallicize","Rupture"],"picked":"Perfected Strike","floor":1.0},{"not_picked":["Headbutt","Pommel Strike"],"picked":"Whirlwind","floor":4.0},{"not_picked":["Body Slam","Rage"],"picked":"Armaments","floor":6.0},{"not_picked":["Intimidate","Pummel"],"picked":"Exhume","floor":8.0},{"not_picked":["Havoc","Anger"],"picked":"Battle Trance","floor":10.0},{"not_picked":["Hemokinesis","Thunderclap"],"picked":"Shrug It Off","floor":13.0},{"not_picked":["Cleave","Armaments","Exhume"],"picked":"SKIP","floor":14.0},{"not_picked":["Berserk","Brutality"],"picked":"Juggernaut","floor":16.0},{"not_picked":["Heavy Blade","Havoc","Twin Strike"],"picked":"SKIP","floor":18.0},{"not_picked":["Iron Wave","Warcry","Sword Boomerang"],"picked":"SKIP","floor":20.0},{"not_picked":["Twin Strike","Exhume"],"picked":"Shockwave","floor":21}],"player_experience":109350,"relics_obtained":[{"floor":6.0,"key":"War Paint"},{"floor":8.0,"key":"Tiny Chest"},{"floor":9.0,"key":"Whetstone"},{"floor":10.0,"key":"Ginger"}],"event_choices":[{"damage_healed":0.0,"max_hp_gain":0.0,"max_hp_loss":0.0,"gold_gain":0.0,"event_name":"Shining Light","player_choice":"Entered Light","floor":3.0,"gold_loss":0.0,"damage_taken":16.0,"cards_upgraded":["Defend_R","Strike_R"]},{"damage_healed":0.0,"max_hp_gain":5.0,"max_hp_loss":0.0,"gold_gain":0.0,"event_name":"Big Fish","player_choice":"Donut","floor":5.0,"gold_loss":0.0,"damage_taken":0.0},{"damage_healed":0,"gold_gain":99,"player_choice":"Stole From Cult","damage_taken":0,"max_hp_gain":0,"max_hp_loss":0,"event_name":"Nest","floor":22,"gold_loss":0}],"is_beta":false,"boss_relics":[{"not_picked":["Coffee Dripper","Empty Cage"],"picked":"Sozu"}],"items_purged_floors":[2,19],"is_endless":false,"potions_floor_spawned":[4,10,16,18],"killed_by":"Slavers","ascension_level":8}}