{"host":"moyu2usvupazbbzc","time":1614181234,"event":{"mods":["2.2 Compatiblity","A Magickal Journey","Act Like it!","Bartender","BaseMod","BetterRewards","Colored Map","Colored Powertips","DeckTracker","Downfall","Elementarium","GifTheSpireLib","Ironclad Rager","Jedi Mod","Minty Spire (QoL Compilation)","Potionbrewer","Replay The Spire","Shop Mod","StSLib","Td1madao Mod","The Animator","The Cursed","The Exalted","The Florist","The Forsaken","The Hayseed","The Hierophant","The Judge","The Juggle","The Mystic","The Problem Sleuth","The Saiyan","The Servant 0.9.4","The Showman","The Trickster","The Wild Card","TheFirefly"],"gold_per_floor":[99,119,134,134,134,145,145,145,164,164,181,199,199,299,314,413,413,413,425,443,126,126,161,212,312,312,343,343,355,366,376,391,494,494,494,510,510,510,510],"floor_reached":37,"language":"ENG","playtime":6326,"items_purged":["Slimebound:Defend_Slimebound"],"score":443,"play_id":"f74eaa49-57d5-447a-8e43-c87830a28fc3","local_time":"20210224234034","is_ascension_mode":true,"campfire_choices":[{"data":"Slimebound:Split","floor":1,"key":"SMITH"},{"data":"Slimebound:CorrosiveSpit","floor":10,"key":"SMITH"},{"data":"Slimebound:GoopTackle","floor":13,"key":"SMITH"},{"data":"Slimebound:MassFeed","floor":18,"key":"SMITH"},{"floor":28,"key":"REST"},{"data":"Slimebound:MinionMaster","floor":35,"key":"SMITH"}],"circlet_count":0,"master_deck":["Slimebound:Tackle+1","Slimebound:Defend_Slimebound","Slimebound:Defend_Slimebound","Slimebound:Defend_Slimebound","Slimebound:Split+1","Slimebound:CorrosiveSpit+1","Discovery+1","Slimebound:PressTheAttack","Slimebound:RollThrough","Slimebound:ComboTackle","theWildCard:Michael","Slimebound:LeechEnergy","Slimebound:GoopTackle+1","Slimebound:AcidTongue","Slimebound:Teamwork","Slimebound:WasteNot","Slimebound:GrowthPunch","Slimebound:MassFeed+1","Slimebound:SplitMire","Slimebound:Nibble","Slimebound:HauntingLick","Slimebound:LeadByExample","downfall:Bewildered","Slimebound:ItLooksTasty","Slimebound:SpikyOuterGoop+1","Slimebound:RollThrough+1","Slimebound:GoopSpray+1","Slimebound:Repurpose","Slimebound:SlimeSpikes+1","Slimebound:MinionMaster+1","Slimebound:SplitLeeching+1"],"relics":["Slimebound:AbsorbEndCombat","Durian","Runic Dome","jedi:fakemustache","sneckomod:BabySnecko","Replay:Mystery Machine","Pen Nib","Replay:Bottled Steam","Bag of Marbles","Black Star"],"acts_visited":["Exordium","TheCity","TheBeyond"],"potions_floor_usage":[11,12,14,16,27,27,27,32,33],"damage_taken":[{"damage":0,"enemies":"Small Slimes","floor":2,"turns":3},{"damage":1,"enemies":"2 Louse","floor":3,"turns":2},{"damage":7,"enemies":"Jaw Worm","floor":6,"turns":2},{"damage":14,"enemies":"downfall:LooterAlt","floor":9,"turns":2},{"damage":0,"enemies":"Exordium Thugs","floor":11,"turns":2},{"damage":8,"enemies":"Lots of Slimes","floor":12,"turns":2},{"damage":21,"enemies":"downfall:Heads","floor":14,"turns":4},{"damage":9,"enemies":"Blue Slaver","floor":15,"turns":1},{"damage":33,"enemies":"WA_ARCHETYPE_RETAIN","floor":16,"turns":5},{"damage":21,"enemies":"downfall:LooterAlt2","floor":19,"turns":5},{"damage":14,"enemies":"Shell Parasite","floor":20,"turns":2},{"damage":2,"enemies":"downfall:FleeingMerchant","floor":21,"turns":4},{"damage":46,"enemies":"Slavers","floor":23,"turns":4},{"damage":20,"enemies":"Gremlin Leader","floor":27,"turns":4},{"damage":6,"enemies":"Cultist and Chosen","floor":29,"turns":3},{"damage":13,"enemies":"Snake Plant","floor":30,"turns":3},{"damage":0,"enemies":"Centurion and Healer","floor":31,"turns":4},{"damage":7,"enemies":"Chosen and Byrds","floor":32,"turns":4},{"damage":2,"enemies":"IC_MUSHROOM_ARCHETYPE","floor":33,"turns":8},{"damage":2,"enemies":"3 Shapes","floor":36,"turns":3},{"damage":84,"enemies":"3 Darklings","floor":37,"turns":3}],"seed_played":"-4489949637326161027","potions_obtained":[{"floor":3,"key":"BlessingOfTheForge"},{"floor":9,"key":"Swift Potion"},{"floor":11,"key":"potionbrewer:ToxicPotion"},{"floor":14,"key":"Venom Potion"},{"floor":15,"key":"SteroidPotion"},{"floor":19,"key":"GamblersBrew"},{"floor":23,"key":"potionbrewer:BoundlessPotion"},{"floor":30,"key":"BlessingOfTheForge"},{"floor":31,"key":"Fire Potion"},{"floor":33,"key":"FearPotion"}],"is_trial":false,"path_per_floor":["R","M","M","?","?","M","T","?","M","R","M","M","R","?","M","B",null,"R","M","M","$","?","E","T","?","T","E","R","M","M","M","M","B",null,"R","M","M"],"character_chosen":"SLIMEBOUND","items_purchased":["jedi:fakemustache","Slimebound:LeadByExample"],"campfire_rested":1,"item_purchase_floors":[21,21],"current_hp_per_floor":[65,65,64,64,64,57,62,62,52,52,58,52,52,39,30,5,70,70,57,47,70,70,32,32,32,32,24,46,48,41,49,54,60,78,78,78,0,0,0],"gold":510,"neow_bonus":"RANDOM_COLORLESS","is_daily":false,"chose_seed":false,"campfire_upgraded":5,"win_rate":0.0,"timestamp":1614181234,"path_taken":["R","M","M","?","?","M","T","?","M","R","M","M","R","?","M","BOSS","R","M","M","$","?","E","T","?","?","E","R","M","?","M","M","BOSS","R","M","M"],"items_purchased_type":["Relic","Card"],"build_version":"2020-12-22","purchased_purges":1,"victory":false,"max_hp_per_floor":[65,65,65,65,65,65,70,70,70,70,70,70,70,70,70,70,70,70,70,70,70,70,70,70,70,70,74,74,74,74,74,78,78,78,78,78,78,78,78],"card_choices":[{"not_picked":["Panacea","Forethought"],"picked":"Discovery","floor":0},{"not_picked":["Slimebound:GoopSpray","Slimebound:TongueLash"],"picked":"Slimebound:PressTheAttack","floor":2},{"not_picked":["Slimebound:SlimeBrawl","Slimebound:LeechingTouch"],"picked":"Slimebound:RollThrough","floor":3},{"not_picked":["Slimebound:ServeAndProtect","Slimebound:SplitBruiser"],"picked":"Slimebound:ComboTackle","floor":6},{"not_picked":["Slimebound:ComboTackle","Slimebound:PressTheAttack"],"picked":"Slimebound:LeechEnergy","floor":9},{"not_picked":["Slimebound:LeechLife","Slimebound:Prepare"],"picked":"Slimebound:GoopTackle","floor":11},{"not_picked":["Slimebound:Prepare","Slimebound:ProtectTheBoss"],"picked":"Slimebound:AcidTongue","floor":12},{"not_picked":["Slimebound:SplitAcid","Slimebound:ServeAndProtect"],"picked":"Slimebound:WasteNot","floor":14},{"not_picked":["Slimebound:ComboTackle","Slimebound:SlimeSpikes"],"picked":"Slimebound:GrowthPunch","floor":15},{"not_picked":["Slimebound:WasteNot","Slimebound:FirmFortitude"],"picked":"Slimebound:MassFeed","floor":16},{"not_picked":["Slimebound:Prepare","Slimebound:LeechEnergy"],"picked":"Slimebound:SplitMire","floor":19},{"not_picked":["Slimebound:AcidTongue+1","Slimebound:SlimeTap+1"],"picked":"Slimebound:Nibble","floor":20},{"not_picked":["Slimebound:ItLooksTasty","Slimebound:SplitSpecialist"],"picked":"Slimebound:HauntingLick","floor":21},{"not_picked":["Slimebound:LeadByExample","Slimebound:LevelUp"],"picked":"Slimebound:ItLooksTasty","floor":23},{"not_picked":["Slimebound:FlameTackle","Slimebound:Chomp"],"picked":"Slimebound:SpikyOuterGoop+1","floor":27},{"not_picked":["Slimebound:LeadByExample","Slimebound:GoopSpray+1"],"picked":"Slimebound:RollThrough+1","floor":29},{"not_picked":["Slimebound:ComboTackle","Slimebound:SplitLeeching"],"picked":"Slimebound:GoopSpray+1","floor":30},{"not_picked":["Slimebound:Dissolve","Slimebound:WasteNot"],"picked":"Slimebound:Repurpose","floor":31},{"not_picked":["Slimebound:Chomp","Slimebound:ServeAndProtect+1"],"picked":"Slimebound:SlimeSpikes+1","floor":32},{"not_picked":["Slimebound:FirmFortitude","Slimebound:Darklings"],"picked":"Slimebound:MinionMaster","floor":33},{"not_picked":["Slimebound:MegaLick","Slimebound:FinishingTackle"],"picked":"Slimebound:SplitLeeching+1","floor":36}],"player_experience":956811,"relics_obtained":[{"floor":7,"key":"Durian"},{"floor":23,"key":"Replay:Mystery Machine"},{"floor":24,"key":"Pen Nib"},{"floor":26,"key":"Replay:Bottled Steam"},{"floor":27,"key":"Bag of Marbles"}],"event_choices":[],"is_beta":false,"boss_relics":[{"not_picked":["Silver_Glasses","ReplayTheSpireMod:DimensionalGlitch"],"picked":"Runic Dome"},{"not_picked":["Snecko Eye","Replay:Ancient Bell"],"picked":"Black Star"}],"items_purged_floors":[21],"is_endless":false,"potions_floor_spawned":[3,9,11,14,15,19,23,30,31,33],"killed_by":"3 Darklings","ascension_level":2}}