{"host":"9nndy8b5p9ivqzyi","time":1614206660,"event":{"mods":["Act Like it!","Aspiration","BaseMod","Colored Powertips","Conspire","Downfall","Halation","Hubris","Minty Spire (QoL Compilation)","Relic Sorter","Reliquary","Replay The Spire","Ruina","StSLib"],"gold_per_floor":[99,112,212,222,322,322,322,322],"floor_reached":6,"language":"ENG","playtime":517,"items_purged":[],"score":34,"play_id":"3d9a0c69-5e10-434b-9970-660fb1758bc2","local_time":"20210224224420","is_ascension_mode":false,"campfire_choices":[{"floor":1.0,"key":"RECALL"}],"circlet_count":0,"master_deck":["hexamod:Strike","hexamod:Strike","hexamod:Strike","hexamod:Defend","hexamod:Defend","hexamod:Defend","hexamod:Defend","hexamod:Sear","hexamod:Float","hexamod:SpectralAdrenaline","hexamod:HauntingEcho+1","hexamod:BurningTouch","hexamod:FirstSeal","hexamod:SpectersWail"],"relics":["hexamod:SpiritBrand","Anchor"],"acts_visited":["Exordium"],"potions_floor_usage":[],"damage_taken":[{"damage":5.0,"enemies":"2 Louse","floor":2.0,"turns":2.0},{"damage":0.0,"enemies":"Small Slimes","floor":4.0,"turns":3.0},{"damage":62.0,"enemies":"downfall:Heads","floor":5.0,"turns":8.0},{"damage":12,"enemies":"3 Sentries","floor":6,"turns":3}],"seed_played":"4440955899959053810","potions_obtained":[{"floor":2.0,"key":"Adrenaline Potion"},{"floor":5.0,"key":"Adrenaline Potion"}],"is_trial":false,"path_per_floor":["R","M","?","M","?","E"],"character_chosen":"THE_SPIRIT","items_purchased":[],"campfire_rested":0,"item_purchase_floors":[],"current_hp_per_floor":[77,72,72,72,10,0,0,0],"gold":322,"neow_bonus":"TEN_PERCENT_HP_BONUS","is_daily":false,"chose_seed":false,"campfire_upgraded":0,"win_rate":0.0,"timestamp":1614206660,"path_taken":["R","M","?","M","?","E"],"items_purchased_type":[],"build_version":"2020-12-22","purchased_purges":0,"victory":false,"max_hp_per_floor":[77,77,77,77,77,77,77,77],"card_choices":[{"not_picked":["hexamod:SpectralAdrenaline","hexamod:RainOfEmbers"],"picked":"hexamod:GhostLash","floor":2.0},{"not_picked":["hexamod:ThirdSeal","hexamod:BurningTouch"],"picked":"hexamod:SpectralAdrenaline","floor":3.0},{"not_picked":["hexamod:NightmareGuise","hexamod:SwordOfDarkness"],"picked":"hexamod:HauntingEcho","floor":3.0},{"not_picked":["hexamod:HauntingEcho","hexamod:ShieldOfDarkness"],"picked":"hexamod:BurningTouch","floor":4.0},{"not_picked":["hexamod:Firestarter","hexamod:RainOfEmbers"],"picked":"hexamod:SpectersWail","floor":5.0}],"player_experience":126301,"relics_obtained":[{"floor":3.0,"key":"Anchor"}],"event_choices":[],"is_beta":false,"boss_relics":[],"items_purged_floors":[],"is_endless":false,"potions_floor_spawned":[2,5],"killed_by":"3 Sentries","ascension_level":0}}