{"host":"m3txpv198clqze8f","time":1614144742,"event":{"mods":["ATMod(°¢èªMod)","Act Like it!","BaseMod","Colored Powertips","Friendly Minions","Library of Ruina","Minty Spire (QoL Compilation)","MostiFishMod","Quick Restart","Relic Filter Mod","StSLib"],"gold_per_floor":[115,135,153,153,26,54,54,83,131,160,235,252,132,132,132,835,835,848,510,527,477,477,503,515,542,610,637,654,153,169,195,195,291,291,306,357,375,475,487,517,529,591,591,123,173,200,249,309,309,309],"floor_reached":51,"language":"ZHS","playtime":3263,"items_purged":["LightDefense","LightDefense","LightDefense","LightAttack","LightDefense","ChargeUp"],"score":1303,"play_id":"a777e7b6-2b9a-439d-9def-03f8b440ee15","local_time":"20210224133222","is_ascension_mode":true,"campfire_choices":[{"data":"Punishment","floor":7.0,"key":"SMITH"},{"data":"SilentMist","floor":15.0,"key":"SMITH"},{"data":"Quickness","floor":32.0,"key":"SMITH"},{"data":"SilentMist","floor":49,"key":"SMITH"}],"circlet_count":0,"master_deck":["Dodge","ChargeAndCover+1","FocusedStrikes","AT_FamilyPortrait","FormingStorm+1","Parry2","Punishment+1","GoinFirst","QuickAttack+1","Quickness+1","SilentMist+1","Eradication+1","Quickness","CoordinatedAssault","Parry2","ExtractFuel+1","GutHarvesting","SilentMist+1"],"relics":["PageOfLibrarian","AT_ATBox","DaveBox","DianPoetry","SynthV:TestCard","AT_BellowingDragoncrestRing","Oddly Smooth Stone","Smiling Mask","AT_BellDemon","AT_SunfireAegis","PageOfBloodbath","AT_TrinityForce","Boot","Gambling Chip","PageOfBigBadWolf","PageOfPinocchio","PageOfSingingMachine","PageOfPorccubus","AT_RedTearstoneRing","HollowDreamFlower","Bronze Scales","Toxic Egg 2","Red Mask","AT_GuinsooRageblade","AT_BladeRuinedKing","PageOfNothingThere","Whetstone","Sundial","PageOfScorchedGirl","PageOfLittleHelper","PageOfGreed","xbg","PageOfPunishingBird","PageOfGalaxyChild","PageOfTodaysShyLook","AT_Kusabimaru","Blood Vial","Eternal Feather","PageOfTheQueenOfHatred","AT_ChloranthyRing","HornCleat","PageOfTheKnightOfDespair","PageOfWrath","PageOfWizard","Dodecahedron","AT_ImmortalShieldbow","PageOfNihil","BionicSphere","MealTicket","AT_ForceNature","PageOfHappyTeddyBear","PageOfSpiderBud"],"acts_visited":["Exordium","TheCity","TheBeyond"],"potions_floor_usage":[],"damage_taken":[{"damage":0.0,"enemies":"2 Louse","floor":1.0,"turns":2.0},{"damage":0.0,"enemies":"Small Slimes","floor":2.0,"turns":2.0},{"damage":0.0,"enemies":"Cultist","floor":3.0,"turns":2.0},{"damage":4.0,"enemies":"3 Sentries","floor":6.0,"turns":7.0},{"damage":0.0,"enemies":"Lagavulin","floor":8.0,"turns":3.0},{"damage":0.0,"enemies":"Gremlin Nob","floor":10.0,"turns":2.0},{"damage":0.0,"enemies":"Exordium Wildlife","floor":12.0,"turns":2.0},{"damage":10.0,"enemies":"The Guardian","floor":16.0,"turns":5.0},{"damage":0.0,"enemies":"Spheric Guardian","floor":18.0,"turns":1.0},{"damage":0.0,"enemies":"2 Thieves","floor":20.0,"turns":2.0},{"damage":0.0,"enemies":"Snecko","floor":22.0,"turns":2.0},{"damage":8.0,"enemies":"Slavers","floor":23.0,"turns":3.0},{"damage":8.0,"enemies":"Cultist and Chosen","floor":24.0,"turns":2.0},{"damage":0.0,"enemies":"Gremlin Leader","floor":25.0,"turns":3.0},{"damage":0.0,"enemies":"Masked Bandits","floor":27.0,"turns":2.0},{"damage":0.0,"enemies":"Centurion and Healer","floor":28.0,"turns":2.0},{"damage":0.0,"enemies":"Snecko","floor":30.0,"turns":1.0},{"damage":0.0,"enemies":"Book of Stabbing","floor":31.0,"turns":2.0},{"damage":0.0,"enemies":"Champ","floor":33.0,"turns":4.0},{"damage":0.0,"enemies":"Orb Walker","floor":35.0,"turns":1.0},{"damage":0.0,"enemies":"2 Orb Walkers","floor":36.0,"turns":2.0},{"damage":0.0,"enemies":"3 Shapes","floor":37.0,"turns":2.0},{"damage":0.0,"enemies":"Spire Growth","floor":39.0,"turns":2.0},{"damage":0.0,"enemies":"Reptomancer","floor":40.0,"turns":2.0},{"damage":0.0,"enemies":"Writhing Mass","floor":41.0,"turns":1.0},{"damage":0.0,"enemies":"Giant Head","floor":42.0,"turns":3.0},{"damage":0,"enemies":"Jaw Worm Horde","floor":45,"turns":4},{"damage":0,"enemies":"Nemesis","floor":46,"turns":1},{"damage":0,"enemies":"Spire Growth","floor":47,"turns":1},{"damage":0,"enemies":"Giant Head","floor":48,"turns":2},{"damage":0,"enemies":"Time Eater","floor":50,"turns":3}],"seed_played":"-7679729614045095200","potions_obtained":[{"floor":2.0,"key":"LiquidBronze"},{"floor":3.0,"key":"Energy Potion"},{"floor":12.0,"key":"PowerPotion"},{"floor":24.0,"key":"Weak Potion"},{"floor":33.0,"key":"GamblersBrew"},{"floor":41.0,"key":"Fire Potion"}],"is_trial":false,"path_per_floor":["M","M","M","?","$","E","R","E","T","E","?","M","$","?","R","B",null,"M","$","M","$","M","E","M","E","T","?","M","$","M","E","R","B",null,"M","?","M","?","M","E","M","E","T","$","M","E","M","E","R","B",null],"character_chosen":"Librarian","items_purchased":["Parry2","SilentMist","Gambling Chip","PageOfNothingThere","Whetstone","ExtractFuel+1","PageOfWizard","Dodecahedron","SilentMist"],"campfire_rested":0,"item_purchase_floors":[5,13,19,29,29,29,44,44,44],"current_hp_per_floor":[60,60,60,60,60,83,83,83,83,83,72,72,72,55,55,45,86,86,86,86,86,86,78,70,70,70,74,78,78,84,86,86,86,86,86,86,86,86,86,86,86,86,86,86,86,86,86,86,86,86],"gold":309,"neow_bonus":"REMOVE_CARD","is_daily":false,"chose_seed":false,"campfire_upgraded":4,"win_rate":0.0,"timestamp":1614144742,"path_taken":["M","M","M","?","$","E","R","E","T","E","?","M","$","?","R","BOSS","M","$","M","$","M","E","M","E","T","?","M","$","M","E","R","BOSS","M","?","M","?","?","E","M","E","T","$","M","E","M","E","R","BOSS"],"items_purchased_type":["Card","Card","Relic","Relic","Relic","Card","Relic","Relic","Card"],"build_version":"2020-12-22","purchased_purges":6,"victory":true,"max_hp_per_floor":[67,86,86,86,86,86,86,86,86,86,86,86,86,86,86,86,86,86,86,86,86,86,86,86,86,86,86,86,86,86,86,86,86,86,86,86,86,86,86,86,86,86,86,86,86,86,86,86,86,86],"card_choices":[{"not_picked":["EnergyCycle","MultiHit","Multislash","Thirst","StrongStrike","StructuralAnalysis","HighSpeedStabbing","KeepItFresh","DestructiveImpact"],"picked":"SKIP","floor":1.0},{"not_picked":["LoosenUp","BulkyImpact","HighKick","BiAn","MultiHit","EndlessBattle","MultiBlock","Pound","Overcharge","FleetEdge","BiXi"],"picked":"SKIP","floor":2.0},{"not_picked":["FrontalAssault","SturdyDefense","UpbeatPerformance","Parry","FierceCharge","QuickAttack","SunsetBlade","RulesOfTheBackstreets","AsThePrescriptOrders","PinpointShot"],"picked":"ChargeUp","floor":3.0},{"not_picked":["SunsetBlade","LoosenUp","SnakeSlit","ChiWen","HandleRequest","RapidGashes","FocusFire","Parry","BiAn","IdentifyWeakpoint"],"picked":"Punishment","floor":6.0},{"not_picked":["EnergyShield","Crush","AutomatedMovement","MindWhip","YourShield","DesperateStruggle","Unlock1","Parry2","StrongStrike","CutIn"],"picked":"GoinFirst","floor":8.0},{"not_picked":["SpearedSweep","Riposte","Crush","Overpower","Creak","FierceCharge","Thrust","SerpentSwordTechnique","BattleCommand","Duel_lor"],"picked":"QuickAttack","floor":10.0},{"not_picked":["FleetFootsteps","NightInTheBackstreets","SharpSwipe","QuickSuppression","IdentifyWeakpoint","TrimTheIngredients","MultiHit","Marionette","EnergyShield","PreemptiveStrike"],"picked":"Quickness","floor":12.0},{"not_picked":["Deflect_lor","RepressedFlesh","Transpierce","DaringDecision"],"picked":"Eradication","floor":16.0},{"not_picked":["UpbeatPerformance","EndlessBattle","HardRehearsal","StrikeDown","SmokingPipe","ICanCookAnything","GuardingStance","DirtyBlow","SuppressingShot","DevastatingThrash"],"picked":"Quickness","floor":18.0},{"not_picked":["SpearedSweep","Unlock1","Thrust","EnergyCycle+1","Diversion","SnakesPrey","Suppress","GuardingStance+1","FlashOfSunup","BackstreetsDash"],"picked":"CoordinatedAssault","floor":20.0},{"not_picked":["Pound+1","TendonChords","Diversion","FeatherShield","FleetFootsteps+1","Wallop_lor","CombatPreparation","TimeForALittleTest","EnergyShield","GrazeTheGrass+1","GuardingStance"],"picked":"SKIP","floor":22.0},{"not_picked":["UnavoidableGaze+1","ButterflySlash","DevastatingThrash","FleetEdge","CrackOfDawn","DesperateStruggle","Rampage_lor","SummaryJudgment","GreatSerpentsImpact","JiaoTu","ShockRound"],"picked":"SKIP","floor":23.0},{"not_picked":["FrontalAssault","Fence","ViolentFlame+1","MindPrepared","WillProduceFineSilk","Eject+1","EnergyStrike","SnakeSlit+1","GreatSerpentsImpact","WillBeTasty","Wallop_lor"],"picked":"SKIP","floor":24.0},{"not_picked":["SnakesPrey","Deflect_lor","ClassAndRespect","UndertakePrescript","GrazeTheGrass","EnergyStrike","FleetEdge","Concentration+1","Leap_lor","WildCard","BiAn"],"picked":"SKIP","floor":25.0},{"not_picked":["GreatSerpentsImpact+1","ForcefulGesture","Feast","SinglePointStab","FlowOfTheSword","ICanCookAnything","GrazeTheGrass+1","BayonetCombat","SunsetBlade","Quickness+1"],"picked":"Parry2","floor":27.0},{"not_picked":["DesperateStruggle+1","Outburst+1","SturdyDefense+1","UpbeatPerformance","SmokingPipe+1","ButterflySlash","FleetFootsteps+1","UndertakePrescript+1","FervidEmotions+1","FierceCharge+1","RepressedFlesh"],"picked":"SKIP","floor":28.0},{"not_picked":["Faith+1","SetFire","BackAttack+1","Brawl+1","GuidanceOfTheGears+1","EnergyStrike","Thrust+1","Multislash+1","StrongStrike","GreatSerpentsImpact","TendonChords"],"picked":"SKIP","floor":30.0},{"not_picked":["Pound","LoosenUp","StrongStrike","BiteOff","Wallop_lor","SerpentSwordTechnique+1","RapidGashes","FierceOnslaught","SpearedSweep","DarkCloud+1","Endure+1"],"picked":"SKIP","floor":31.0},{"not_picked":["VenomousFangs+1","CombatPreparation+1","Endure+1","ScatteringSlash","Guardian_lor+1","SnakesPrey","PreemptiveStrike+1","StructuralAnalysis+1","PinpointShot","QuickAttack","IllEndYou"],"picked":"SKIP","floor":35.0},{"not_picked":["Struggle+1","Wallop_lor","QuickAttack+1","FlashOfSunup+1","SerpentSwordTechnique+1","BiAn+1","SturdyDefense+1","MultiHit","SinglePointStab","CleanUp","ICanCookAnything+1"],"picked":"SKIP","floor":37.0},{"not_picked":["SharpenedBlade+1","ChiWen+1","GuardingStance+1","QuickSuppression","BackAttack+1","UnavoidableGaze+1","CrackOfDawn","BladeWhirl","DefenseOrder+1","StrikeDown+1","SuppressingShot+1"],"picked":"SKIP","floor":39.0},{"not_picked":["IronWall+1","HeavyPeaks","SinglePointStab","VioletBlade+1","SpearedSweep","DefenseOrder+1","Outburst","InnerArdor+1","SearingSword","SteelKnuckles","Endure+1"],"picked":"SKIP","floor":40.0},{"not_picked":["Rewind+1","FervidEmotions+1","LoosenUp+1","TendonChords","IronWall+1","NightInTheBackstreets+1","Track+1","BiAn+1","SetFire+1","EnergyShield+1"],"picked":"GutHarvesting","floor":41.0},{"not_picked":["SetFire+1","Ripple","UpbeatPerformance","LawAndOrder+1","EnergyStrike","RatsGuideToSurvival+1","EndlessBattle+1","Eradication","StructuralAnalysis+1","ElectricShock","ConcentratedFire"],"picked":"SKIP","floor":42},{"not_picked":["Thirst","Quickness+1","DarkCloud","WillOfThePrescript+1","StartinOutLightly+1","ViolentFlame+1","SmokingPipe+1","HiddenBlade+1","SuppressingShot","Wallop_lor","RulesOfTheBackstreets+1"],"picked":"SKIP","floor":45},{"not_picked":["Ripple+1","ForcefulGesture+1","SenseQuarry+1","StructuralAnalysis+1","Parry+1","SteelKnuckles+1","Standoff","Feast+1","Overcharge+1","Concentration+1","Retaliate+1"],"picked":"SKIP","floor":46},{"not_picked":["StructuralAnalysis+1","Zzzzzap+1","ExtractFuel+1","FierceOnslaught","StrikeDown","RapidGashes+1","FendThisOffIfYouCan+1","SinglePointStab","ShockRound","EndlessBattle","RepressedFlesh"],"picked":"SKIP","floor":47},{"not_picked":["AssaultOrder+1","IronWall+1","Eradication","NonstopAssault","HighSpeedStabbing","LossOfSenses","SerpentSwordTechnique+1","EnergyCycle","Wallop_lor","Unlock1","WillOfThePrescript+1"],"picked":"SKIP","floor":48}],"player_experience":139787,"relics_obtained":[{"floor":1.0,"key":"SynthV:TestCard"},{"floor":6.0,"key":"AT_BellowingDragoncrestRing"},{"floor":8.0,"key":"Oddly Smooth Stone"},{"floor":9.0,"key":"Smiling Mask"},{"floor":10.0,"key":"AT_BellDemon"},{"floor":12.0,"key":"AT_SunfireAegis"},{"floor":16.0,"key":"PageOfBloodbath"},{"floor":18.0,"key":"Boot"},{"floor":20.0,"key":"PageOfBigBadWolf"},{"floor":22.0,"key":"PageOfPinocchio"},{"floor":23.0,"key":"PageOfSingingMachine"},{"floor":23.0,"key":"PageOfPorccubus"},{"floor":24.0,"key":"AT_RedTearstoneRing"},{"floor":25.0,"key":"HollowDreamFlower"},{"floor":25.0,"key":"Bronze Scales"},{"floor":26.0,"key":"Toxic Egg 2"},{"floor":27.0,"key":"Red Mask"},{"floor":27.0,"key":"AT_GuinsooRageblade"},{"floor":28.0,"key":"AT_BladeRuinedKing"},{"floor":30.0,"key":"Sundial"},{"floor":31.0,"key":"PageOfScorchedGirl"},{"floor":31.0,"key":"PageOfLittleHelper"},{"floor":33.0,"key":"PageOfGreed"},{"floor":35.0,"key":"PageOfPunishingBird"},{"floor":36.0,"key":"PageOfGalaxyChild"},{"floor":36.0,"key":"PageOfTodaysShyLook"},{"floor":37.0,"key":"AT_Kusabimaru"},{"floor":39.0,"key":"Blood Vial"},{"floor":40.0,"key":"Eternal Feather"},{"floor":40.0,"key":"PageOfTheQueenOfHatred"},{"floor":41.0,"key":"AT_ChloranthyRing"},{"floor":42,"key":"HornCleat"},{"floor":42,"key":"PageOfTheKnightOfDespair"},{"floor":43,"key":"PageOfWrath"},{"floor":45,"key":"AT_ImmortalShieldbow"},{"floor":45,"key":"PageOfNihil"},{"floor":46,"key":"BionicSphere"},{"floor":46,"key":"MealTicket"},{"floor":47,"key":"AT_ForceNature"},{"floor":48,"key":"PageOfHappyTeddyBear"},{"floor":48,"key":"PageOfSpiderBud"}],"event_choices":[{"damage_healed":0.0,"max_hp_gain":0.0,"max_hp_loss":0.0,"gold_gain":0.0,"cards_transformed":["LightAttack"],"event_name":"Living Wall","player_choice":"Change","floor":4.0,"gold_loss":0.0,"damage_taken":0.0,"cards_obtained":["FormingStorm"]},{"damage_healed":0.0,"max_hp_gain":0.0,"max_hp_loss":0.0,"gold_gain":75.0,"event_name":"World of Goop","player_choice":"Gather Gold","floor":11.0,"gold_loss":0.0,"damage_taken":11.0},{"damage_healed":0.0,"max_hp_gain":0.0,"max_hp_loss":0.0,"gold_gain":0.0,"event_name":"Shining Light","player_choice":"Entered Light","floor":14.0,"gold_loss":0.0,"damage_taken":17.0,"cards_upgraded":["FormingStorm","QuickAttack"]},{"damage_healed":0.0,"max_hp_gain":0.0,"max_hp_loss":0.0,"gold_gain":0.0,"event_name":"Masked Bandits","player_choice":"Fought Bandits","floor":27.0,"gold_loss":0.0,"damage_taken":0.0},{"damage_healed":0.0,"max_hp_gain":0.0,"max_hp_loss":0.0,"gold_gain":0.0,"event_name":"Mysterious Sphere","player_choice":"Fight","floor":36.0,"gold_loss":0.0,"damage_taken":0.0},{"damage_healed":0.0,"max_hp_gain":0.0,"max_hp_loss":0.0,"gold_gain":100.0,"event_name":"Golden Shrine","player_choice":"Pray","floor":38.0,"gold_loss":0.0,"damage_taken":0.0}],"is_beta":false,"boss_relics":[{"not_picked":["NightmareShop","Transparent"],"picked":"AT_TrinityForce"},{"not_picked":["RhineCircuit","JellyFishMachine"],"picked":"xbg"}],"items_purged_floors":[5,13,19,21,29,44],"is_endless":false,"potions_floor_spawned":[2,3,12,22,24,27,30,33,37,39,40,41,48],"ascension_level":1}}