{"host":"dtipo12tscmg0mau","time":1614200687,"event":{"mods":["AchievementEnabler","BaseMod","Colored Map","Colored Powertips","Minty Spire (QoL Compilation)","Quick Restart","Random Character Button","StSLib","SuperFastMode"],"gold_per_floor":[19,31,42,61,61,87,87,102,102,102,121,135,168,183,183,282,282,293,293,293,293,42,42,69,69,69,96,128,143,143,158,158,158,158],"floor_reached":33,"language":"ENG","playtime":1043,"items_purged":[],"score":376,"play_id":"64956365-3b0e-4981-a2e9-96f846eb5092","local_time":"20210224160447","is_ascension_mode":true,"campfire_choices":[{"data":"Rampage","floor":7,"key":"SMITH"},{"data":"Blood for Blood","floor":10,"key":"SMITH"},{"data":"Seeing Red","floor":15,"key":"SMITH"},{"data":"Blood for Blood","floor":23,"key":"SMITH"},{"data":"Pommel Strike","floor":25,"key":"SMITH"},{"data":"Infernal Blade","floor":30,"key":"SMITH"},{"floor":32,"key":"REST"}],"circlet_count":0,"master_deck":["Strike_R+1","Strike_R+1","Strike_R+1","Strike_R+1","Strike_R+1","Defend_R+1","Defend_R+1","Defend_R+1","Defend_R+1","Bash","Immolate","Thunderclap","Twin Strike","Pummel","Anger","Rampage+1","Blood for Blood+1","Pommel Strike+1","Anger","Hemokinesis","Seeing Red+1","Demon Form","Rampage+1","Blood for Blood+1","J.A.X.","Pommel Strike+1","Infernal Blade+1","Clash+1"],"relics":["Black Blood","WingedGreaves","Anchor","Red Skull","Pen Nib","Sundial","Bronze Scales","Blood Vial","Blue Candle"],"acts_visited":["Exordium","TheCity"],"potions_floor_usage":[16,16,22,33,33],"damage_taken":[{"damage":0,"enemies":"Small Slimes","floor":1,"turns":2},{"damage":0,"enemies":"Cultist","floor":2,"turns":2},{"damage":0,"enemies":"2 Louse","floor":3,"turns":1},{"damage":0,"enemies":"Large Slime","floor":4,"turns":3},{"damage":22,"enemies":"3 Sentries","floor":6,"turns":4},{"damage":11,"enemies":"Blue Slaver","floor":8,"turns":3},{"damage":0,"enemies":"3 Louse","floor":11,"turns":1},{"damage":0,"enemies":"Looter","floor":12,"turns":2},{"damage":36,"enemies":"Lagavulin","floor":13,"turns":5},{"damage":0,"enemies":"2 Fungi Beasts","floor":14,"turns":2},{"damage":22,"enemies":"Hexaghost","floor":16,"turns":4},{"damage":9,"enemies":"2 Thieves","floor":18,"turns":2},{"damage":5,"enemies":"Gremlin Leader","floor":24,"turns":6},{"damage":39,"enemies":"Slavers","floor":27,"turns":2},{"damage":41,"enemies":"Gremlin Leader","floor":28,"turns":5},{"damage":12,"enemies":"3 Byrds","floor":29,"turns":3},{"damage":3,"enemies":"Centurion and Healer","floor":31,"turns":4},{"damage":88,"enemies":"Collector","floor":33,"turns":6}],"seed_played":"1162004276064047469","potions_obtained":[{"floor":4,"key":"SpeedPotion"},{"floor":6,"key":"Regen Potion"},{"floor":8,"key":"SkillPotion"},{"floor":13,"key":"SmokeBomb"},{"floor":24,"key":"SteroidPotion"},{"floor":27,"key":"EssenceOfSteel"},{"floor":28,"key":"Regen Potion"}],"is_trial":false,"path_per_floor":["M","M","M","M","?","E","R","M","T","R","M","M","E","M","R","B",null,"M","?","?","?","$","R","E","R","T","E","E","M","R","M","R","B"],"character_chosen":"IRONCLAD","items_purchased":["Pen Nib","Fruit Juice"],"campfire_rested":1,"item_purchase_floors":[22,22],"current_hp_per_floor":[80,80,80,80,72,56,56,51,51,51,57,63,33,39,39,35,80,80,80,80,80,85,85,85,85,85,58,31,33,33,44,69,0,0],"gold":158,"neow_bonus":"THREE_RARE_CARDS","is_daily":false,"chose_seed":false,"campfire_upgraded":6,"win_rate":0.0,"timestamp":1614200687,"path_taken":["M","M","M","M","?","E","R","M","T","R","M","M","E","M","R","BOSS","M","?","?","?","$","R","E","R","T","E","E","?","R","M","R","BOSS"],"items_purchased_type":["Relic","Potion"],"build_version":"2020-12-22","purchased_purges":0,"victory":false,"max_hp_per_floor":[80,80,80,80,80,80,80,80,80,80,80,80,80,80,80,80,80,80,80,80,80,85,85,85,85,85,85,85,85,85,85,85,85,85],"card_choices":[{"not_picked":["Reaper","Corruption"],"picked":"Immolate","floor":0},{"not_picked":["Sword Boomerang","Flex"],"picked":"Thunderclap","floor":1},{"not_picked":["Warcry","Sever Soul"],"picked":"Twin Strike","floor":2},{"not_picked":["Flex","Perfected Strike"],"picked":"Pummel","floor":3},{"not_picked":["Wild Strike","Armaments"],"picked":"Anger","floor":4},{"not_picked":["Dual Wield","Clash"],"picked":"Rampage","floor":6},{"not_picked":["Inflame","Immolate"],"picked":"Blood for Blood","floor":8},{"not_picked":["Heavy Blade","Inflame"],"picked":"Pommel Strike","floor":11},{"not_picked":["Perfected Strike","Iron Wave"],"picked":"Anger","floor":12},{"not_picked":["Flex","Double Tap"],"picked":"Hemokinesis","floor":13},{"not_picked":["Pommel Strike","Heavy Blade"],"picked":"Seeing Red","floor":14},{"not_picked":["Juggernaut","Fiend Fire"],"picked":"Demon Form","floor":16},{"not_picked":["Sword Boomerang+1","Dark Embrace"],"picked":"Rampage+1","floor":18},{"not_picked":["Clash","Feel No Pain","Wild Strike"],"picked":"SKIP","floor":24},{"not_picked":["Disarm","Blood for Blood"],"picked":"Pommel Strike+1","floor":27},{"not_picked":["Headbutt","Spot Weakness+1"],"picked":"Infernal Blade","floor":28},{"not_picked":["Armaments","Shrug It Off","True Grit"],"picked":"SKIP","floor":29},{"not_picked":["Infernal Blade","Intimidate"],"picked":"Clash+1","floor":31}],"player_experience":170436,"relics_obtained":[{"floor":6,"key":"WingedGreaves"},{"floor":9,"key":"Anchor"},{"floor":13,"key":"Red Skull"},{"floor":24,"key":"Sundial"},{"floor":26,"key":"Bronze Scales"},{"floor":27,"key":"Blood Vial"},{"floor":28,"key":"Blue Candle"}],"event_choices":[{"damage_healed":0,"gold_gain":0,"player_choice":"Damaged","damage_taken":8,"max_hp_gain":0,"max_hp_loss":0,"event_name":"Wheel of Change","floor":5,"gold_loss":0},{"damage_healed":0,"gold_gain":0,"player_choice":"Read","damage_taken":0,"max_hp_gain":0,"max_hp_loss":0,"event_name":"The Library","floor":19,"gold_loss":0,"cards_obtained":["Blood for Blood"]},{"damage_healed":0,"gold_gain":0,"player_choice":"Simplicity","damage_taken":0,"max_hp_gain":0,"max_hp_loss":0,"event_name":"Back to Basics","floor":20,"gold_loss":0,"cards_upgraded":["Strike_R","Strike_R","Strike_R","Strike_R","Strike_R","Defend_R","Defend_R","Defend_R","Defend_R"]},{"damage_healed":0,"gold_gain":0,"player_choice":"Obtain J.A.X.","damage_taken":0,"max_hp_gain":0,"max_hp_loss":0,"event_name":"Drug Dealer","floor":21,"gold_loss":0,"cards_obtained":["J.A.X."]}],"is_beta":false,"boss_relics":[{"not_picked":["Busted Crown","Cursed Key"],"picked":"Black Blood"}],"items_purged_floors":[],"is_endless":false,"potions_floor_spawned":[4,6,8,11,12,13,24,27,28,29],"killed_by":"Collector","ascension_level":2}}