{"host":"ow66nzv2xecjoor3","time":1614155472,"event":{"mods":["BaseMod","Bestiary","Block Reminder","Colored Powertips","Curses Come First","Highlight Path","Keyboard Shortcuts","Minty Spire (QoL Compilation)","Permanent Neow","Relic Stats","StSLib","UnlockEverythingMod"],"gold_per_floor":[363,374,374,384,140,140,152,152,176,192,218,218,250,266,266,266,266],"floor_reached":16,"language":"ENG","playtime":497,"items_purged":["Strike_R"],"score":224,"play_id":"f280b72a-5ae8-495e-88cb-533acdef9da0","local_time":"20210224023112","is_ascension_mode":true,"campfire_choices":[{"data":"Searing Blow","floor":6,"key":"SMITH"},{"data":"Searing Blow+1","floor":8,"key":"SMITH"},{"data":"Searing Blow+2","floor":12,"key":"SMITH"},{"data":"Searing Blow+3","floor":15,"key":"SMITH"}],"circlet_count":0,"master_deck":["AscendersBane","Strike_R","Strike_R","Strike_R","Strike_R","Defend_R+1","Defend_R","Defend_R","Defend_R+1","Bash","Searing Blow+4","Anger","Hemokinesis","Shrug It Off","Disarm","Exhume","Berserk"],"relics":["Burning Blood","War Paint","Medical Kit","Anchor","Juzu Bracelet","Boot"],"acts_visited":["Exordium"],"potions_floor_usage":[11,14,16],"damage_taken":[{"damage":15,"enemies":"Small Slimes","floor":1,"turns":5},{"damage":12,"enemies":"Jaw Worm","floor":2,"turns":4},{"damage":0,"enemies":"Cultist","floor":4,"turns":3},{"damage":3,"enemies":"2 Fungi Beasts","floor":7,"turns":3},{"damage":0,"enemies":"3 Louse","floor":10,"turns":4},{"damage":10,"enemies":"3 Sentries","floor":11,"turns":12},{"damage":10,"enemies":"Lagavulin","floor":13,"turns":5},{"damage":0,"enemies":"Exordium Wildlife","floor":14,"turns":3},{"damage":47,"enemies":"Slime Boss","floor":16,"turns":7}],"seed_played":"-3567805668419085559","potions_obtained":[{"floor":1,"key":"SkillPotion"},{"floor":2,"key":"Fire Potion"},{"floor":7,"key":"PowerPotion"},{"floor":14,"key":"Block Potion"}],"is_trial":false,"path_per_floor":["M","M","?","M","$","R","M","R","T","M","E","R","E","M","R","B"],"character_chosen":"IRONCLAD","items_purchased":["Medical Kit"],"campfire_rested":0,"item_purchase_floors":[5],"current_hp_per_floor":[59,53,27,33,33,33,36,36,36,42,38,38,34,40,40,0,0],"gold":266,"neow_bonus":"TWO_FIFTY_GOLD","is_daily":false,"chose_seed":false,"campfire_upgraded":4,"win_rate":0.0,"timestamp":1614155472,"path_taken":["M","M","?","M","$","R","M","R","T","M","E","R","E","M","R","BOSS"],"items_purchased_type":["Relic"],"build_version":"2020-12-22","purchased_purges":1,"victory":false,"max_hp_per_floor":[68,68,68,68,68,68,68,68,68,68,68,68,68,68,68,68,68],"relic_stats":{"counters":[9,46],"Juzu Bracelet":0,"War Paint":["Defend_R","Defend_R"],"Medical Kit":[0],"Boot":[3],"obtain_stats":[{"Anchor":9,"Juzu Bracelet":11,"War Paint":3,"Medical Kit":5,"Boot":13,"Burning Blood":0},{"Anchor":4,"Juzu Bracelet":6,"War Paint":2,"Medical Kit":3,"Boot":7,"Burning Blood":0},{"Anchor":15,"Juzu Bracelet":31,"War Paint":9,"Medical Kit":12,"Boot":36,"Burning Blood":0}],"Burning Blood":48},"card_choices":[{"not_picked":["Metallicize","Infernal Blade"],"picked":"Searing Blow","floor":1},{"not_picked":["Clothesline","Warcry"],"picked":"Anger","floor":2},{"not_picked":["Seeing Red","Wild Strike"],"picked":"Hemokinesis","floor":4},{"not_picked":["Cleave","Sentinel"],"picked":"Shrug It Off","floor":7},{"not_picked":["Anger","Perfected Strike"],"picked":"Disarm","floor":10},{"not_picked":["True Grit","Clothesline"],"picked":"Exhume","floor":11},{"not_picked":["Shrug It Off","Perfected Strike"],"picked":"Berserk","floor":13},{"not_picked":["True Grit","Heavy Blade","Thunderclap"],"picked":"SKIP","floor":14}],"player_experience":2983849,"relics_obtained":[{"floor":9,"key":"Anchor"},{"floor":11,"key":"Juzu Bracelet"},{"floor":13,"key":"Boot"}],"event_choices":[{"damage_healed":0,"gold_gain":0,"player_choice":"Success","damage_taken":26,"relics_obtained":["War Paint"],"max_hp_gain":0,"max_hp_loss":0,"event_name":"Scrap Ooze","floor":3,"gold_loss":0}],"is_beta":false,"boss_relics":[],"items_purged_floors":[5],"is_endless":false,"potions_floor_spawned":[1,2,7,14],"killed_by":"Slime Boss","ascension_level":20}}