{"host":"0cm5wy4nhuju7tij","time":1614155653,"event":{"mods":["2.2 Compatiblity","AchievementEnabler","BaseMod","Better Third Choice","BetterRewards","Colored Powertips","Curses Come First","Custom Start","Displayed Cursed Tome","Downfall","Energized Spire","Evolution","Filter the Spire","Fireblade Mod","Hermit","Highlight Path","Jess\u0027s Bottle","Minty Spire (QoL Compilation)","Permanent Neow","Poor People Problems","Relic Filter Mod","Shop Mod","Spicy Shops","StSLib","The Cursed","The Servant 0.9.4","TheSwordswoman","TheVacant","Weighted Paths"],"gold_per_floor":[118,129,129,149,129,163,173,173,173,192,192,203,203,234,234,234,234],"floor_reached":16,"language":"ENG","playtime":633,"items_purged":[],"score":137,"play_id":"1c920e94-dd67-405b-a9c6-b835248e9223","local_time":"20210224033413","is_ascension_mode":false,"campfire_choices":[{"data":"FireBladeMod:RapidDodges","floor":8,"key":"SMITH"},{"data":"FireBladeMod:Ignition","floor":11,"key":"SMITH"},{"floor":15,"key":"REST"}],"circlet_count":0,"master_deck":["FireBladeMod:SoulStrike","FireBladeMod:SoulStrike","FireBladeMod:SoulStrike","FireBladeMod:SoulStrike","FireBladeMod:Robust","FireBladeMod:DefendFireBlade","FireBladeMod:DefendFireBlade","FireBladeMod:DefendFireBlade","FireBladeMod:FlamingSword","FireBladeMod:FireBarrier","FireBladeMod:ArmSmash","FireBladeMod:Accelerant","FireBladeMod:Ignition+1","FireBladeMod:ComplexAttack","FireBladeMod:RapidDodges+1","FireBladeMod:Turtle","FireBladeMod:SmokeScreen","FireBladeMod:SmashingEndurance+1","FireBladeMod:EruptionSlash"],"relics":["FireBladeMod:DuelistLocket","EVO:Axolotl","Bag of Preparation","Toy Ornithopter","Oddly Smooth Stone","Kunai"],"acts_visited":["Exordium"],"potions_floor_usage":[],"damage_taken":[{"damage":0,"enemies":"Cultist","floor":1,"turns":3},{"damage":2,"enemies":"Jaw Worm","floor":2,"turns":4},{"damage":0,"enemies":"Small Slimes","floor":4,"turns":3},{"damage":14,"enemies":"Lagavulin","floor":6,"turns":5},{"damage":11,"enemies":"2 Fungi Beasts","floor":7,"turns":4},{"damage":3,"enemies":"Exordium Wildlife","floor":10,"turns":4},{"damage":0,"enemies":"Blue Slaver","floor":12,"turns":3},{"damage":27,"enemies":"Gremlin Nob","floor":14,"turns":4},{"damage":35,"enemies":"Slime Boss","floor":16,"turns":3}],"seed_played":"6379125355715162006","potions_obtained":[{"floor":2,"key":"Weak Potion"},{"floor":4,"key":"SpeedPotion"},{"floor":5,"key":"Fire Potion"}],"is_trial":false,"path_per_floor":["M","M","T","M","?","E","M","R","T","M","R","M","?","E","R","B"],"character_chosen":"THE_FIREBLADE","items_purchased":[],"campfire_rested":1,"item_purchase_floors":[],"current_hp_per_floor":[70,68,68,68,68,54,43,43,43,40,40,40,40,13,34,0,0],"gold":234,"neow_bonus":"THREE_CARDS","is_daily":false,"chose_seed":false,"campfire_upgraded":2,"win_rate":0.0,"timestamp":1614155653,"path_taken":["M","M","?","M","?","E","M","R","T","M","R","?","?","E","R","BOSS"],"items_purchased_type":[],"build_version":"2020-12-22","purchased_purges":0,"victory":false,"max_hp_per_floor":[70,70,70,70,70,70,70,70,70,70,70,70,70,70,70,70,70],"card_choices":[{"not_picked":["FireBladeMod:SmokeInTheEyes","FireBladeMod:Tempo"],"picked":"FireBladeMod:ArmSmash","floor":0},{"not_picked":["FireBladeMod:Shove","FireBladeMod:IronEndurance"],"picked":"FireBladeMod:Accelerant","floor":1},{"not_picked":["FireBladeMod:ComboCleave","FireBladeMod:IronEndurance"],"picked":"FireBladeMod:Ignition","floor":2},{"not_picked":["FireBladeMod:SpiritEndurance","FireBladeMod:Shove"],"picked":"FireBladeMod:ComplexAttack","floor":4},{"not_picked":["FireBladeMod:FinishingBarrage","FireBladeMod:Robust"],"picked":"FireBladeMod:RapidDodges","floor":6},{"not_picked":["FireBladeMod:MomentumStrikes","FireBladeMod:Reposition"],"picked":"FireBladeMod:Turtle","floor":7},{"not_picked":["FireBladeMod:EruptionSlash","FireBladeMod:SpiritEndurance"],"picked":"FireBladeMod:SmokeScreen","floor":10},{"not_picked":["FireBladeMod:Tempo","FireBladeMod:TorsoSmash"],"picked":"FireBladeMod:SmashingEndurance","floor":12},{"not_picked":["FireBladeMod:BackhandSwing","FireBladeMod:ComboCleave"],"picked":"FireBladeMod:EruptionSlash","floor":14}],"player_experience":461951,"relics_obtained":[{"floor":3,"key":"Bag of Preparation"},{"floor":6,"key":"Toy Ornithopter"},{"floor":9,"key":"Oddly Smooth Stone"},{"floor":14,"key":"Kunai"}],"event_choices":[{"damage_healed":0,"gold_gain":0,"player_choice":"Bought 1 Potion","damage_taken":0,"max_hp_gain":0,"max_hp_loss":0,"event_name":"The Woman in Blue","floor":5,"gold_loss":0},{"damage_healed":0,"gold_gain":0,"player_choice":"Grow","damage_taken":0,"max_hp_gain":0,"max_hp_loss":0,"event_name":"Living Wall","floor":13,"gold_loss":0,"cards_upgraded":["FireBladeMod:SmashingEndurance"]}],"is_beta":false,"boss_relics":[],"items_purged_floors":[],"is_endless":false,"potions_floor_spawned":[2,4,7,10,14],"killed_by":"Slime Boss","ascension_level":0}}