{"host":"zsnmfqgcm92hlreo","time":1614204206,"event":{"mods":["AchievementEnabler","BaseMod","Bestiary","Block Reminder","Colored Map","Colored Powertips","Filter the Spire","Minty Spire (QoL Compilation)","Permanent Neow","Quick Restart","Relic Stats","StSLib","Weighted Paths"],"gold_per_floor":[109,120,120,130,140,175,175,191,191,41,70,70,99,99,99,178,178,192,203,203,222,238,238,238],"floor_reached":23,"language":"ENG","playtime":895,"items_purged":["Pain"],"score":526,"play_id":"e7be6b2b-b1ad-4c7a-a6eb-5ef4f0aa11c7","local_time":"20210224160326","is_ascension_mode":true,"campfire_choices":[{"data":"Collect","floor":7.0,"key":"SMITH"},{"data":"Vigilance","floor":15,"key":"SMITH"}],"circlet_count":0,"master_deck":["AscendersBane","Strike_P","Strike_P","Strike_P","Strike_P","Defend_P","Defend_P","Defend_P","Defend_P","Eruption","Vigilance+1","Wallop","Protect","Collect+1","BowlingBash","Wallop","Sanctity+1","Ragnarok","CutThroughFate","EmptyBody+1","Decay","Wireheading+1"],"relics":["Snecko Eye","WarpedTongs","CaptainsWheel","Meat on the Bone","Eternal Feather","Toxic Egg 2","VioletLotus"],"acts_visited":["Exordium","TheCity"],"potions_floor_usage":[19,22],"damage_taken":[{"damage":0.0,"enemies":"Small Slimes","floor":1.0,"turns":2.0},{"damage":0.0,"enemies":"Cultist","floor":2.0,"turns":2.0},{"damage":5.0,"enemies":"Jaw Worm","floor":4.0,"turns":2.0},{"damage":2.0,"enemies":"2 Fungi Beasts","floor":5.0,"turns":2.0},{"damage":8.0,"enemies":"3 Sentries","floor":6.0,"turns":6.0},{"damage":3.0,"enemies":"Red Slaver","floor":8.0,"turns":3.0},{"damage":0.0,"enemies":"Lagavulin","floor":11.0,"turns":4.0},{"damage":0.0,"enemies":"Gremlin Nob","floor":13.0,"turns":3.0},{"damage":13,"enemies":"Slime Boss","floor":16,"turns":9},{"damage":9,"enemies":"Shell Parasite","floor":18,"turns":5},{"damage":0,"enemies":"2 Thieves","floor":19,"turns":3},{"damage":16,"enemies":"Centurion and Healer","floor":21,"turns":5},{"damage":10,"enemies":"Shelled Parasite and Fungi","floor":22,"turns":5},{"damage":51,"enemies":"Slavers","floor":23,"turns":4}],"seed_played":"-4158854046000351739","potions_obtained":[{"floor":1.0,"key":"LiquidMemories"},{"floor":5.0,"key":"Ancient Potion"},{"floor":13,"key":"Swift Potion"},{"floor":16,"key":"Strength Potion"},{"floor":21,"key":"Regen Potion"},{"floor":22,"key":"BlessingOfTheForge"}],"is_trial":false,"path_per_floor":["M","M","?","M","M","E","R","M","T","$","E","$","E","?","R","B",null,"M","M","?","M","M","E"],"character_chosen":"WATCHER","items_purchased":["Wallop"],"campfire_rested":0,"item_purchase_floors":[10],"current_hp_per_floor":[61,61,61,56,54,46,46,43,43,43,43,43,43,43,52,39,61,52,52,52,36,40,0,0],"gold":238,"neow_bonus":"BOSS_RELIC","is_daily":false,"chose_seed":false,"campfire_upgraded":2,"win_rate":0.0,"timestamp":1614204206,"path_taken":["M","M","?","M","?","E","R","M","T","$","E","?","E","?","R","BOSS","M","M","?","M","M","E"],"items_purchased_type":["Card"],"build_version":"2020-12-22","purchased_purges":1,"victory":false,"max_hp_per_floor":[68,68,68,68,68,68,68,68,68,68,68,68,68,68,68,68,68,68,68,68,68,68,68,68],"relic_stats":{"counters":[14,55],"Snecko Eye":[99,89,76,86],"Eternal Feather":9,"VioletLotus":[6],"obtain_stats":[{"CaptainsWheel":6,"Snecko Eye":0,"Eternal Feather":11,"VioletLotus":17,"PureWater":0,"Toxic Egg 2":13,"WarpedTongs":3,"Meat on the Bone":9},{"CaptainsWheel":5,"Snecko Eye":0,"Eternal Feather":7,"VioletLotus":9,"PureWater":0,"Toxic Egg 2":8,"WarpedTongs":2,"Meat on the Bone":6},{"CaptainsWheel":14,"Snecko Eye":0,"Eternal Feather":21,"VioletLotus":33,"PureWater":0,"Toxic Egg 2":24,"WarpedTongs":4,"Meat on the Bone":17}],"WarpedTongs":[51],"Meat on the Bone":0},"card_choices":[{"not_picked":["EmptyBody","PathToVictory"],"picked":"Wallop","floor":1.0},{"not_picked":["ThirdEye","Evaluate"],"picked":"Protect","floor":2.0},{"not_picked":["FlurryOfBlows","Halt","SignatureMove"],"picked":"SKIP","floor":4.0},{"not_picked":["Evaluate","Study"],"picked":"Collect","floor":5.0},{"not_picked":["Collect","WaveOfTheHand"],"picked":"BowlingBash","floor":6.0},{"not_picked":["ClearTheMind","JustLucky","CarveReality"],"picked":"SKIP","floor":8.0},{"not_picked":["LikeWater","DeceiveReality","EmptyBody"],"picked":"SKIP","floor":11.0},{"not_picked":["Prostrate+1","ThirdEye+1"],"picked":"Sanctity+1","floor":13},{"not_picked":["SpiritShield+1","Alpha+1"],"picked":"Ragnarok","floor":16},{"not_picked":["Nirvana","Crescendo+1"],"picked":"CutThroughFate","floor":18},{"not_picked":["Adaptation","CrushJoints"],"picked":"EmptyBody+1","floor":19},{"not_picked":["Wireheading+1","SignatureMove","Study"],"picked":"SKIP","floor":21},{"not_picked":["SignatureMove","Study"],"picked":"Wireheading+1","floor":21},{"not_picked":["JustLucky","CrushJoints","Prostrate+1"],"picked":"SKIP","floor":22}],"player_experience":1277903,"relics_obtained":[{"floor":6.0,"key":"CaptainsWheel"},{"floor":9.0,"key":"Meat on the Bone"},{"floor":11.0,"key":"Eternal Feather"},{"floor":13,"key":"Toxic Egg 2"}],"event_choices":[{"damage_healed":0.0,"max_hp_gain":0.0,"max_hp_loss":0.0,"gold_gain":0.0,"event_name":"Accursed Blacksmith","player_choice":"Rummage","floor":3.0,"gold_loss":0.0,"damage_taken":0.0,"relics_obtained":["WarpedTongs"],"cards_obtained":["Pain"]},{"damage_healed":0,"gold_gain":0,"player_choice":"Ignored","damage_taken":0,"max_hp_gain":0,"max_hp_loss":0,"event_name":"Liars Game","floor":14,"gold_loss":0},{"damage_healed":0,"gold_gain":0,"player_choice":"Smashed Altar","damage_taken":0,"max_hp_gain":0,"max_hp_loss":0,"event_name":"Forgotten Altar","floor":20,"gold_loss":0,"cards_obtained":["Decay"]}],"is_beta":false,"boss_relics":[{"not_picked":["SacredBark","Runic Dome"],"picked":"VioletLotus"}],"items_purged_floors":[10],"is_endless":false,"potions_floor_spawned":[1,5,13,16,18,21,22],"killed_by":"Slavers","ascension_level":20}}