{"host":"jt67skv49snb75sm","time":1614186676,"event":{"mods":["BaseMod","Bestiary","Minty Spire (QoL Compilation)","Relic Stats"],"gold_per_floor":[126,153,153,181,201,201,242,242,242,113,113,154,154,173,173,173,173],"floor_reached":16,"language":"ENG","playtime":517,"items_purged":[],"score":220,"play_id":"abdeedae-6edc-49d1-8886-3174f54c5ce0","local_time":"20210224181116","is_ascension_mode":true,"campfire_choices":[{"data":"Searing Blow","floor":6.0,"key":"SMITH"},{"floor":8.0,"key":"REST"},{"data":"Searing Blow+2","floor":15.0,"key":"SMITH"}],"circlet_count":0,"master_deck":["AscendersBane","Strike_R","Strike_R","Strike_R","Strike_R","Strike_R+1","Defend_R+1","Defend_R","Defend_R","Defend_R","Bash","Searing Blow+3","Reckless Charge","True Grit","Whirlwind","Armaments+1","Impervious","Flame Barrier","Dark Embrace","Feel No Pain","Double Tap","Shrug It Off"],"relics":["Burning Blood","CeramicFish","Question Card","StrikeDummy","Orrery","TungstenRod"],"acts_visited":["Exordium"],"potions_floor_usage":[16],"damage_taken":[{"damage":4.0,"enemies":"Small Slimes","floor":1.0,"turns":4.0},{"damage":11.0,"enemies":"Jaw Worm","floor":2.0,"turns":4.0},{"damage":4.0,"enemies":"2 Louse","floor":4.0,"turns":4.0},{"damage":14.0,"enemies":"Red Slaver","floor":5.0,"turns":4.0},{"damage":35.0,"enemies":"3 Sentries","floor":7.0,"turns":7.0},{"damage":28.0,"enemies":"Gremlin Nob","floor":12.0,"turns":4.0},{"damage":0.0,"enemies":"2 Fungi Beasts","floor":14.0,"turns":4.0},{"damage":13,"enemies":"The Guardian","floor":16,"turns":12}],"seed_played":"-2810906347903661104","potions_obtained":[{"floor":1.0,"key":"Ancient Potion"},{"floor":2.0,"key":"AttackPotion"},{"floor":7.0,"key":"SneckoOil"},{"floor":14.0,"key":"Dexterity Potion"}],"is_trial":false,"path_per_floor":["M","M","?","M","M","R","E","R","T","$","?","E","?","M","R","B"],"character_chosen":"IRONCLAD","items_purchased":["Orrery"],"campfire_rested":1,"item_purchase_floors":[10],"current_hp_per_floor":[70,65,42,44,36,36,7,29,29,29,29,7,7,13,13,0,0],"gold":173,"neow_bonus":"RANDOM_COMMON_RELIC","is_daily":false,"chose_seed":false,"campfire_upgraded":2,"win_rate":0.0,"timestamp":1614186676,"path_taken":["M","M","?","M","M","R","E","R","T","$","?","E","?","?","R","BOSS"],"items_purchased_type":["Relic"],"build_version":"2020-12-22","purchased_purges":0,"victory":false,"max_hp_per_floor":[75,75,75,75,75,75,75,75,75,75,75,75,75,75,75,75,75],"relic_stats":{"counters":[8,43],"CeramicFish":99,"Question Card":7,"obtain_stats":[{"CeramicFish":0,"Orrery":10,"Question Card":7,"StrikeDummy":9,"Burning Blood":0,"TungstenRod":12},{"CeramicFish":0,"Orrery":5,"Question Card":5,"StrikeDummy":5,"Burning Blood":0,"TungstenRod":6},{"CeramicFish":0,"Orrery":23,"Question Card":23,"StrikeDummy":23,"Burning Blood":0,"TungstenRod":27}],"Burning Blood":42,"TungstenRod":3},"card_choices":[{"not_picked":["Shrug It Off","Headbutt"],"picked":"Searing Blow","floor":1.0},{"not_picked":["Spot Weakness","Thunderclap"],"picked":"Reckless Charge","floor":2.0},{"not_picked":["Spot Weakness","Havoc"],"picked":"True Grit","floor":4.0},{"not_picked":["Wild Strike","Perfected Strike"],"picked":"Whirlwind","floor":5.0},{"not_picked":["Rage","Body Slam"],"picked":"Armaments","floor":7.0},{"not_picked":["Anger","Pommel Strike","Cleave"],"picked":"Impervious","floor":10.0},{"not_picked":["Cleave","Rupture","Shrug It Off"],"picked":"Flame Barrier","floor":10.0},{"not_picked":["Cleave","Anger","Flex"],"picked":"Dark Embrace","floor":10.0},{"not_picked":["Wild Strike","Armaments","Clash"],"picked":"Feel No Pain","floor":10.0},{"not_picked":["Entrench","Shrug It Off","Iron Wave"],"picked":"Double Tap","floor":12.0},{"not_picked":["Sword Boomerang","Iron Wave","Sever Soul"],"picked":"Shrug It Off","floor":14.0}],"player_experience":899246,"relics_obtained":[{"floor":7.0,"key":"Question Card"},{"floor":9.0,"key":"StrikeDummy"},{"floor":12.0,"key":"TungstenRod"}],"event_choices":[{"damage_healed":0.0,"max_hp_gain":0.0,"max_hp_loss":0.0,"gold_gain":0.0,"event_name":"Shining Light","player_choice":"Entered Light","floor":3.0,"gold_loss":0.0,"damage_taken":23.0,"cards_upgraded":["Strike_R","Defend_R"]},{"damage_healed":0.0,"max_hp_gain":0.0,"max_hp_loss":0.0,"gold_gain":0.0,"event_name":"Living Wall","player_choice":"Grow","floor":11.0,"gold_loss":0.0,"damage_taken":0.0,"cards_upgraded":["Searing Blow"]},{"damage_healed":0.0,"max_hp_gain":0.0,"max_hp_loss":0.0,"gold_gain":0.0,"event_name":"Upgrade Shrine","player_choice":"Upgraded","floor":13.0,"gold_loss":0.0,"damage_taken":0.0,"cards_upgraded":["Armaments"]}],"is_beta":false,"boss_relics":[],"items_purged_floors":[],"is_endless":false,"potions_floor_spawned":[1,2,7,14],"killed_by":"The Guardian","ascension_level":20}}