{"host":"8juwo4eokezucgda","time":1614184146,"event":{"mods":["AchievementEnabler","BaseMod","BetterRewards","Colored Map","Colored Powertips","Conspire","Downfall","Hermit","Hubris","Marisa????????","Minty Spire (QoL Compilation)","Rare Cards Sparkle","Relic Stats","Replay The Spire","StSLib","SuperFastMode","The Construct","The Cursed","The Disciple","The Hierophant","The Mystic","The Necromancer","The Runesmith","The Servant 0.9.4"],"gold_per_floor":[10,10,0,4403,4417,4417,4435,4435,4435,4435,4460,4460,4471,4498,4498,4603,4603,4603,4603,3735,3735,2728,2728,2728,2728,2728,2728,2728,1634,1634,1634,1634,1634,1634,1634,1634,726,726,726,726,726,726,726,726,726,726,46,46,46,46,46,46,46,46,46],"floor_reached":56,"language":"ENG","playtime":6807,"items_purged":["Defend_P","Strike_P","Strike_P","Defend_P","Strike_P"],"score":1602,"play_id":"bdcb03cd-6c0d-4323-a358-de5f5c4e62f4","local_time":"20210225002906","is_ascension_mode":true,"campfire_choices":[{"floor":6,"key":"RECALL"},{"data":"MasterReality","floor":8,"key":"SMITH"},{"data":"Eruption","floor":10,"key":"SMITH"},{"data":"Weave","floor":12,"key":"SMITH"},{"data":"TalkToTheHand","floor":15,"key":"SMITH"},{"data":"Omniscience","floor":24,"key":"SMITH"},{"data":"FlurryOfBlows","floor":27,"key":"SMITH"},{"data":"Magnetism","floor":32,"key":"SMITH"},{"data":"Devotion","floor":41,"key":"SMITH"},{"data":"Adaptation","floor":49,"key":"SMITH"},{"data":"Mind Blast","floor":52,"key":"SMITH"}],"circlet_count":0,"master_deck":["Strike_P","Defend_P","Eruption+1","Vigilance","MasterReality+1","Weave+1","Adaptation+1","CrushJoints","WaveOfTheHand","Vengeance","TalkToTheHand+1","Blasphemy","Omniscience+1","ReachHeaven","Replay:Vibes","Sadistic Nature","FlurryOfBlows+1","Good Instincts+1","Crescendo+1","Magnetism+1","Replay:BluntJabs+1","Vault+1","SandsOfTime","Violence+1","Replay:Hum+1","ThirdEye+1","MentalFortress","ForeignInfluence+1","DeusExMachina+1","Halt+1","Worship+1","Mind Blast+1","Devotion+1","Sanctity+1","Replay:Anticipation+1","Pray+1","Protect+1","Replay:AtTheReady+1","JustLucky","Replay:Cycle+1","Blind+1","Prostrate+1","Replay:Battleflow+1","WreathOfFlame+1"],"relics":["PureWater","Blue Candle","hubris:ToyBattleship","Omamori","Strange Spoon","Pen Nib","Blood Vial","Ectoplasm","conspire:TreasureMap","Runesmith:Nanobots","Replay:Baseball","Toxic Egg 2","hubris:HerbalPaste","ReplayTheSpireMod:TigerMarble","conspire:DecoderRing","Mercury Hourglass","Centennial Puzzle","Juzu Bracelet","StoneCalendar","hubris:EmptyBottle","Sozu","Nunchaku","ReplayFunnel","Frozen Eye","CatCart","Ancient Tea Set","hubris:Towel","hubris:FunFungus","Bag of Marbles","Replay:WaspNest","TheAbacus","ReplayTheSpireMod:Ninjato"],"acts_visited":["Exordium","TheCity","TheBeyond","TheEnding"],"potions_floor_usage":[55,55],"damage_taken":[{"damage":16,"enemies":"Jaw Worm","floor":1,"turns":3},{"damage":0,"enemies":"2 Louse","floor":5,"turns":2},{"damage":0,"enemies":"Cultist","floor":7,"turns":4},{"damage":29,"enemies":"Gremlin Nob","floor":11,"turns":3},{"damage":7,"enemies":"Gremlin Gang","floor":13,"turns":3},{"damage":44,"enemies":"Lagavulin","floor":14,"turns":5},{"damage":56,"enemies":"The Guardian","floor":16,"turns":8},{"damage":24,"enemies":"Spheric Guardian","floor":18,"turns":5},{"damage":11,"enemies":"3 Byrds","floor":19,"turns":4},{"damage":0,"enemies":"conspire:HollyBat","floor":21,"turns":6},{"damage":20,"enemies":"Book of Stabbing","floor":23,"turns":4},{"damage":0,"enemies":"Gremlin Leader","floor":25,"turns":4},{"damage":0,"enemies":"Sentry and Sphere","floor":28,"turns":2},{"damage":0,"enemies":"3 Cultists","floor":31,"turns":3},{"damage":10,"enemies":"hubris:MusketHawk","floor":33,"turns":4},{"damage":56,"enemies":"3 Darklings","floor":35,"turns":4},{"damage":0,"enemies":"Orb Walker","floor":36,"turns":1},{"damage":14,"enemies":"Orin","floor":38,"turns":5},{"damage":8,"enemies":"Sphere and 2 Shapes","floor":39,"turns":2},{"damage":1,"enemies":"Reptomancer","floor":40,"turns":2},{"damage":15,"enemies":"Jaw Worm Horde","floor":44,"turns":4},{"damage":0,"enemies":"Spire Growth","floor":45,"turns":2},{"damage":14,"enemies":"Transient","floor":46,"turns":6},{"damage":16,"enemies":"4 Shapes","floor":48,"turns":2},{"damage":50,"enemies":"Donu and Deca","floor":50,"turns":5},{"damage":33,"enemies":"Shield and Spear","floor":54,"turns":4},{"damage":51,"enemies":"The Heart","floor":55,"turns":7}],"seed_played":"1910247767980898468","potions_obtained":[{"floor":7,"key":"Venom Potion"},{"floor":14,"key":"champ:CounterPotion"},{"floor":19,"key":"Swift Potion"}],"is_trial":false,"path_per_floor":["M","?","?","$","M","R","M","R","T","R","E","R","M","E","R","B",null,"M","M","$","M","$","E","R","E","T","R","M","$","?","M","R","B",null,"M","M","$","?","M","E","R","?","T","M","M","M","$","M","R","B",null,"R","$","E","B",null],"character_chosen":"WATCHER","items_purchased":["hubris:ToyBattleship","Omamori","Strange Spoon","Adaptation","conspire:TreasureMap","Runesmith:Nanobots","Sadistic Nature","Adrenaline Potion","Replay:Baseball","Toxic Egg 2","hubris:HerbalPaste","ReplayTheSpireMod:TigerMarble","Good Instincts+1","Crescendo+1","Magnetism","Juzu Bracelet","StoneCalendar","hubris:EmptyBottle","Violence+1","Replay:Hum+1","ThirdEye+1","MentalFortress","Nunchaku","ReplayFunnel","Frozen Eye","Mind Blast","Devotion","Sanctity+1","Bag of Marbles","Replay:WaspNest","TheAbacus","Blind+1","Prostrate+1"],"campfire_rested":0,"item_purchase_floors":[4,4,4,4,20,20,20,20,20,22,22,22,22,22,22,29,29,29,29,29,29,29,37,37,37,37,37,37,47,47,47,47,47],"current_hp_per_floor":[56,51,51,51,51,51,51,51,51,51,22,22,15,21,21,16,72,48,39,39,41,41,29,29,37,37,37,42,42,42,49,49,47,72,17,19,19,63,60,64,64,64,64,60,65,63,63,52,52,14,72,72,72,44,67],"gold":46,"neow_bonus":"THREE_RARE_CARDS","is_daily":false,"chose_seed":false,"campfire_upgraded":10,"win_rate":0.0,"timestamp":1614184146,"path_taken":["M","?","?","$","M","R","M","R","T","R","E","R","?","E","R","BOSS","M","M","$","?","$","E","R","E","T","R","?","$","?","M","R","BOSS","M","M","$","?","M","E","R","?","T","M","M","M","$","M","R","BOSS","R","$","E","BOSS"],"items_purchased_type":["Relic","Relic","Relic","Card","Relic","Relic","Card","Potion","Relic","Relic","Relic","Relic","Card","Card","Card","Relic","Relic","Relic","Card","Card","Card","Card","Relic","Relic","Relic","Card","Card","Card","Relic","Relic","Relic","Card","Card"],"build_version":"2020-12-22","purchased_purges":5,"victory":true,"max_hp_per_floor":[72,72,72,72,72,72,72,72,72,72,72,72,72,72,72,72,72,72,72,72,72,72,72,72,72,72,72,72,72,72,72,72,72,72,72,72,72,72,72,72,72,72,72,72,72,72,72,72,72,72,72,72,72,72,72],"relic_stats":{"counters":[27,104],"Blue Candle":[0],"StoneCalendar":[0],"Pen Nib":[23],"Juzu Bracelet":1,"Mercury Hourglass":[228],"Blood Vial":36,"Sozu":3,"Strange Spoon":[63],"Centennial Puzzle":[33],"Nunchaku":[10],"TheAbacus":[6],"Ectoplasm":1010467,"obtain_stats":[{"ReplayFunnel":37,"StoneCalendar":29,"Juzu Bracelet":29,"hubris:EmptyBottle":29,"Ancient Tea Set":40,"Blood Vial":14,"Sozu":34,"Frozen Eye":37,"Centennial Puzzle":26,"Nunchaku":37,"hubris:HerbalPaste":22,"TheAbacus":47,"conspire:DecoderRing":23,"hubris:FunFungus":43,"Toxic Egg 2":22,"conspire:TreasureMap":20,"Runesmith:Nanobots":20,"ReplayTheSpireMod:Ninjato":54,"Blue Candle":2,"Pen Nib":11,"Replay:WaspNest":47,"Omamori":4,"hubris:Towel":42,"Mercury Hourglass":25,"Strange Spoon":4,"Replay:Baseball":20,"Ectoplasm":17,"hubris:ToyBattleship":4,"ReplayTheSpireMod:TigerMarble":22,"Bag of Marbles":47,"PureWater":0,"CatCart":38},{"ReplayFunnel":17,"StoneCalendar":13,"Juzu Bracelet":13,"hubris:EmptyBottle":13,"Ancient Tea Set":20,"Blood Vial":6,"Sozu":15,"Frozen Eye":17,"Centennial Puzzle":12,"Nunchaku":17,"hubris:HerbalPaste":10,"TheAbacus":23,"conspire:DecoderRing":11,"hubris:FunFungus":20,"Toxic Egg 2":10,"conspire:TreasureMap":9,"Runesmith:Nanobots":9,"ReplayTheSpireMod:Ninjato":26,"Blue Candle":1,"Pen Nib":4,"Replay:WaspNest":23,"Omamori":1,"hubris:Towel":20,"Mercury Hourglass":12,"Strange Spoon":1,"Replay:Baseball":9,"Ectoplasm":7,"hubris:ToyBattleship":1,"ReplayTheSpireMod:TigerMarble":10,"Bag of Marbles":23,"PureWater":0,"CatCart":18},{"ReplayFunnel":65,"StoneCalendar":53,"Juzu Bracelet":53,"hubris:EmptyBottle":53,"Ancient Tea Set":74,"Blood Vial":20,"Sozu":60,"Frozen Eye":65,"Centennial Puzzle":51,"Nunchaku":65,"hubris:HerbalPaste":43,"TheAbacus":86,"conspire:DecoderRing":47,"hubris:FunFungus":74,"Toxic Egg 2":43,"conspire:TreasureMap":37,"Runesmith:Nanobots":37,"ReplayTheSpireMod:Ninjato":97,"Blue Candle":3,"Pen Nib":12,"Replay:WaspNest":86,"Omamori":3,"hubris:Towel":74,"Mercury Hourglass":51,"Strange Spoon":3,"Replay:Baseball":37,"Ectoplasm":28,"hubris:ToyBattleship":3,"ReplayTheSpireMod:TigerMarble":43,"Bag of Marbles":86,"PureWater":0,"CatCart":70}]},"card_choices":[{"not_picked":["DeusExMachina","Vault"],"picked":"MasterReality","floor":0},{"not_picked":["Consecrate","FlyingSleeves"],"picked":"Weave","floor":1},{"not_picked":["InnerPeace","Replay:BluntJabs"],"picked":"CrushJoints","floor":5},{"not_picked":["ThirdEye","Evaluate"],"picked":"WaveOfTheHand","floor":7},{"not_picked":["ThirdEye","Collect"],"picked":"Vengeance","floor":11},{"not_picked":["Perseverance","BowlingBash"],"picked":"TalkToTheHand","floor":13},{"not_picked":["Collect","CrushJoints"],"picked":"Blasphemy","floor":14},{"not_picked":["Judgement","Alpha"],"picked":"Omniscience","floor":16},{"not_picked":["EmptyBody+1","FlurryOfBlows"],"picked":"ReachHeaven","floor":18},{"not_picked":["Wallop","Study+1"],"picked":"Replay:Vibes","floor":19},{"not_picked":["ClearTheMind","FearNoEvil"],"picked":"FlurryOfBlows","floor":21},{"not_picked":["Adaptation+1","Crescendo+1"],"picked":"Replay:BluntJabs+1","floor":23},{"not_picked":["Replay:Battleflow+1","Replay:ManipulateFuture+1"],"picked":"Vault+1","floor":25},{"not_picked":["Study+1","EmptyFist"],"picked":"SandsOfTime","floor":28},{"not_picked":["Halt+1","SandsOfTime"],"picked":"ForeignInfluence+1","floor":31},{"not_picked":["MasterReality","Omniscience+1"],"picked":"DeusExMachina+1","floor":33},{"not_picked":["Consecrate","Study"],"picked":"Halt+1","floor":35},{"not_picked":["FlyingSleeves+1","EmptyMind+1"],"picked":"Worship+1","floor":36},{"not_picked":["EmptyFist","Consecrate+1"],"picked":"Replay:Anticipation+1","floor":38},{"not_picked":["Sanctity+1","Weave"],"picked":"Pray+1","floor":39},{"not_picked":["MentalFortress+1","FlurryOfBlows"],"picked":"Protect+1","floor":40},{"not_picked":["EmptyBody+1","Collect+1"],"picked":"Replay:AtTheReady+1","floor":44},{"not_picked":["Replay:AtTheReady+1","CutThroughFate"],"picked":"JustLucky","floor":45},{"not_picked":["Replay:Vibes+1","EmptyFist"],"picked":"Replay:Cycle+1","floor":46},{"not_picked":["CarveReality","WindmillStrike"],"picked":"Replay:Battleflow+1","floor":48},{"not_picked":["EmptyMind+1","Blasphemy+1"],"picked":"WreathOfFlame+1","floor":54}],"player_experience":167400,"relics_obtained":[{"floor":11,"key":"Pen Nib"},{"floor":14,"key":"Blood Vial"},{"floor":23,"key":"conspire:DecoderRing"},{"floor":25,"key":"Mercury Hourglass"},{"floor":26,"key":"Centennial Puzzle"},{"floor":38,"key":"CatCart"},{"floor":40,"key":"Ancient Tea Set"},{"floor":43,"key":"hubris:FunFungus"},{"floor":54,"key":"ReplayTheSpireMod:Ninjato"}],"event_choices":[{"damage_healed":0,"gold_gain":0,"player_choice":"Left Gold","damage_taken":0,"max_hp_gain":0,"max_hp_loss":0,"event_name":"World of Goop","floor":3,"gold_loss":10},{"cards_removed":["Defend_P"],"damage_healed":0,"gold_gain":0,"player_choice":"Purged","damage_taken":0,"max_hp_gain":0,"max_hp_loss":0,"event_name":"Purifier","floor":30,"gold_loss":0},{"damage_healed":0,"gold_gain":0,"player_choice":"Fight","damage_taken":0,"max_hp_gain":0,"max_hp_loss":0,"event_name":"OrinTheCat","floor":38,"gold_loss":0}],"is_beta":false,"boss_relics":[{"not_picked":["SacredBark","Runic Dome"],"picked":"Ectoplasm"},{"not_picked":["Painkiller Herb","Philosopher\u0027s Stone"],"picked":"Sozu"}],"items_purged_floors":[4,20,22,29,37],"is_endless":false,"potions_floor_spawned":[7,14,19,25,28,33,35,39,44,48],"ascension_level":2}}