{"host":"4so6zk3ni2nu7g2c","time":1614177719,"event":{"mods":["BaseMod","Downfall","Minty Spire (QoL Compilation)","Quick Restart","Replay The Spire","Shop Mod","StSLib"],"gold_per_floor":[99,116,128,141,241,241,241,267,267,282,282,282,296,50,67,165,165,165,183,200,300,310,343,343,11,42,55,65,75,114,114,133,242,242,142,160,218,4,20,42,42,65,65,103,3,17,45,66,85,85],"floor_reached":51,"language":"ZHS","playtime":2627,"items_purged":["Slimebound:Strike_Slimebound","Slimebound:Strike_Slimebound"],"score":1013,"play_id":"3fb9c51f-0f84-4e06-9685-7900c6f9b29c","local_time":"20210224224159","is_ascension_mode":true,"campfire_choices":[{"data":"Slimebound:Split","floor":1.0,"key":"SMITH"},{"data":"Slimebound:Repurpose","floor":6.0,"key":"SMITH"},{"data":"Slimebound:CorrosiveSpit","floor":9.0,"key":"SMITH"},{"data":"Slimebound:SplitLeeching","floor":9.0,"key":"SMITH"},{"floor":11.0,"key":"REST"},{"data":"Slimebound:TagTeam","floor":18.0,"key":"SMITH"},{"data":"Slimebound:TagTeam","floor":18.0,"key":"SMITH"},{"floor":35.0,"key":"RECALL"},{"data":"Slimebound:SelfFormingGoo","floor":43,"key":"SMITH"},{"data":"expansioncontent:DashGenerateEvil","floor":43,"key":"SMITH"},{"data":"Slimebound:LevelUp","floor":45,"key":"SMITH"},{"data":"Slimebound:LevelUp","floor":45,"key":"SMITH"}],"circlet_count":0,"master_deck":["Slimebound:Tackle","Slimebound:Defend_Slimebound","Slimebound:Defend_Slimebound","Slimebound:Defend_Slimebound","Slimebound:Defend_Slimebound","Slimebound:Split+1","Slimebound:CorrosiveSpit+1","Slimebound:SamplingLick","Slimebound:SplitLeeching+1","Slimebound:Repurpose+1","Slimebound:LivingWall","Slimebound:HauntingLick","Slimebound:Prepare","Slimebound:Schlurp","Replay:SS_forest_2","Slimebound:TagTeam+1","Slimebound:TagTeam+1","Slimebound:SlimeTap+1","Slimebound:LevelUp+1","Slimebound:RejuvenatingLick+1","Slimebound:Schlurp+1","Slimebound:LevelUp+1","Slimebound:OneTwoCombo","Slimebound:FormOfPuddle","Slimebound:Schlurp+1","Slimebound:SelfFormingGoo+1","Slimebound:HauntingLick+1","expansioncontent:DashGenerateEvil+1","Slimebound:Replication","Slimebound:RallyTheTroops","Slimebound:ProtectTheBoss+1","Slimebound:GoopSpray+1","Slimebound:LevelUp+1","Slimebound:RainOfGoop+1"],"relics":["Black Star","Replay:Arrowhead","Pen Nib","Lee\u0027s Waffle","Sozu","Mango","Bottled Tornado","Slimebound:SlimedTailRelic","Pantograph","Bag of Preparation","Mummified Hand","ReplayTheSpireMod:Lightbulb","CeramicFish","Cursed Key","downfall:HeartBlessingBlue","Counterbalance","Iron Hammer","Replay:Multitool","Ginger","downfall:HeartBlessingGreen"],"acts_visited":["Exordium","TheCity","TheBeyond"],"potions_floor_usage":[],"damage_taken":[{"damage":5.0,"enemies":"2 Louse","floor":2.0,"turns":2.0},{"damage":7.0,"enemies":"Jaw Worm","floor":3.0,"turns":3.0},{"damage":0.0,"enemies":"Cultist","floor":4.0,"turns":3.0},{"damage":38.0,"enemies":"Gremlin Nob","floor":8.0,"turns":4.0},{"damage":14.0,"enemies":"Exordium Wildlife","floor":10.0,"turns":5.0},{"damage":0.0,"enemies":"Gremlin Gang","floor":13.0,"turns":5.0},{"damage":0.0,"enemies":"downfall:FleeingMerchant","floor":14.0,"turns":4.0},{"damage":3.0,"enemies":"Large Slime","floor":15.0,"turns":5.0},{"damage":10.0,"enemies":"SI_SHIV_ARCHETYPE","floor":16.0,"turns":9.0},{"damage":0.0,"enemies":"Spheric Guardian","floor":19.0,"turns":3.0},{"damage":5.0,"enemies":"downfall:LooterAlt2","floor":20.0,"turns":3.0},{"damage":4.0,"enemies":"3 Cultists","floor":22.0,"turns":5.0},{"damage":20.0,"enemies":"Slavers","floor":23.0,"turns":5.0},{"damage":0.0,"enemies":"downfall:FleeingMerchant","floor":25.0,"turns":4.0},{"damage":0.0,"enemies":"Book of Stabbing","floor":26.0,"turns":3.0},{"damage":4.0,"enemies":"Sentry and Sphere","floor":27.0,"turns":4.0},{"damage":33.0,"enemies":"Cultist and Chosen","floor":28.0,"turns":5.0},{"damage":0.0,"enemies":"Snake Plant","floor":29.0,"turns":2.0},{"damage":0.0,"enemies":"Slavers","floor":30.0,"turns":3.0},{"damage":0.0,"enemies":"Snecko","floor":32.0,"turns":4.0},{"damage":11.0,"enemies":"IC_MUSHROOM_ARCHETYPE","floor":33.0,"turns":6.0},{"damage":0.0,"enemies":"3 Darklings","floor":36.0,"turns":3.0},{"damage":8.0,"enemies":"2 Orb Walkers","floor":37.0,"turns":3.0},{"damage":0.0,"enemies":"downfall:FleeingMerchant","floor":38.0,"turns":3.0},{"damage":1.0,"enemies":"Orb Walker","floor":39.0,"turns":2.0},{"damage":20.0,"enemies":"Writhing Mass","floor":40.0,"turns":3.0},{"damage":6,"enemies":"Spire Growth","floor":42,"turns":4},{"damage":0,"enemies":"Nemesis","floor":44,"turns":3},{"damage":0,"enemies":"Maw","floor":46,"turns":4},{"damage":10,"enemies":"Jaw Worm Horde","floor":47,"turns":4},{"damage":0,"enemies":"4 Shapes","floor":48,"turns":3},{"damage":2,"enemies":"Maw","floor":49,"turns":5},{"damage":9,"enemies":"DF_ARCHETYPE_ORBS","floor":50,"turns":6}],"seed_played":"-3100191751385044200","potions_obtained":[{"floor":3.0,"key":"Toxic Potion"},{"floor":8.0,"key":"Swift Potion"},{"floor":15.0,"key":"SkillPotion"}],"is_trial":false,"path_per_floor":["R","M","M","M","?","R","T","E","R","M","R","?","M","$","M","B",null,"R","M","M","?","M","E","T","$","E","M","M","M","E","?","M","B",null,"R","M","?","$","M","M","T","M","R","E","R","M","M","M","M","B",null],"character_chosen":"SLIMEBOUND","items_purchased":["Lee\u0027s Waffle","Replay:SS_forest_2","Pantograph","Iron Hammer","expansioncontent:DashGenerateEvil"],"campfire_rested":1,"item_purchase_floors":[14,14,25,38,38],"current_hp_per_floor":[65,60,53,53,53,53,53,15,15,1,20,20,20,72,69,59,72,72,72,67,67,63,57,57,57,57,53,20,20,20,20,20,34,86,96,96,88,88,87,67,67,61,61,61,61,61,51,51,49,65],"gold":85,"neow_bonus":"BOSS_RELIC","is_daily":false,"chose_seed":false,"campfire_upgraded":10,"win_rate":0.0,"timestamp":1614177719,"path_taken":["R","M","M","M","?","R","T","E","R","M","R","?","M","$","M","BOSS","R","M","?","?","M","E","T","$","E","M","M","?","E","?","M","BOSS","R","M","?","$","M","M","T","M","R","E","R","M","M","M","M","BOSS"],"items_purchased_type":["Relic","Card","Relic","Relic","Card"],"build_version":"2020-12-22","purchased_purges":2,"victory":true,"max_hp_per_floor":[65,65,65,65,65,65,65,65,65,65,65,65,65,72,72,72,72,72,72,72,72,72,86,86,86,86,86,86,86,86,86,86,86,86,96,96,96,96,96,96,96,96,96,96,96,96,96,96,96,96],"card_choices":[{"not_picked":["Slimebound:HauntingLick","Slimebound:GoopSpray"],"picked":"Slimebound:SamplingLick","floor":2.0},{"not_picked":["Slimebound:SplitMire","Slimebound:SamplingLick"],"picked":"Slimebound:SplitLeeching","floor":3.0},{"not_picked":["Slimebound:PressTheAttack","Slimebound:SplitLeeching"],"picked":"Slimebound:Repurpose","floor":4.0},{"not_picked":["Slimebound:TongueLash","Slimebound:DouseInSlime"],"picked":"Slimebound:LivingWall","floor":8.0},{"not_picked":["Slimebound:SplitAcid","Slimebound:ServeAndProtect"],"picked":"Slimebound:HauntingLick","floor":10.0},{"not_picked":["Slimebound:Repurpose","Slimebound:HauntingLick"],"picked":"Slimebound:Prepare","floor":13.0},{"not_picked":["Slimebound:Recollect","Slimebound:GoopTackle"],"picked":"Slimebound:Schlurp","floor":14.0},{"not_picked":["Slimebound:SplitBruiser","Slimebound:SplitSpecialist"],"picked":"Slimebound:TagTeam","floor":15.0},{"not_picked":["Slimebound:LeechLife","Slimebound:Darklings"],"picked":"Slimebound:TagTeam","floor":16.0},{"not_picked":["Slimebound:SlimeBrawl","Slimebound:SplitLeeching","Slimebound:LivingWall"],"picked":"SKIP","floor":19.0},{"not_picked":["Slimebound:DivideAndConquer","Slimebound:SplitBruiser+1"],"picked":"Slimebound:SlimeTap+1","floor":20.0},{"not_picked":["Slimebound:Schlurp","Slimebound:ViciousTackle"],"picked":"Slimebound:LevelUp","floor":22.0},{"not_picked":["Slimebound:Overexert","Slimebound:PressTheAttack"],"picked":"Slimebound:RejuvenatingLick+1","floor":23.0},{"not_picked":["Slimebound:SlimeSpikes","Slimebound:MegaLick+1","Slimebound:LeechEnergy"],"picked":"SKIP","floor":25.0},{"not_picked":["Slimebound:SlimeSpikes","Slimebound:PressTheAttack"],"picked":"Slimebound:Schlurp+1","floor":26.0},{"not_picked":["Slimebound:SplitMire","Slimebound:TongueLash+1"],"picked":"Slimebound:LevelUp","floor":27.0},{"not_picked":["Slimebound:Grow+1","Slimebound:RollThrough","Slimebound:ComboTackle"],"picked":"SKIP","floor":28.0},{"not_picked":["Slimebound:ProtectTheBoss","Slimebound:RollThrough"],"picked":"Slimebound:OneTwoCombo","floor":29.0},{"not_picked":["Slimebound:GoopSpray","Slimebound:LeechingTouch"],"picked":"Slimebound:FormOfPuddle","floor":30.0},{"not_picked":["Slimebound:LeechEnergy+1","Slimebound:Grow"],"picked":"Slimebound:Schlurp+1","floor":32.0},{"not_picked":["Slimebound:RallyTheTroops","Slimebound:TagTeam"],"picked":"Slimebound:SelfFormingGoo","floor":33.0},{"not_picked":["Slimebound:LeechingTouch","Slimebound:BestDefense","Slimebound:Prepare"],"picked":"SKIP","floor":36.0},{"not_picked":["Slimebound:GoopSpray","Slimebound:FlameTackle"],"picked":"Slimebound:HauntingLick+1","floor":37.0},{"not_picked":["Slimebound:Grow+1","Slimebound:ItLooksTasty+1","Slimebound:SplitBruiser+1"],"picked":"SKIP","floor":38.0},{"not_picked":["Slimebound:LivingWall","Slimebound:ItLooksTasty+1","Slimebound:GoopSpray"],"picked":"SKIP","floor":39.0},{"not_picked":["Slimebound:Grow","Slimebound:Nibble"],"picked":"Slimebound:Replication","floor":40.0},{"not_picked":["Slimebound:PressTheAttack","Slimebound:LeechingTouch+1"],"picked":"Slimebound:RallyTheTroops","floor":42},{"not_picked":["Slimebound:TongueLash","Slimebound:SplitBruiser"],"picked":"Slimebound:ProtectTheBoss+1","floor":44},{"not_picked":["Slimebound:SplitLeeching","Slimebound:ItLooksTasty+1","Slimebound:Schlurp"],"picked":"SKIP","floor":46},{"not_picked":["Slimebound:Schlurp+1","Slimebound:GoopTackle"],"picked":"Slimebound:GoopSpray+1","floor":47},{"not_picked":["Slimebound:ForwardTackle","Slimebound:LivingWall"],"picked":"Slimebound:LevelUp+1","floor":48},{"not_picked":["Slimebound:LeadByExample","Slimebound:SlimeTap"],"picked":"Slimebound:RainOfGoop+1","floor":49}],"player_experience":419082,"relics_obtained":[{"floor":8.0,"key":"Replay:Arrowhead"},{"floor":8.0,"key":"Pen Nib"},{"floor":23.0,"key":"Mango"},{"floor":23.0,"key":"Bottled Tornado"},{"floor":24.0,"key":"Slimebound:SlimedTailRelic"},{"floor":26.0,"key":"Bag of Preparation"},{"floor":26.0,"key":"Mummified Hand"},{"floor":30.0,"key":"ReplayTheSpireMod:Lightbulb"},{"floor":30.0,"key":"CeramicFish"},{"floor":37.0,"key":"Counterbalance"},{"floor":44,"key":"Replay:Multitool"},{"floor":44,"key":"Ginger"}],"event_choices":[{"cards_removed":["Slimebound:Strike_Slimebound"],"damage_healed":0.0,"max_hp_gain":0.0,"max_hp_loss":0.0,"gold_gain":0.0,"event_name":"Wheel of Change","player_choice":"Card Removal","floor":12.0,"gold_loss":0.0,"damage_taken":0.0},{"damage_healed":0.0,"max_hp_gain":0.0,"max_hp_loss":0.0,"gold_gain":0.0,"event_name":"Mysterious Sphere","player_choice":"Fight","floor":37.0,"gold_loss":0.0,"damage_taken":0.0}],"is_beta":false,"boss_relics":[{"not_picked":["Astrolabe","Replay:Ancient Bell"],"picked":"Sozu"},{"not_picked":["Replay:Wanted Poster","Calling Bell"],"picked":"Cursed Key"}],"items_purged_floors":[25,38],"is_endless":false,"potions_floor_spawned":[3,8,15,20,23,26,27,28,40,42,46,47,49],"ascension_level":3}}