{"host":"j61pjxqytd94o6ng","time":1614131066,"event":{"mods":["BaseMod","Bestiary","Colored Map","Colored Powertips","Curses Come First","Minty Spire (QoL Compilation)","StSLib"],"gold_per_floor":[114,114,16,166,166,194,194,206,229,241,269,289,315,0,0,78,78,95,109,109,109,109],"floor_reached":21,"language":"ENG","playtime":542,"items_purged":["Strike_G"],"score":414,"play_id":"45b93a89-c31e-4d10-b752-84d1eecaa5a6","local_time":"20210223184426","is_ascension_mode":true,"campfire_choices":[{"data":"Glass Knife","floor":7.0,"key":"SMITH"},{"data":"Choke","floor":15.0,"key":"SMITH"}],"circlet_count":0,"master_deck":["AscendersBane","Strike_G","Strike_G","Strike_G","Strike_G","Defend_G","Defend_G","Defend_G","Defend_G","Defend_G","Survivor","Neutralize","Catalyst","Neutralize","Glass Knife+1","Deadly Poison","Backstab","Blade Dance","Deadly Poison","Choke+1","Deadly Poison","Dash","After Image","Well Laid Plans","Bouncing Flask","Burst","Dagger Throw","Calculated Gamble","PiercingWail"],"relics":["Ring of the Snake","NeowsBlessing","Meat on the Bone","Strawberry","Prayer Wheel","Bottled Flame","OrangePellets","Philosopher\u0027s Stone"],"acts_visited":["Exordium","TheCity"],"potions_floor_usage":[],"damage_taken":[{"damage":0.0,"enemies":"2 Louse","floor":1.0,"turns":1.0},{"damage":0.0,"enemies":"3 Sentries","floor":6.0,"turns":1.0},{"damage":0.0,"enemies":"Cultist","floor":8.0,"turns":1.0},{"damage":0.0,"enemies":"Small Slimes","floor":10.0,"turns":1.0},{"damage":8.0,"enemies":"Gremlin Nob","floor":11.0,"turns":3.0},{"damage":1.0,"enemies":"2 Fungi Beasts","floor":12.0,"turns":3.0},{"damage":7.0,"enemies":"Lagavulin","floor":13.0,"turns":4.0},{"damage":31.0,"enemies":"The Guardian","floor":16.0,"turns":8.0},{"damage":0.0,"enemies":"Chosen","floor":18.0,"turns":2.0},{"damage":11.0,"enemies":"2 Thieves","floor":19.0,"turns":4.0},{"damage":0.0,"enemies":"Snake Plant","floor":20.0,"turns":1.0},{"damage":11,"enemies":"Centurion and Healer","floor":21,"turns":2}],"seed_played":"-1273951515022988613","potions_obtained":[{"floor":6.0,"key":"ColorlessPotion"},{"floor":8.0,"key":"Fire Potion"},{"floor":12.0,"key":"FearPotion"},{"floor":13.0,"key":"ColorlessPotion"},{"floor":16.0,"key":"SmokeBomb"},{"floor":18.0,"key":"Swift Potion"}],"is_trial":false,"path_per_floor":["M","?","$","?","?","E","R","M","T","M","E","M","E","$","R","B",null,"M","M","M","M"],"character_chosen":"THE_SILENT","items_purchased":["Deadly Poison","Backstab","OrangePellets","Bouncing Flask"],"campfire_rested":0,"item_purchase_floors":[3,3,14,14],"current_hp_per_floor":[59,59,59,59,52,52,52,52,59,59,51,50,43,43,43,24,61,61,50,50,39,39],"gold":109,"neow_bonus":"THREE_ENEMY_KILL","is_daily":false,"chose_seed":false,"campfire_upgraded":2,"win_rate":0.0,"timestamp":1614131066,"path_taken":["M","?","?","?","?","E","R","M","T","?","E","M","E","$","R","BOSS","M","M","M","M"],"items_purchased_type":["Card","Card","Relic","Card"],"build_version":"2020-12-22","purchased_purges":1,"victory":false,"max_hp_per_floor":[66,66,66,66,66,66,66,66,73,73,73,73,73,73,73,73,73,73,73,73,73,73],"card_choices":[{"not_picked":["Backflip","Deadly Poison"],"picked":"Catalyst","floor":1.0},{"not_picked":["Choke","Outmaneuver"],"picked":"Blade Dance","floor":6.0},{"not_picked":["Outmaneuver","Endless Agony"],"picked":"Deadly Poison","floor":8.0},{"not_picked":["Flechettes","Caltrops"],"picked":"Choke","floor":10.0},{"not_picked":["Flying Knee","Dodge and Roll"],"picked":"Deadly Poison","floor":11.0},{"not_picked":["Acrobatics","Poisoned Stab"],"picked":"Dash","floor":12.0},{"not_picked":["Leg Sweep","Flying Knee"],"picked":"After Image","floor":12.0},{"not_picked":["Dagger Spray","Terror"],"picked":"Well Laid Plans","floor":13.0},{"not_picked":["Night Terror","Malaise"],"picked":"Burst","floor":16.0},{"not_picked":["Setup","Quick Slash"],"picked":"Dagger Throw","floor":18.0},{"not_picked":["Predator","Dodge and Roll","Choke"],"picked":"SKIP","floor":18.0},{"not_picked":["Expertise","Skewer+1"],"picked":"Calculated Gamble","floor":19.0},{"not_picked":["Dodge and Roll","Prepared"],"picked":"PiercingWail","floor":19.0}],"player_experience":544519,"relics_obtained":[{"floor":6.0,"key":"Meat on the Bone"},{"floor":9.0,"key":"Strawberry"},{"floor":11.0,"key":"Prayer Wheel"},{"floor":13.0,"key":"Bottled Flame"}],"event_choices":[{"damage_healed":0.0,"max_hp_gain":0.0,"max_hp_loss":0.0,"gold_gain":0.0,"event_name":"Match and Keep!","player_choice":"2 cards matched","floor":2.0,"gold_loss":0.0,"damage_taken":0.0,"cards_obtained":["Neutralize","Glass Knife"]},{"damage_healed":0.0,"max_hp_gain":0.0,"max_hp_loss":0.0,"gold_gain":150.0,"event_name":"Liars Game","player_choice":"AGREE","floor":4.0,"gold_loss":0.0,"damage_taken":0.0,"cards_obtained":["Doubt"]},{"cards_removed":["Doubt"],"damage_healed":0.0,"max_hp_gain":0.0,"max_hp_loss":0.0,"gold_gain":0.0,"event_name":"Golden Wing","player_choice":"Card Removal","floor":5.0,"gold_loss":0.0,"damage_taken":7.0}],"is_beta":false,"boss_relics":[{"not_picked":["HoveringKite","Ectoplasm"],"picked":"Philosopher\u0027s Stone"}],"items_purged_floors":[14],"is_endless":false,"potions_floor_spawned":[6,8,12,13,16,18],"killed_by":"Centurion and Healer","ascension_level":17}}