{"host":"hfxp6ue4pvwo3fit","time":1614202753,"event":{"mods":["AchievementEnabler","BaseMod","Colored Map","Colored Powertips","Highlight Path","Minty Spire (QoL Compilation)","Relic Stats","StSLib","SuperFastMode"],"gold_per_floor":[111,111,21,21,32,65,65,65,65],"floor_reached":8,"language":"ENG","playtime":307,"items_purged":[],"score":108,"play_id":"46784215-2718-4f67-a934-25323a5e2f53","local_time":"20210224153913","is_ascension_mode":true,"campfire_choices":[{"data":"Noxious Fumes","floor":7,"key":"SMITH"}],"circlet_count":0,"master_deck":["AscendersBane","Strike_G","Strike_G","Strike_G","Strike_G","Strike_G","Defend_G","Defend_G","Defend_G","Defend_G","Defend_G","Survivor","Neutralize","Master of Strategy","Well Laid Plans","Noxious Fumes+1","Blade Dance","Dagger Spray"],"relics":["Ring of the Snake","Bottled Tornado"],"acts_visited":["Exordium"],"potions_floor_usage":[8],"damage_taken":[{"damage":0,"enemies":"Small Slimes","floor":1,"turns":4},{"damage":1,"enemies":"2 Louse","floor":5,"turns":4},{"damage":39,"enemies":"Lagavulin","floor":6,"turns":9},{"damage":38,"enemies":"Gremlin Nob","floor":8,"turns":3}],"seed_played":"4646334178270431653","potions_obtained":[{"floor":1,"key":"ColorlessPotion"},{"floor":6,"key":"DuplicationPotion"}],"is_trial":false,"path_per_floor":["M","?","$","?","M","E","R","E"],"character_chosen":"THE_SILENT","items_purchased":["Noxious Fumes"],"campfire_rested":0,"item_purchase_floors":[3],"current_hp_per_floor":[59,59,59,64,63,24,24,0,0],"gold":65,"neow_bonus":"RANDOM_COLORLESS_2","is_daily":false,"chose_seed":false,"campfire_upgraded":1,"win_rate":0.0,"timestamp":1614202753,"path_taken":["M","?","$","?","M","E","R","E"],"items_purchased_type":["Card"],"build_version":"2020-12-22","purchased_purges":0,"victory":false,"max_hp_per_floor":[60,60,60,65,65,65,65,65,65],"relic_stats":{"counters":[4,20],"obtain_stats":[{"Bottled Tornado":6,"Ring of the Snake":0},{"Bottled Tornado":3,"Ring of the Snake":0},{"Bottled Tornado":17,"Ring of the Snake":0}],"Ring of the Snake":[8]},"card_choices":[{"not_picked":["Secret Weapon","Thinking Ahead"],"picked":"Master of Strategy","floor":0},{"not_picked":["Deflect","Bane"],"picked":"Well Laid Plans","floor":1},{"not_picked":["Poisoned Stab","Dagger Throw"],"picked":"Blade Dance","floor":5},{"not_picked":["Caltrops","Expertise"],"picked":"Dagger Spray","floor":6}],"player_experience":528951,"relics_obtained":[{"floor":6,"key":"Bottled Tornado"}],"event_choices":[{"damage_healed":0,"gold_gain":0,"player_choice":"Leave","damage_taken":0,"max_hp_gain":0,"max_hp_loss":0,"event_name":"The Cleric","floor":2,"gold_loss":0},{"damage_healed":0,"gold_gain":0,"player_choice":"Donut","damage_taken":0,"max_hp_gain":5,"max_hp_loss":0,"event_name":"Big Fish","floor":4,"gold_loss":0}],"is_beta":false,"boss_relics":[],"items_purged_floors":[],"is_endless":false,"potions_floor_spawned":[1,6],"killed_by":"Gremlin Nob","ascension_level":20}}