{"host":"jz4ul6vrcxqkcr33","time":1614128575,"event":{"mods":["BaseMod","Minty Spire (QoL Compilation)","StSLib"],"gold_per_floor":[116,116,128,145,160,186,186,212,260,260,276,32,32,57,57,157,157,167,167,181,191,203,203,67,67,118,118,130,161,161,193,193,297,297,311,330,330,1329,702,702,737,737,737,764,776,849,865,335,335,335,335,335,110,144,144],"floor_reached":56,"language":"ENG","playtime":7745,"items_purged":["Normality","Defend_R"],"score":1782,"play_id":"8c66d258-d8da-40e3-b817-611e4e37092e","local_time":"20210223200255","is_ascension_mode":true,"campfire_choices":[{"data":"Pommel Strike","floor":7.0,"key":"SMITH"},{"data":"Rupture","floor":10.0,"key":"SMITH"},{"floor":13.0,"key":"REST"},{"data":"Offering","floor":15.0,"key":"SMITH"},{"floor":23.0,"key":"REST"},{"floor":30.0,"key":"REST"},{"floor":32.0,"key":"REST"},{"floor":40.0,"key":"REST"},{"data":"Limit Break","floor":42.0,"key":"SMITH"},{"floor":49,"key":"RECALL"},{"data":"Offering","floor":52,"key":"SMITH"}],"circlet_count":0,"master_deck":["Strike_R","Strike_R","Defend_R","Defend_R","Defend_R","Bash","Offering+1","Flame Barrier","Bloodletting","Pommel Strike+1","Combust","Hemokinesis","Rupture+1","Cleave","Shrug It Off","Offering","Spot Weakness","Hemokinesis","Seeing Red","Disarm+1","Brutality","Impervious","Shrug It Off","Hemokinesis","Heavy Blade+1","Clothesline+1","Limit Break+1","Second Wind+1","Pummel+1","Shrug It Off","Reaper","Flame Barrier","Flame Barrier+1","Power Through+1","Offering+1","Pommel Strike","Bloodletting","Fiend Fire"],"relics":["Burning Blood","Bronze Scales","Self Forming Clay","Omamori","Pantograph","Bag of Preparation","SlaversCollar","Dream Catcher","WarpedTongs","Ornamental Fan","Tiny Chest","Mark of Pain","HandDrill","Ancient Tea Set","Bottled Lightning","Bag of Marbles","InkBottle","Ginger","HornCleat","ClockworkSouvenir","CaptainsWheel"],"acts_visited":["Exordium","TheCity","TheBeyond","TheEnding"],"potions_floor_usage":[55],"damage_taken":[{"damage":6.0,"enemies":"Small Slimes","floor":1.0,"turns":3.0},{"damage":6.0,"enemies":"Cultist","floor":3.0,"turns":3.0},{"damage":1.0,"enemies":"2 Louse","floor":4.0,"turns":2.0},{"damage":6.0,"enemies":"Lots of Slimes","floor":5.0,"turns":3.0},{"damage":30.0,"enemies":"3 Sentries","floor":6.0,"turns":9.0},{"damage":19.0,"enemies":"Gremlin Nob","floor":8.0,"turns":3.0},{"damage":7.0,"enemies":"3 Louse","floor":11.0,"turns":3.0},{"damage":13.0,"enemies":"3 Sentries","floor":14.0,"turns":3.0},{"damage":38.0,"enemies":"Hexaghost","floor":16.0,"turns":6.0},{"damage":14.0,"enemies":"Spheric Guardian","floor":18.0,"turns":3.0},{"damage":16.0,"enemies":"Chosen","floor":20.0,"turns":3.0},{"damage":14.0,"enemies":"Snecko","floor":21.0,"turns":3.0},{"damage":18.0,"enemies":"3 Cultists","floor":22.0,"turns":3.0},{"damage":3.0,"enemies":"Snake Plant","floor":25.0,"turns":2.0},{"damage":24.0,"enemies":"Centurion and Healer","floor":28.0,"turns":5.0},{"damage":14.0,"enemies":"Slavers","floor":29.0,"turns":4.0},{"damage":12.0,"enemies":"Book of Stabbing","floor":31.0,"turns":5.0},{"damage":31.0,"enemies":"Automaton","floor":33.0,"turns":6.0},{"damage":17.0,"enemies":"3 Shapes","floor":35.0,"turns":5.0},{"damage":19.0,"enemies":"3 Darklings","floor":36.0,"turns":4.0},{"damage":16.0,"enemies":"Giant Head","floor":41.0,"turns":5.0},{"damage":18,"enemies":"Reptomancer","floor":44,"turns":2},{"damage":11,"enemies":"4 Shapes","floor":45,"turns":3},{"damage":17,"enemies":"Transient","floor":47,"turns":5},{"damage":52,"enemies":"Time Eater","floor":50,"turns":7},{"damage":30,"enemies":"Shield and Spear","floor":54,"turns":4},{"damage":71,"enemies":"The Heart","floor":55,"turns":6}],"seed_played":"6839442793270240485","potions_obtained":[{"floor":1.0,"key":"BlessingOfTheForge"},{"floor":3.0,"key":"AttackPotion"},{"floor":5.0,"key":"GamblersBrew"},{"floor":11.0,"key":"SkillPotion"},{"floor":18.0,"key":"SmokeBomb"},{"floor":28.0,"key":"SpeedPotion"},{"floor":29.0,"key":"Dexterity Potion"},{"floor":33.0,"key":"LiquidMemories"},{"floor":36.0,"key":"Weak Potion"},{"floor":45,"key":"DistilledChaos"}],"is_trial":false,"path_per_floor":["M","?","M","M","M","E","R","E","T","R","M","$","R","E","R","B",null,"M","?","M","M","M","R","$","M","T","?","M","E","R","E","R","B",null,"M","M","?","?","$","R","E","R","T","E","M","T","M","$","R","B",null,"R","$","E","B",null],"character_chosen":"IRONCLAD","items_purchased":["Pantograph","Brutality","HandDrill","Ancient Tea Set","Bottled Lightning","HornCleat","Offering","Pommel Strike","ClockworkSouvenir","Bloodletting"],"campfire_rested":5,"item_purchase_floors":[12,24,39,39,39,48,48,48,53,53],"current_hp_per_floor":[72,72,72,77,77,53,53,40,40,40,39,39,63,56,56,48,72,64,64,54,46,34,58,58,61,61,61,43,35,59,53,77,55,74,63,50,50,50,50,74,64,64,64,52,80,80,80,80,80,49,72,72,72,52,31],"gold":144,"neow_bonus":"ONE_RANDOM_RARE_CARD","is_daily":false,"chose_seed":false,"campfire_upgraded":5,"win_rate":0.0,"timestamp":1614128575,"path_taken":["M","?","M","M","M","E","R","E","T","R","?","$","R","E","R","BOSS","M","?","?","M","M","R","$","M","T","?","M","E","R","E","R","BOSS","M","?","?","?","$","R","E","R","T","E","M","?","M","$","R","BOSS","R","$","E","BOSS"],"items_purchased_type":["Relic","Card","Relic","Relic","Relic","Relic","Card","Card","Relic","Card"],"build_version":"2020-12-13","purchased_purges":2,"victory":true,"max_hp_per_floor":[80,80,80,80,80,80,80,80,80,80,80,80,80,80,80,80,80,80,80,80,80,80,80,80,80,80,80,80,80,80,80,80,80,80,80,80,80,80,80,80,80,80,80,80,80,80,80,80,80,80,80,80,80,80,80],"card_choices":[{"not_picked":["Havoc","Cleave"],"picked":"Flame Barrier","floor":1.0},{"not_picked":["Clash","Heavy Blade"],"picked":"Bloodletting","floor":3.0},{"not_picked":["Inflame","Disarm"],"picked":"Pommel Strike","floor":4.0},{"not_picked":["Body Slam","Sword Boomerang"],"picked":"Combust","floor":5.0},{"not_picked":["Pommel Strike","Twin Strike"],"picked":"Hemokinesis","floor":6.0},{"not_picked":["Intimidate","Body Slam"],"picked":"Rupture","floor":8.0},{"not_picked":["Infernal Blade","Headbutt"],"picked":"Cleave","floor":11.0},{"not_picked":["Havoc","Twin Strike"],"picked":"Shrug It Off","floor":14.0},{"not_picked":["Barricade","Demon Form"],"picked":"Offering","floor":16.0},{"not_picked":["Anger","Infernal Blade"],"picked":"Spot Weakness","floor":18.0},{"not_picked":["Headbutt","Perfected Strike"],"picked":"Seeing Red","floor":20.0},{"not_picked":["Clothesline","Evolve"],"picked":"Disarm+1","floor":21.0},{"not_picked":["Warcry","Dark Embrace","Perfected Strike"],"picked":"SKIP","floor":22.0},{"not_picked":["Pommel Strike","Shrug It Off"],"picked":"Impervious","floor":28.0},{"not_picked":["Sever Soul","Havoc+1"],"picked":"Shrug It Off","floor":29.0},{"not_picked":["Clash","Pommel Strike"],"picked":"Hemokinesis","floor":30.0},{"not_picked":["Pommel Strike","Body Slam"],"picked":"Heavy Blade+1","floor":31.0},{"not_picked":["Body Slam+1","Wild Strike"],"picked":"Clothesline+1","floor":32.0},{"not_picked":["Fiend Fire","Impervious"],"picked":"Limit Break","floor":33.0},{"not_picked":["Perfected Strike","Reckless Charge"],"picked":"Second Wind+1","floor":35.0},{"not_picked":["Headbutt+1","Warcry+1"],"picked":"Pummel+1","floor":36.0},{"not_picked":["Perfected Strike+1","Anger"],"picked":"Shrug It Off","floor":40.0},{"not_picked":["Flex+1","Seeing Red+1"],"picked":"Reaper","floor":41.0},{"not_picked":["Ghostly Armor+1","Anger+1"],"picked":"Flame Barrier","floor":44},{"not_picked":["True Grit","Shockwave"],"picked":"Flame Barrier+1","floor":45},{"not_picked":["Clash+1","Pommel Strike"],"picked":"Power Through+1","floor":47},{"not_picked":["Body Slam","Infernal Blade"],"picked":"Fiend Fire","floor":54}],"player_experience":279069,"relics_obtained":[{"floor":6.0,"key":"Bronze Scales"},{"floor":8.0,"key":"Self Forming Clay"},{"floor":9.0,"key":"Omamori"},{"floor":14.0,"key":"Bag of Preparation"},{"floor":26.0,"key":"Dream Catcher"},{"floor":29.0,"key":"Ornamental Fan"},{"floor":31.0,"key":"Tiny Chest"},{"floor":41.0,"key":"Bag of Marbles"},{"floor":43,"key":"InkBottle"},{"floor":44,"key":"Ginger"},{"floor":54,"key":"CaptainsWheel"}],"event_choices":[{"cards_removed":["Strike_R"],"damage_healed":0.0,"max_hp_gain":0.0,"max_hp_loss":0.0,"gold_gain":0.0,"event_name":"Purifier","player_choice":"Purged","floor":2.0,"gold_loss":0.0,"damage_taken":0.0},{"damage_healed":0.0,"max_hp_gain":0.0,"max_hp_loss":0.0,"gold_gain":0.0,"cards_transformed":["Strike_R"],"event_name":"Transmorgrifier","player_choice":"Transformed","floor":19.0,"gold_loss":0.0,"damage_taken":0.0,"cards_obtained":["Hemokinesis"]},{"damage_healed":0.0,"max_hp_gain":0.0,"max_hp_loss":0.0,"gold_gain":0.0,"event_name":"Accursed Blacksmith","player_choice":"Rummage","floor":27.0,"gold_loss":0.0,"damage_taken":0.0,"relics_obtained":["WarpedTongs"],"cards_obtained":["Pain"]},{"cards_removed":["Strike_R"],"damage_healed":0.0,"max_hp_gain":0.0,"max_hp_loss":0.0,"gold_gain":0.0,"event_name":"Falling","player_choice":"Removed Attack","floor":37.0,"gold_loss":0.0,"damage_taken":0.0},{"damage_healed":0.0,"max_hp_gain":0.0,"max_hp_loss":0.0,"gold_gain":999.0,"event_name":"MindBloom","player_choice":"Gold","floor":38.0,"gold_loss":0.0,"damage_taken":0.0,"cards_obtained":["Normality","Normality"]}],"is_beta":false,"boss_relics":[{"not_picked":["Velvet Choker","Ectoplasm"],"picked":"SlaversCollar"},{"not_picked":["Sozu","Philosopher\u0027s Stone"],"picked":"Mark of Pain"}],"items_purged_floors":[39,48],"is_endless":false,"potions_floor_spawned":[1,3,5,11,18,28,29,33,36,41,45,47,54],"ascension_level":6}}