{"host":"5jzx1090woovszu4","time":1614131578,"event":{"mods":["BaseMod","Minty Spire (QoL Compilation)","Robot Space Explorer","Spicy Shops","StSLib","[GremlinLeader]The Maniac"],"gold_per_floor":[119,28,44,119,119,119,157,157,157,157,170,20,44,58,58,181,181,195,211,245,263,6,6,6,6,33,67,81,81,81,104,104,230,230,253,253,276,300,633,662,662,884,884,915,926,926,43,62,62,62],"floor_reached":51,"language":"ENG","playtime":2441,"items_purged":[],"score":1043,"play_id":"634f9c6b-7289-4efb-800d-8fb7a44be4eb","local_time":"20210224025258","is_ascension_mode":true,"campfire_choices":[{"floor":6,"key":"REST"},{"data":"RobotSpaceExplorer:DoubleBlock","floor":8,"key":"SMITH"},{"data":"RobotSpaceExplorer:Pulsar","floor":15,"key":"SMITH"},{"data":"RobotSpaceExplorer:PowerCollector","floor":23,"key":"SMITH"},{"floor":29,"key":"REST"},{"data":"RobotSpaceExplorer:Scan","floor":32,"key":"SMITH"},{"data":"RobotSpaceExplorer:MiniDrones","floor":41,"key":"SMITH"},{"data":"RobotSpaceExplorer:MiniDrones","floor":46,"key":"SMITH"},{"data":"RobotSpaceExplorer:MiniDrones","floor":49,"key":"SMITH"}],"circlet_count":0,"master_deck":["RobotSpaceExplorer:Strike+1","RobotSpaceExplorer:Strike+1","RobotSpaceExplorer:Strike+1","RobotSpaceExplorer:Strike+1","RobotSpaceExplorer:Defend+1","RobotSpaceExplorer:Defend+1","RobotSpaceExplorer:Defend+1","RobotSpaceExplorer:Defend+1","RobotSpaceExplorer:Scan+1","RobotSpaceExplorer:MiniLasers+1","CurseOfTheBell","RobotSpaceExplorer:DoubleBlock+1","RobotSpaceExplorer:MiniDrones+1","RobotSpaceExplorer:StarLightning+1","RobotSpaceExplorer:Probe","RobotSpaceExplorer:Pulsar+1","RobotSpaceExplorer:MiniDrones+1","RobotSpaceExplorer:Probe","RobotSpaceExplorer:PowerGlove+1","RobotSpaceExplorer:MiniDrones+1","RobotSpaceExplorer:PowerCollector+1","RobotSpaceExplorer:ScrapMissile","RobotSpaceExplorer:ScrapMissile","RobotSpaceExplorer:FranticSearch+1","RobotSpaceExplorer:Ammunition+1","RobotSpaceExplorer:MiniDrones","RobotSpaceExplorer:MiniDrones+1","RobotSpaceExplorer:Probe"],"relics":["Calling Bell","Boot","Gremlin Horn","RobotSpaceExplorer:RingOfTheNewt","Unceasing Top","FossilizedHelix","Oddly Smooth Stone","SlaversCollar","Red Mask","Mummified Hand","Tiny Chest","Mercury Hourglass","SacredBark","Nunchaku","Sundial","HornCleat","Whetstone","Lee\u0027s Waffle","RobotSpaceExplorer:PlasmaHourglass","RobotSpaceExplorer:ClockworkSextant","StrikeDummy"],"acts_visited":["Exordium","TheCity","TheBeyond"],"potions_floor_usage":[7,16,18,33,33,33,50],"damage_taken":[{"damage":0,"enemies":"Cultist","floor":1,"turns":4},{"damage":2,"enemies":"Jaw Worm","floor":3,"turns":4},{"damage":15,"enemies":"3 Sentries","floor":7,"turns":10},{"damage":0,"enemies":"Small Slimes","floor":11,"turns":3},{"damage":0,"enemies":"Red Slaver","floor":13,"turns":3},{"damage":0,"enemies":"Exordium Wildlife","floor":14,"turns":4},{"damage":1,"enemies":"The Guardian","floor":16,"turns":13},{"damage":0,"enemies":"Spheric Guardian","floor":18,"turns":5},{"damage":0,"enemies":"Chosen","floor":19,"turns":5},{"damage":0,"enemies":"Masked Bandits","floor":20,"turns":4},{"damage":0,"enemies":"Centurion and Healer","floor":21,"turns":6},{"damage":15,"enemies":"Slavers","floor":27,"turns":5},{"damage":12,"enemies":"Snake Plant","floor":28,"turns":4},{"damage":0,"enemies":"Cultist and Chosen","floor":31,"turns":5},{"damage":0,"enemies":"Automaton","floor":33,"turns":7},{"damage":9,"enemies":"3 Darklings","floor":35,"turns":3},{"damage":0,"enemies":"3 Shapes","floor":38,"turns":5},{"damage":5,"enemies":"Nemesis","floor":40,"turns":6},{"damage":3,"enemies":"Giant Head","floor":44,"turns":8},{"damage":0,"enemies":"Transient","floor":45,"turns":5},{"damage":0,"enemies":"Spire Growth","floor":48,"turns":4},{"damage":41,"enemies":"Time Eater","floor":50,"turns":10}],"seed_played":"-6581100131059669767","potions_obtained":[{"floor":1,"key":"Strength Potion"},{"floor":13,"key":"BlessingOfTheForge"},{"floor":14,"key":"Fruit Juice"},{"floor":19,"key":"Block Potion"},{"floor":27,"key":"RobotSpaceExplorer:RecyclePotion"},{"floor":28,"key":"CultistPotion"},{"floor":40,"key":"SmokeBomb"},{"floor":48,"key":"LiquidMemories"}],"is_trial":false,"path_per_floor":["M","$","M","?","?","R","E","R","T","?","M","$","M","M","R","B",null,"M","M","?","M","$","R","?","$","T","E","M","R","?","M","R","B",null,"M","?","T","M","?","E","R","?","T","E","M","R","$","M","R","B",null],"character_chosen":"RobotSpaceExplorer","items_purchased":["RobotSpaceExplorer:MiniDrones","RobotSpaceExplorer:StarLightning","Oddly Smooth Stone","Mummified Hand","Lee\u0027s Waffle","RobotSpaceExplorer:PlasmaHourglass","RobotSpaceExplorer:MiniDrones","RobotSpaceExplorer:Probe","RobotSpaceExplorer:ClockworkSextant","StrikeDummy"],"campfire_rested":2,"item_purchase_floors":[2,2,12,22,47,47,47,47,47,47],"current_hp_per_floor":[75,75,73,62,44,66,51,51,51,51,51,51,51,51,51,50,75,80,80,80,80,80,80,65,65,65,50,38,63,63,63,63,63,85,76,71,71,71,71,66,66,66,66,63,63,63,92,92,92,51],"gold":62,"neow_bonus":"BOSS_RELIC","is_daily":false,"chose_seed":false,"campfire_upgraded":7,"win_rate":0.0,"timestamp":1614131578,"path_taken":["M","?","?","?","?","R","E","R","T","?","M","$","M","M","R","BOSS","M","M","?","M","$","R","?","?","T","E","?","R","?","M","R","BOSS","M","?","?","M","?","E","R","?","T","E","M","R","$","M","R","BOSS"],"items_purchased_type":["Card","Card","Relic","Relic","Relic","Relic","Card","Card","Relic","Relic"],"build_version":"2020-12-22","purchased_purges":0,"victory":true,"max_hp_per_floor":[75,75,75,75,75,75,75,75,75,75,75,75,75,75,75,75,75,80,80,80,80,80,80,85,85,85,85,85,85,85,85,85,85,85,85,85,85,85,85,85,85,85,85,85,85,85,92,92,92,92],"card_choices":[{"not_picked":["RobotSpaceExplorer:LuckyStrike","RobotSpaceExplorer:Probe"],"picked":"RobotSpaceExplorer:DoubleBlock","floor":1},{"not_picked":["RobotSpaceExplorer:Reload","RobotSpaceExplorer:StunGrenade","RobotSpaceExplorer:Blitz"],"picked":"SKIP","floor":3},{"not_picked":["RobotSpaceExplorer:SurgingStrike","RobotSpaceExplorer:Electropulse","RobotSpaceExplorer:DualCore"],"picked":"SKIP","floor":7},{"not_picked":["RobotSpaceExplorer:Electroshield","RobotSpaceExplorer:Electropulse"],"picked":"RobotSpaceExplorer:Probe","floor":11},{"not_picked":["RobotSpaceExplorer:Ammunition","RobotSpaceExplorer:MakeshiftVolley"],"picked":"RobotSpaceExplorer:Pulsar","floor":13},{"not_picked":["RobotSpaceExplorer:Pulsar","RobotSpaceExplorer:FranticSearch"],"picked":"RobotSpaceExplorer:MiniDrones","floor":14},{"not_picked":["RobotSpaceExplorer:Ammunition","RobotSpaceExplorer:ShockKick+1"],"picked":"RobotSpaceExplorer:Probe","floor":18},{"not_picked":["RobotSpaceExplorer:StunGrenade","RobotSpaceExplorer:HighVoltage"],"picked":"RobotSpaceExplorer:PowerGlove+1","floor":19},{"not_picked":["RobotSpaceExplorer:Counterblock","RobotSpaceExplorer:Reload"],"picked":"RobotSpaceExplorer:MiniDrones","floor":20},{"not_picked":["RobotSpaceExplorer:BigMissile","RobotSpaceExplorer:SurgingShield"],"picked":"RobotSpaceExplorer:PowerCollector","floor":21},{"not_picked":["RobotSpaceExplorer:DroneSwarm","RobotSpaceExplorer:ShockKick"],"picked":"RobotSpaceExplorer:ScrapMissile","floor":27},{"not_picked":["RobotSpaceExplorer:MetalStrike+1","RobotSpaceExplorer:SlimeMissile"],"picked":"RobotSpaceExplorer:ScrapMissile","floor":28},{"not_picked":["RobotSpaceExplorer:SlimeMissile","RobotSpaceExplorer:FrostMissile+1","RobotSpaceExplorer:MetalStrike+1"],"picked":"SKIP","floor":31},{"not_picked":["RobotSpaceExplorer:GlueShot","RobotSpaceExplorer:GlueSpray"],"picked":"RobotSpaceExplorer:FranticSearch+1","floor":35},{"not_picked":["RobotSpaceExplorer:Counterblock","RobotSpaceExplorer:Discharger"],"picked":"RobotSpaceExplorer:Ammunition+1","floor":38},{"not_picked":["RobotSpaceExplorer:SlimeMissile","RobotSpaceExplorer:SwiftStep","RobotSpaceExplorer:Ammunition+1"],"picked":"SKIP","floor":40},{"not_picked":["RobotSpaceExplorer:SwiftStep","RobotSpaceExplorer:SelfCleaning+1","RobotSpaceExplorer:BigMissile"],"picked":"SKIP","floor":44},{"not_picked":["RobotSpaceExplorer:SlimeMissile+1","RobotSpaceExplorer:ScrapMissile"],"picked":"RobotSpaceExplorer:MiniDrones","floor":45},{"not_picked":["RobotSpaceExplorer:Pulsar","RobotSpaceExplorer:FranticSearch+1","RobotSpaceExplorer:ImprovisedAttack"],"picked":"SKIP","floor":48}],"player_experience":659300,"relics_obtained":[{"floor":0,"key":"Boot"},{"floor":0,"key":"Gremlin Horn"},{"floor":0,"key":"RobotSpaceExplorer:RingOfTheNewt"},{"floor":7,"key":"Unceasing Top"},{"floor":9,"key":"FossilizedHelix"},{"floor":20,"key":"Red Mask"},{"floor":26,"key":"Tiny Chest"},{"floor":27,"key":"Mercury Hourglass"},{"floor":37,"key":"Nunchaku"},{"floor":40,"key":"Sundial"},{"floor":43,"key":"HornCleat"},{"floor":44,"key":"Whetstone"}],"event_choices":[{"damage_healed":0,"gold_gain":75,"player_choice":"Gather Gold","damage_taken":11,"max_hp_gain":0,"max_hp_loss":0,"event_name":"World of Goop","floor":4,"gold_loss":0},{"damage_healed":0,"gold_gain":0,"player_choice":"Take Damage","damage_taken":18,"relics_obtained":["Golden Idol"],"max_hp_gain":0,"max_hp_loss":0,"event_name":"Golden Idol","floor":5,"gold_loss":0},{"damage_healed":0,"gold_gain":0,"player_choice":"Forge","damage_taken":0,"max_hp_gain":0,"max_hp_loss":0,"event_name":"Accursed Blacksmith","floor":10,"gold_loss":0,"cards_upgraded":["RobotSpaceExplorer:StarLightning"]},{"damage_healed":0,"gold_gain":0,"player_choice":"Fought Bandits","damage_taken":0,"max_hp_gain":0,"max_hp_loss":0,"event_name":"Masked Bandits","floor":20,"gold_loss":0},{"damage_healed":0,"gold_gain":0,"player_choice":"Shed Blood","damage_taken":20,"max_hp_gain":5,"max_hp_loss":0,"event_name":"Forgotten Altar","floor":24,"gold_loss":0},{"damage_healed":0,"gold_gain":0,"player_choice":"Simplicity","damage_taken":0,"max_hp_gain":0,"max_hp_loss":0,"event_name":"Back to Basics","floor":30,"gold_loss":0,"cards_upgraded":["RobotSpaceExplorer:Strike","RobotSpaceExplorer:Strike","RobotSpaceExplorer:Strike","RobotSpaceExplorer:Strike","RobotSpaceExplorer:Defend","RobotSpaceExplorer:Defend","RobotSpaceExplorer:Defend","RobotSpaceExplorer:Defend"]},{"damage_healed":0,"gold_gain":0,"player_choice":"Memory 2","damage_taken":5,"max_hp_gain":0,"max_hp_loss":0,"event_name":"SensoryStone","floor":36,"gold_loss":0},{"damage_healed":0,"gold_gain":333,"player_choice":"Gave Idol","damage_taken":0,"max_hp_gain":0,"max_hp_loss":0,"event_name":"The Moai Head","floor":39,"relics_lost":["Golden Idol"],"gold_loss":0},{"damage_healed":0,"gold_gain":222,"player_choice":"Wore Mask","damage_taken":0,"max_hp_gain":0,"max_hp_loss":0,"event_name":"Tomb of Lord Red Mask","floor":42,"gold_loss":0}],"is_beta":false,"boss_relics":[{"not_picked":["Runic Dome","Snecko Eye"],"picked":"SlaversCollar"},{"not_picked":["Sozu","Coffee Dripper"],"picked":"SacredBark"}],"items_purged_floors":[],"is_endless":false,"potions_floor_spawned":[1,13,14,19,27,28,40,48],"ascension_level":4}}