{"host":"Pascal","time":1614205212,"event":{"mods":["BaseMod","Googly Eyes","Minty Spire (QoL Compilation)","Permanent Neow","Relic Stats","StSLib"],"gold_per_floor":[112,131,145,24,24,59,59,71,71,71,71,89,154,172,172,274,274,294,294,47,47,47,47,79,105,105,134,9,9,28,40,40,139,139,149,100,100,112,131,159,159,434,434,452,470,78,78,95,95,95,95,95,22,49,49,49],"floor_reached":55,"language":"ENG","playtime":3853,"items_purged":["Parasite","Strike_R","Strike_R","True Grit"],"score":992,"play_id":"2244c265-3dcb-4a10-8c0b-2e2eccd8f985","local_time":"20210224232012","is_ascension_mode":true,"campfire_choices":[{"floor":7,"key":"REST"},{"floor":15,"key":"REST"},{"data":"Brutality","floor":23,"key":"SMITH"},{"floor":29,"key":"REST"},{"floor":32,"key":"REST"},{"data":"J.A.X.","floor":41,"key":"SMITH"},{"floor":47,"key":"RECALL"},{"data":"Ghostly Armor","floor":49,"key":"SMITH"},{"data":"Defend_R","floor":52,"key":"SMITH"}],"circlet_count":0,"master_deck":["Defend_R","Defend_R+1","Pummel","Spot Weakness","Ghostly Armor+1","Cleave","Pommel Strike+1","Sword Boomerang+1","Double Tap","Brutality+1","Pommel Strike+1","Pummel+1","Double Tap+1","Rupture+1","Sword Boomerang+1","Rupture+1","J.A.X.+1","Shrug It Off+1","Reaper+1","Heavy Blade+1","Pummel+1","Regret","Parasite","Bloodletting","Cleave+1","Ghostly Armor","Uppercut+1"],"relics":["Burning Blood","Molten Egg 2","Question Card","Centennial Puzzle","Astrolabe","DollysMirror","Pear","Red Mask","MealTicket","Cursed Key","Shuriken","Ornamental Fan","Blue Candle","Lantern"],"acts_visited":["Exordium","TheCity","TheBeyond","TheEnding"],"potions_floor_usage":[6,16,16,24,25,33,39,40,55],"damage_taken":[{"damage":13,"enemies":"Cultist","floor":1,"turns":5},{"damage":0,"enemies":"Small Slimes","floor":2,"turns":3},{"damage":10,"enemies":"Jaw Worm","floor":3,"turns":7},{"damage":70,"enemies":"Lagavulin","floor":6,"turns":11},{"damage":12,"enemies":"3 Louse","floor":8,"turns":4},{"damage":3,"enemies":"Exordium Thugs","floor":12,"turns":3},{"damage":34,"enemies":"Gremlin Nob","floor":13,"turns":5},{"damage":0,"enemies":"2 Fungi Beasts","floor":14,"turns":3},{"damage":47,"enemies":"Hexaghost","floor":16,"turns":11},{"damage":20,"enemies":"3 Byrds","floor":18,"turns":4},{"damage":15,"enemies":"Book of Stabbing","floor":24,"turns":4},{"damage":15,"enemies":"Masked Bandits","floor":25,"turns":3},{"damage":29,"enemies":"Slavers","floor":27,"turns":3},{"damage":4,"enemies":"Spheric Guardian","floor":30,"turns":2},{"damage":23,"enemies":"Snecko","floor":31,"turns":3},{"damage":54,"enemies":"Collector","floor":33,"turns":5},{"damage":32,"enemies":"Orb Walker","floor":35,"turns":4},{"damage":56,"enemies":"3 Darklings","floor":38,"turns":6},{"damage":28,"enemies":"Jaw Worm Horde","floor":39,"turns":4},{"damage":17,"enemies":"Giant Head","floor":40,"turns":5},{"damage":37,"enemies":"Spire Growth","floor":44,"turns":4},{"damage":17,"enemies":"Sphere and 2 Shapes","floor":45,"turns":3},{"damage":9,"enemies":"4 Shapes","floor":48,"turns":2},{"damage":127,"enemies":"Awakened One","floor":50,"turns":7},{"damage":9,"enemies":"Shield and Spear","floor":54,"turns":2},{"damage":122,"enemies":"The Heart","floor":55,"turns":3}],"seed_played":"-998303495020970868","potions_obtained":[{"floor":1,"key":"Regen Potion"},{"floor":12,"key":"ElixirPotion"},{"floor":14,"key":"Swift Potion"},{"floor":16,"key":"HeartOfIron"},{"floor":24,"key":"SteroidPotion"},{"floor":31,"key":"ColorlessPotion"},{"floor":38,"key":"CultistPotion"},{"floor":39,"key":"PowerPotion"},{"floor":54,"key":"Dexterity Potion"}],"is_trial":false,"path_per_floor":["M","M","M","$","?","E","R","M","T","?","$","M","?","M","R","B",null,"M","?","$","?","?","R","E","?","T","E","$","R","M","M","R","B",null,"M","$","?","M","M","E","R","?","T","M","M","$","R","M","R","B",null,"R","$","E","B"],"character_chosen":"IRONCLAD","items_purchased":["Cleave","DollysMirror","Heavy Blade+1","Blue Candle","Ghostly Armor"],"campfire_rested":4,"item_purchase_floors":[4,20,36,46,53],"current_hp_per_floor":[65,71,67,67,60,11,34,28,28,53,53,56,28,34,57,16,62,48,48,48,48,48,48,49,40,40,17,32,58,60,43,69,21,71,63,78,78,77,72,72,72,72,72,87,76,87,87,84,84,29,73,73,87,84,0,0],"gold":49,"neow_bonus":"TRANSFORM_TWO_CARDS","is_daily":false,"chose_seed":false,"campfire_upgraded":4,"win_rate":0.0,"timestamp":1614205212,"path_taken":["M","M","M","$","?","E","R","M","T","?","$","M","?","?","R","BOSS","M","?","$","?","?","R","E","?","T","E","?","R","M","M","R","BOSS","M","$","?","M","M","E","R","?","T","M","?","$","R","M","R","BOSS","R","$","E","BOSS"],"items_purchased_type":["Card","Relic","Card","Relic","Card"],"build_version":"2020-12-18","purchased_purges":4,"victory":false,"max_hp_per_floor":[80,80,80,77,77,77,77,77,77,77,77,77,77,77,77,77,77,77,77,77,77,77,77,87,87,87,87,87,87,87,87,87,87,87,87,87,87,87,87,87,87,87,87,87,87,87,87,87,87,87,87,87,87,87,87,87],"relic_stats":{"Centennial Puzzle":[54],"counters":[26,116],"Shuriken":[7],"Ornamental Fan":[28],"Astrolabe":["Pommel Strike","Pummel","Double Tap"],"Blue Candle":[5],"MealTicket":55,"Question Card":19,"Cursed Key":1,"obtain_stats":[{"Lantern":54,"Pear":24,"Astrolabe":17,"Blue Candle":46,"Question Card":9,"Cursed Key":34,"Burning Blood":0,"Centennial Puzzle":13,"DollysMirror":20,"Shuriken":40,"Ornamental Fan":43,"Molten Egg 2":6,"MealTicket":27,"Red Mask":25},{"Lantern":25,"Pear":11,"Astrolabe":9,"Blue Candle":22,"Question Card":5,"Cursed Key":16,"Burning Blood":0,"Centennial Puzzle":7,"DollysMirror":10,"Shuriken":20,"Ornamental Fan":20,"Molten Egg 2":4,"MealTicket":13,"Red Mask":12},{"Lantern":113,"Pear":60,"Astrolabe":52,"Blue Candle":102,"Question Card":30,"Cursed Key":76,"Burning Blood":0,"Centennial Puzzle":38,"DollysMirror":56,"Shuriken":95,"Ornamental Fan":95,"Molten Egg 2":26,"MealTicket":66,"Red Mask":63}],"Burning Blood":144},"card_choices":[{"not_picked":["Warcry","Seeing Red","Body Slam"],"picked":"SKIP","floor":1},{"not_picked":["Thunderclap","Dark Embrace"],"picked":"Spot Weakness","floor":2},{"not_picked":["Flame Barrier","Body Slam"],"picked":"Ghostly Armor","floor":3},{"not_picked":["Ghostly Armor","Corruption"],"picked":"Pommel Strike+1","floor":6},{"not_picked":["Anger+1","Body Slam+1"],"picked":"Rupture","floor":8},{"not_picked":["Anger+1","Iron Wave+1","Second Wind"],"picked":"Sword Boomerang+1","floor":12},{"not_picked":["Body Slam+1","Clash+1","Havoc"],"picked":"Double Tap","floor":14},{"not_picked":["Limit Break","Impervious","Feed+1"],"picked":"Brutality","floor":16},{"not_picked":["Heavy Blade+1","Shrug It Off","Flex"],"picked":"Rupture+1","floor":18},{"not_picked":["Sever Soul+1","Berserk","Body Slam+1","Anger+1"],"picked":"SKIP","floor":24},{"not_picked":["Cleave+1","Shockwave","True Grit+1"],"picked":"Shrug It Off+1","floor":25},{"not_picked":["Iron Wave+1","Armaments","Shockwave","Rupture"],"picked":"SKIP","floor":27},{"not_picked":["Wild Strike+1","Seeing Red+1","Thunderclap+1","Clothesline+1"],"picked":"SKIP","floor":30},{"not_picked":["Blood for Blood+1","Fire Breathing","Perfected Strike+1","Twin Strike+1"],"picked":"SKIP","floor":31},{"not_picked":["Corruption","Limit Break","Juggernaut"],"picked":"Reaper+1","floor":33},{"not_picked":["Body Slam+1","Sword Boomerang+1","True Grit","Twin Strike+1"],"picked":"SKIP","floor":35},{"not_picked":["Cleave+1","Warcry","Rampage+1"],"picked":"Pummel+1","floor":38},{"not_picked":["Headbutt+1","Anger+1","Inflame","Heavy Blade+1"],"picked":"SKIP","floor":39},{"not_picked":["Warcry","Clash+1","Entrench","Flame Barrier"],"picked":"SKIP","floor":40},{"not_picked":["Battle Trance+1","Dark Embrace","Wild Strike+1","Uppercut+1"],"picked":"SKIP","floor":44},{"not_picked":["Cleave+1","Havoc+1","Sword Boomerang+1"],"picked":"Bloodletting","floor":45},{"not_picked":["Clothesline+1","Battle Trance+1","Dropkick+1"],"picked":"Cleave+1","floor":48},{"not_picked":["Searing Blow+1","Rage+1","Wild Strike+1"],"picked":"Uppercut+1","floor":54}],"player_experience":206148,"relics_obtained":[{"floor":6,"key":"Molten Egg 2"},{"floor":9,"key":"Question Card"},{"floor":13,"key":"Centennial Puzzle"},{"floor":24,"key":"Pear"},{"floor":25,"key":"Red Mask"},{"floor":27,"key":"MealTicket"},{"floor":40,"key":"Shuriken"},{"floor":43,"key":"Ornamental Fan"},{"floor":54,"key":"Lantern"}],"event_choices":[{"cards_removed":["Defend_R"],"damage_healed":0,"gold_gain":0,"player_choice":"Card Removal","damage_taken":7,"max_hp_gain":0,"max_hp_loss":0,"event_name":"Golden Wing","floor":5,"gold_loss":0},{"damage_healed":25,"gold_gain":0,"player_choice":"Banana","damage_taken":0,"max_hp_gain":0,"max_hp_loss":0,"event_name":"Big Fish","floor":10,"gold_loss":0},{"damage_healed":0,"gold_gain":30,"player_choice":"Searched \u00273\u0027 times","damage_taken":0,"max_hp_gain":0,"max_hp_loss":0,"event_name":"Dead Adventurer","floor":13,"gold_loss":0},{"damage_healed":0,"gold_gain":0,"player_choice":"Read","damage_taken":0,"max_hp_gain":0,"max_hp_loss":0,"event_name":"The Library","floor":19,"gold_loss":0,"cards_obtained":["Sword Boomerang"]},{"damage_healed":0,"gold_gain":0,"player_choice":"Obtain J.A.X.","damage_taken":0,"max_hp_gain":0,"max_hp_loss":0,"event_name":"Drug Dealer","floor":21,"gold_loss":0,"cards_obtained":["J.A.X."]},{"damage_healed":0,"gold_gain":0,"player_choice":"Ignored","damage_taken":0,"max_hp_gain":0,"max_hp_loss":0,"event_name":"Cursed Tome","floor":22,"gold_loss":0},{"damage_healed":0,"gold_gain":0,"player_choice":"Fought Bandits","damage_taken":0,"max_hp_gain":0,"max_hp_loss":0,"event_name":"Masked Bandits","floor":25,"gold_loss":0},{"cards_removed":["Rupture"],"damage_healed":0,"gold_gain":0,"player_choice":"Removed Power","damage_taken":0,"max_hp_gain":0,"max_hp_loss":0,"event_name":"Falling","floor":37,"gold_loss":0},{"damage_healed":0,"gold_gain":275,"player_choice":"Desecrate","damage_taken":0,"max_hp_gain":0,"max_hp_loss":0,"event_name":"Golden Shrine","floor":42,"gold_loss":0,"cards_obtained":["Regret"]}],"is_beta":true,"boss_relics":[{"not_picked":["Mark of Pain","Black Star"],"picked":"Astrolabe"},{"not_picked":["Snecko Eye","Black Blood"],"picked":"Cursed Key"}],"items_purged_floors":[4,20,28,46],"is_endless":false,"potions_floor_spawned":[1,12,14,16,24,31,38,39,54],"killed_by":"The Heart","ascension_level":7}}