{"host":"bakf0s4odzu8z5xt","time":1614210643,"event":{"mods":["2.2 Compatiblity","BaseMod","Downfall","Friendly Minions","Minty Spire (QoL Compilation)","StSLib"],"gold_per_floor":[99,111,111,123,140,171,197,214,242,417,417,15,38,54,64,163,163,163,177,188,206,225,175,175,21,53,53,53,53],"floor_reached":27,"language":"ENG","playtime":1503,"items_purged":["Doubt","hexamod:Strike"],"score":338,"play_id":"5c10a250-9417-4795-bb64-3e5c8ff558a0","local_time":"20210224155043","is_ascension_mode":true,"campfire_choices":[{"data":"hexamod:Float","floor":1,"key":"SMITH"},{"data":"hexamod:FastForward","floor":11,"key":"SMITH"},{"data":"hexamod:SearingWound","floor":18,"key":"SMITH"}],"circlet_count":0,"master_deck":["hexamod:Strike","hexamod:Strike","hexamod:Defend","hexamod:Defend","hexamod:Defend","hexamod:Defend","hexamod:Sear","hexamod:Float+1","hexamod:FastForward+1","hexamod:SwordOfDarkness","hexamod:FlamesFromBeyond","hexamod:PhantomFireball","hexamod:VolcanoVisage","hexamod:Hexaguard","hexamod:AdvancingGuard","hexamod:SearingWound+1","hexamod:Firestarter","hexamod:SpectersWail","hexamod:ForkedFlame","hexamod:BurningTouch+1","hexamod:Hexaguard","hexamod:Hexaguard+1","hexamod:ParanormalForm","hexamod:StepThrough","hexamod:PowerFromBeyond","hexamod:GhostShield"],"relics":["hexamod:UnbrokenSoul","Dream Catcher","Pen Nib","Bag of Marbles","Singing Bowl","Art of War","Happy Flower","Boot","Sundial"],"acts_visited":["Exordium","TheCity"],"potions_floor_usage":[9,9,19,22,27],"damage_taken":[{"damage":8,"enemies":"Small Slimes","floor":2,"turns":4},{"damage":2,"enemies":"Jaw Worm","floor":4,"turns":2},{"damage":0,"enemies":"Cultist","floor":5,"turns":3},{"damage":20,"enemies":"3 Sentries","floor":6,"turns":7},{"damage":3,"enemies":"Blue Slaver","floor":8,"turns":3},{"damage":0,"enemies":"Gremlin Nob","floor":9,"turns":2},{"damage":10,"enemies":"downfall:FleeingMerchant","floor":12,"turns":4},{"damage":0,"enemies":"2 Fungi Beasts","floor":14,"turns":2},{"damage":0,"enemies":"Large Slime","floor":15,"turns":4},{"damage":21,"enemies":"IC_STATUS_ARCHETYPE","floor":16,"turns":6},{"damage":2,"enemies":"3 Byrds","floor":19,"turns":3},{"damage":0,"enemies":"Spheric Guardian","floor":20,"turns":3},{"damage":11,"enemies":"Snake Plant","floor":21,"turns":4},{"damage":3,"enemies":"Shelled Parasite and Fungi","floor":22,"turns":3},{"damage":8,"enemies":"downfall:FleeingMerchant","floor":25,"turns":4},{"damage":56,"enemies":"Gremlin Leader","floor":26,"turns":6},{"damage":6,"enemies":"Snecko","floor":27,"turns":2}],"seed_played":"-7263463445512239404","potions_obtained":[{"floor":4,"key":"Dexterity Potion"},{"floor":5,"key":"hexamod:SoulburnPotion"},{"floor":6,"key":"AttackPotion"},{"floor":8,"key":"GamblersBrew"},{"floor":15,"key":"AttackPotion"},{"floor":21,"key":"Slimebound:ThreeZeroPotion"},{"floor":26,"key":"hexamod:SoulburnPotion"}],"is_trial":false,"path_per_floor":["R","M","?","M","M","E","T","M","E","?","R","$","T","M","M","B",null,"R","M","M","M","M","?","T","$","E","M"],"character_chosen":"THE_SPIRIT","items_purchased":["hexamod:SearingWound","Art of War","hexamod:PowerFromBeyond"],"campfire_rested":0,"item_purchase_floors":[12,12,25],"current_hp_per_floor":[70,62,59,57,57,37,37,34,34,34,34,24,24,24,24,3,53,53,51,51,40,37,65,65,57,1,0,0,0],"gold":53,"neow_bonus":"TRANSFORM_CARD","is_daily":false,"chose_seed":false,"campfire_upgraded":3,"win_rate":0.0,"timestamp":1614210643,"path_taken":["R","M","?","M","M","E","T","M","E","?","R","$","?","M","M","BOSS","R","M","M","M","?","?","T","$","E","M"],"items_purchased_type":["Card","Relic","Card"],"build_version":"2020-12-22","purchased_purges":2,"victory":false,"max_hp_per_floor":[70,70,70,70,70,70,70,70,70,70,70,70,70,70,70,70,70,70,70,70,70,70,70,70,70,70,70,70,70],"card_choices":[{"not_picked":["hexamod:HauntingEcho","hexamod:GhostShield"],"picked":"hexamod:SwordOfDarkness","floor":2},{"not_picked":["hexamod:UnleashSpirits","hexamod:Incineration"],"picked":"hexamod:FlamesFromBeyond","floor":4},{"not_picked":["hexamod:NightmareStrike","hexamod:HeatCrush"],"picked":"hexamod:PhantomFireball","floor":5},{"not_picked":["hexamod:FirstSeal","hexamod:NightmareGuise"],"picked":"hexamod:VolcanoVisage","floor":6},{"not_picked":["hexamod:NightmareStrike","hexamod:SkipABeat","hexamod:FourthSeal"],"picked":"SKIP","floor":8},{"not_picked":["hexamod:SwordOfDarkness","hexamod:Firestarter"],"picked":"hexamod:Hexaguard","floor":9},{"not_picked":["hexamod:ThermalTransfer","hexamod:InspiringFlames"],"picked":"hexamod:AdvancingGuard","floor":12},{"not_picked":["hexamod:GhostShield","hexamod:AdvancingGuard"],"picked":"hexamod:Firestarter","floor":14},{"not_picked":["hexamod:ShieldOfDarkness","hexamod:ThirdSeal"],"picked":"hexamod:SpectersWail","floor":15},{"not_picked":["hexamod:ParanormalForm","hexamod:ApocalypseNow"],"picked":"hexamod:ForkedFlame","floor":16},{"not_picked":["hexamod:NightmareStrike","hexamod:PhantomFireball"],"picked":"hexamod:BurningTouch+1","floor":19},{"not_picked":["hexamod:InspiringFlames+1","hexamod:SwordOfDarkness"],"picked":"hexamod:Hexaguard","floor":20},{"not_picked":["hexamod:NightmareGuise+1","hexamod:NecessarySacrifice"],"picked":"hexamod:Hexaguard+1","floor":21},{"not_picked":["hexamod:HeatMetal","hexamod:Firestarter"],"picked":"hexamod:ParanormalForm","floor":22},{"not_picked":["hexamod:InspiringFlames+1","hexamod:FirstSeal"],"picked":"hexamod:StepThrough","floor":25},{"not_picked":["hexamod:GhostLash","hexamod:SpectralAdrenaline"],"picked":"hexamod:GhostShield","floor":26}],"player_experience":2264461,"relics_obtained":[{"floor":6,"key":"Pen Nib"},{"floor":7,"key":"Bag of Marbles"},{"floor":9,"key":"Singing Bowl"},{"floor":13,"key":"Happy Flower"},{"floor":24,"key":"Boot"},{"floor":26,"key":"Sundial"}],"event_choices":[{"damage_healed":0,"gold_gain":0,"player_choice":"Success","damage_taken":3,"relics_obtained":["Dream Catcher"],"max_hp_gain":0,"max_hp_loss":0,"event_name":"Scrap Ooze","floor":3,"gold_loss":0}],"is_beta":false,"boss_relics":[{"not_picked":["Fusion Hammer","SacredBark"],"picked":"hexamod:UnbrokenSoul"}],"items_purged_floors":[12,25],"is_endless":false,"potions_floor_spawned":[4,5,6,8,15,21,26],"killed_by":"Snecko","ascension_level":5}}