{"host":"050ensmz1fh1c58u","time":1614178388,"event":{"mods":["BaseMod","Downfall","Hubris","JesterMod","Minty Spire (QoL Compilation)","READ ME - Guardian Mod","StSLib","The Disciple","The Marked","The Necromancer","The Servant 0.9.4"],"gold_per_floor":[113,129,142,142,157,183,183,143,167,179,205,59,59,90,90,195,195,215,227,227,244,244,244,244,244],"floor_reached":24,"language":"ENG","playtime":1839,"items_purged":[],"score":266,"play_id":"cc02b7ac-ff6f-4be8-81cf-22b00d17cc43","local_time":"20210224155308","is_ascension_mode":false,"campfire_choices":[{"data":"jesterMod:Contradiction","floor":7,"key":"SMITH"},{"floor":13,"key":"REST"},{"floor":15,"key":"REST"},{"floor":23,"key":"REST"}],"circlet_count":0,"master_deck":["jesterMod:Strike","jesterMod:Strike","jesterMod:Strike","jesterMod:Strike","jesterMod:Sickle","jesterMod:Defend","jesterMod:Defend","jesterMod:Defend","jesterMod:Defend","jesterMod:Defend","jesterMod:Dodge","jesterMod:Contradiction+1","jesterMod:TrickyDodge","jesterMod:DesperateStrike","jesterMod:Discretion","jesterMod:Inspiration","jesterMod:Twirl","jesterMod:HitAndRun","jesterMod:Contradiction"],"relics":["jesterMod:JesterCap","NeowsBlessing","Vajra","Unceasing Top","Orichalcum","hubris:Potato","OrangePellets","StoneCalendar","hubris:CrackedHourglass"],"acts_visited":["Exordium","TheCity"],"potions_floor_usage":[6,6,6,10,11,24,24],"damage_taken":[{"damage":0,"enemies":"Jaw Worm","floor":1,"turns":1},{"damage":0,"enemies":"Cultist","floor":2,"turns":1},{"damage":0,"enemies":"2 Louse","floor":3,"turns":2},{"damage":11,"enemies":"2 Fungi Beasts","floor":5,"turns":5},{"damage":9,"enemies":"3 Sentries","floor":6,"turns":9},{"damage":7,"enemies":"Exordium Wildlife","floor":10,"turns":3},{"damage":14,"enemies":"Lagavulin","floor":11,"turns":7},{"damage":26,"enemies":"3 Sentries","floor":14,"turns":10},{"damage":0,"enemies":"Slime Boss","floor":16,"turns":7},{"damage":28,"enemies":"Shell Parasite","floor":18,"turns":7},{"damage":21,"enemies":"Spheric Guardian","floor":19,"turns":7},{"damage":21,"enemies":"Cultist and Chosen","floor":21,"turns":7},{"damage":75,"enemies":"Slavers","floor":24,"turns":4}],"seed_played":"1644957836241102780","potions_obtained":[{"floor":3,"key":"AttackPotion"},{"floor":5,"key":"EntropicBrew"},{"floor":6,"key":"champ:CounterPotion"},{"floor":10,"key":"SkillPotion"},{"floor":16,"key":"LiquidBronze"},{"floor":21,"key":"CultistPotion"}],"is_trial":false,"path_per_floor":["M","M","M","?","M","E","R","?","T","M","E","$","R","E","R","B",null,"M","M","?","M","?","R","E"],"character_chosen":"THE_JESTER","items_purchased":["OrangePellets"],"campfire_rested":3,"item_purchase_floors":[12],"current_hp_per_floor":[70,70,70,70,59,50,50,50,50,43,29,29,50,24,45,45,70,42,21,44,23,23,44,0,0],"gold":244,"neow_bonus":"THREE_ENEMY_KILL","is_daily":false,"chose_seed":false,"campfire_upgraded":1,"win_rate":0.0,"timestamp":1614178388,"path_taken":["M","M","M","?","?","E","R","?","T","M","E","$","R","E","R","BOSS","M","M","?","M","?","R","E"],"items_purchased_type":["Relic"],"build_version":"2020-12-22","purchased_purges":0,"victory":false,"max_hp_per_floor":[70,70,70,70,70,70,70,70,70,70,70,70,70,70,70,70,70,70,70,70,70,70,70,70,70],"card_choices":[{"not_picked":["jesterMod:SmokeScreen","jesterMod:Hide"],"picked":"jesterMod:Contradiction","floor":1},{"not_picked":["jesterMod:DancingMad","jesterMod:Haste"],"picked":"jesterMod:TrickyDodge","floor":2},{"not_picked":["jesterMod:Rebuff","jesterMod:Procrastination"],"picked":"jesterMod:DesperateStrike","floor":3},{"not_picked":["jesterMod:ButterKnife","jesterMod:Anticipation"],"picked":"jesterMod:Discretion","floor":5},{"not_picked":["jesterMod:JackInTheBox","jesterMod:Schizophrenia","jesterMod:Anticipation"],"picked":"SKIP","floor":6},{"not_picked":["jesterMod:Rebuff","jesterMod:Anticipation","jesterMod:Taunt"],"picked":"SKIP","floor":10},{"not_picked":["jesterMod:Illness","jesterMod:Finale"],"picked":"jesterMod:Inspiration","floor":11},{"not_picked":["jesterMod:Tinker","jesterMod:TrickyDodge","jesterMod:Rebuff"],"picked":"SKIP","floor":14},{"not_picked":["jesterMod:SelfMockery","jesterMod:Dilapidation"],"picked":"jesterMod:Twirl","floor":18},{"not_picked":["jesterMod:DaggerRain+1","jesterMod:Anticipation"],"picked":"jesterMod:HitAndRun","floor":19},{"not_picked":["jesterMod:Prankster","jesterMod:HitAndRun"],"picked":"jesterMod:Contradiction","floor":21}],"player_experience":1414844,"relics_obtained":[{"floor":6,"key":"Unceasing Top"},{"floor":9,"key":"Orichalcum"},{"floor":11,"key":"hubris:Potato"},{"floor":14,"key":"StoneCalendar"}],"event_choices":[{"damage_healed":0,"gold_gain":0,"player_choice":"Gave Potion","damage_taken":0,"relics_obtained":["Vajra"],"max_hp_gain":0,"max_hp_loss":0,"event_name":"WeMeetAgain","floor":4,"gold_loss":0},{"damage_healed":0,"gold_gain":0,"player_choice":"Left Gold","damage_taken":0,"max_hp_gain":0,"max_hp_loss":0,"event_name":"World of Goop","floor":8,"gold_loss":40},{"damage_healed":23,"gold_gain":0,"player_choice":"Heal","damage_taken":0,"max_hp_gain":0,"max_hp_loss":0,"event_name":"The Library","floor":20,"gold_loss":0},{"cards_removed":["jesterMod:Strike"],"damage_healed":0,"gold_gain":0,"player_choice":"Purged","damage_taken":0,"max_hp_gain":0,"max_hp_loss":0,"event_name":"Purifier","floor":22,"gold_loss":0}],"is_beta":false,"boss_relics":[{"not_picked":["Astrolabe","jesterMod:LoadedDice"],"picked":"hubris:CrackedHourglass"}],"items_purged_floors":[],"is_endless":false,"potions_floor_spawned":[3,5,6,10,16,21],"killed_by":"Slavers","ascension_level":0}}