{"host":"dhv3u8yhd2rnugsp","time":1614131196,"event":{"mods":["100% Spire Juice","BaseMod","Block Reminder","Colored Map","Googly Eyes","Highlight Path","Minty Spire (QoL Compilation)","Permanent Neow","Quick Restart","Random Character Button","StSLib"],"gold_per_floor":[119,132,132,149,46,63,63,92,92,92,92,125,125,137,137,214,214,230,430,444,456,471,502,502,534,834,848,848,417,417,433,433,433,433],"floor_reached":33,"language":"ENG","playtime":1298,"items_purged":["Strike_G","Strike_G"],"score":594,"play_id":"7396b226-6b09-43ff-a205-4adc1aa4d901","local_time":"20210223194636","is_ascension_mode":true,"campfire_choices":[{"data":"Deadly Poison","floor":7,"key":"SMITH"},{"data":"Deadly Poison","floor":10,"key":"SMITH"},{"data":"Crippling Poison","floor":13,"key":"SMITH"},{"data":"Neutralize","floor":15,"key":"SMITH"},{"data":"Wraith Form v2","floor":24,"key":"SMITH"},{"data":"Bouncing Flask","floor":28,"key":"SMITH"},{"data":"Noxious Fumes","floor":32,"key":"SMITH"}],"circlet_count":0,"master_deck":["AscendersBane","Strike_G","Strike_G","Defend_G","Defend_G","Defend_G+1","Defend_G","Defend_G","Survivor+1","Neutralize+1","Endless Agony","Crippling Poison+1","Calculated Gamble","Deadly Poison+1","Deadly Poison+1","Adrenaline","Acrobatics","Wraith Form v2+1","Distraction","Bouncing Flask+1","Sucker Punch","Flechettes+1","Backflip","Noxious Fumes+1"],"relics":["Ring of the Snake","War Paint","Anchor","HornCleat","Blue Candle","Philosopher\u0027s Stone","Lantern","MealTicket","Old Coin","Membership Card","Oddly Smooth Stone","Nunchaku"],"acts_visited":["Exordium","TheCity"],"potions_floor_usage":[16,16,20,23,23,25,33],"damage_taken":[{"damage":2,"enemies":"2 Louse","floor":1,"turns":3},{"damage":0,"enemies":"Cultist","floor":2,"turns":3},{"damage":1,"enemies":"Jaw Worm","floor":4,"turns":4},{"damage":0,"enemies":"Blue Slaver","floor":6,"turns":4},{"damage":14,"enemies":"Lagavulin","floor":8,"turns":6},{"damage":19,"enemies":"3 Sentries","floor":12,"turns":9},{"damage":0,"enemies":"Red Slaver","floor":14,"turns":3},{"damage":8,"enemies":"The Guardian","floor":16,"turns":7},{"damage":2,"enemies":"Chosen","floor":18,"turns":5},{"damage":0,"enemies":"2 Thieves","floor":20,"turns":3},{"damage":9,"enemies":"Chosen and Byrds","floor":21,"turns":4},{"damage":14,"enemies":"Centurion and Healer","floor":22,"turns":7},{"damage":10,"enemies":"Gremlin Leader","floor":23,"turns":6},{"damage":2,"enemies":"Book of Stabbing","floor":25,"turns":5},{"damage":0,"enemies":"Snecko","floor":27,"turns":4},{"damage":0,"enemies":"Snake Plant","floor":31,"turns":3},{"damage":73,"enemies":"Champ","floor":33,"turns":8}],"seed_played":"6576413535675578640","potions_obtained":[{"floor":8,"key":"CultistPotion"},{"floor":14,"key":"Regen Potion"},{"floor":16,"key":"AttackPotion"},{"floor":18,"key":"PowerPotion"},{"floor":21,"key":"Poison Potion"},{"floor":23,"key":"DistilledChaos"},{"floor":27,"key":"LiquidBronze"}],"is_trial":false,"path_per_floor":["M","M","?","M","$","M","R","E","T","R","$","E","R","M","R","B",null,"M","?","M","M","M","E","R","E","T","M","R","$","?","M","R","B"],"character_chosen":"THE_SILENT","items_purchased":["Deadly Poison","Membership Card","Oddly Smooth Stone","Regen Potion","Nunchaku"],"campfire_rested":0,"item_purchase_floors":[5,29,29,29,29],"current_hp_per_floor":[57,57,57,56,56,56,56,42,42,42,42,23,23,23,23,30,57,55,55,55,46,32,22,22,20,20,20,20,35,35,35,35,0,0],"gold":433,"neow_bonus":"RANDOM_COMMON_RELIC","is_daily":false,"chose_seed":false,"campfire_upgraded":7,"win_rate":0.0,"timestamp":1614131196,"path_taken":["M","M","?","M","?","M","R","E","T","R","$","E","R","M","R","BOSS","M","?","?","M","M","E","R","E","T","M","R","$","?","M","R","BOSS"],"items_purchased_type":["Card","Relic","Relic","Potion","Relic"],"build_version":"2020-12-22","purchased_purges":2,"victory":false,"max_hp_per_floor":[66,66,66,66,66,66,66,66,66,66,66,66,66,66,66,66,66,66,66,66,66,66,66,66,66,66,66,66,66,66,66,66,66,66],"card_choices":[{"not_picked":["Dodge and Roll","Prepared"],"picked":"Endless Agony","floor":1},{"not_picked":["Quick Slash","Poisoned Stab"],"picked":"Crippling Poison","floor":2},{"not_picked":["Acrobatics","Concentrate"],"picked":"Calculated Gamble","floor":4},{"not_picked":["Acrobatics","Poisoned Stab"],"picked":"Deadly Poison","floor":6},{"not_picked":["Riddle With Holes","Acrobatics","Underhanded Strike"],"picked":"SKIP","floor":8},{"not_picked":["Poisoned Stab","Tactician"],"picked":"Adrenaline","floor":12},{"not_picked":["Underhanded Strike","Dagger Spray"],"picked":"Acrobatics","floor":14},{"not_picked":["Bullet Time","Unload"],"picked":"Wraith Form v2","floor":16},{"not_picked":["Flying Knee","Backstab","Dagger Throw"],"picked":"SKIP","floor":18},{"not_picked":["Blade Dance","Flechettes"],"picked":"Distraction","floor":20},{"not_picked":["Deadly Poison","Cloak And Dagger"],"picked":"Bouncing Flask","floor":21},{"not_picked":["Skewer","Heel Hook"],"picked":"Sucker Punch","floor":22},{"not_picked":["Doppelganger","Escape Plan"],"picked":"Flechettes+1","floor":23},{"not_picked":["Poisoned Stab","Deflect"],"picked":"Backflip","floor":25},{"not_picked":["Dodge and Roll","Heel Hook","Quick Slash"],"picked":"SKIP","floor":27},{"not_picked":["Dodge and Roll","Heel Hook","Quick Slash"],"picked":"SKIP","floor":27},{"not_picked":["Cloak And Dagger","Sucker Punch","Poisoned Stab"],"picked":"SKIP","floor":31}],"player_experience":1678973,"relics_obtained":[{"floor":8,"key":"Anchor"},{"floor":9,"key":"HornCleat"},{"floor":12,"key":"Blue Candle"},{"floor":23,"key":"Lantern"},{"floor":25,"key":"MealTicket"},{"floor":26,"key":"Old Coin"}],"event_choices":[{"cards_removed":["Strike_G"],"damage_healed":0,"gold_gain":0,"player_choice":"Offered Basic","damage_taken":0,"max_hp_gain":0,"max_hp_loss":0,"event_name":"Bonfire Elementals","floor":3,"gold_loss":0},{"damage_healed":0,"gold_gain":200,"player_choice":"Gold","damage_taken":0,"max_hp_gain":0,"max_hp_loss":0,"event_name":"Wheel of Change","floor":19,"gold_loss":0},{"damage_healed":0,"gold_gain":0,"player_choice":"Read","damage_taken":0,"max_hp_gain":0,"max_hp_loss":0,"event_name":"The Library","floor":30,"gold_loss":0,"cards_obtained":["Noxious Fumes"]}],"is_beta":false,"boss_relics":[{"not_picked":["Busted Crown","Pandora\u0027s Box"],"picked":"Philosopher\u0027s Stone"}],"items_purged_floors":[5,29],"is_endless":false,"potions_floor_spawned":[8,14,16,18,21,23,27],"killed_by":"Champ","ascension_level":20}}