{"host":"rolltorest","time":1614138256,"event":{"mods":["BaseMod","Minty Spire (QoL Compilation)","Relic Stats","Slay the Relics Exporter","StSLib"],"gold_per_floor":[119,119,19,29,44,69,69,69,69],"floor_reached":8,"language":"ENG","playtime":238,"items_purged":["Strike_P"],"score":112,"play_id":"6126355f-7afb-4f09-ac33-5e07e44c05b9","local_time":"20210223194416","is_ascension_mode":true,"campfire_choices":[{"floor":7,"key":"REST"}],"circlet_count":0,"master_deck":["AscendersBane","Strike_P","Strike_P","Defend_P","Defend_P","Defend_P","Eruption","Vigilance","CrushJoints","SashWhip","CutThroughFate","Meditate","FlurryOfBlows"],"relics":["Empty Cage","Du-Vu Doll"],"acts_visited":["Exordium"],"potions_floor_usage":[],"damage_taken":[{"damage":6,"enemies":"Jaw Worm","floor":1,"turns":6},{"damage":4,"enemies":"2 Louse","floor":4,"turns":3},{"damage":9,"enemies":"Cultist","floor":5,"turns":3},{"damage":22,"enemies":"Lagavulin","floor":6,"turns":6},{"damage":32,"enemies":"3 Sentries","floor":8,"turns":6}],"seed_played":"4716624037473376046","potions_obtained":[{"floor":6,"key":"LiquidBronze"}],"is_trial":false,"path_per_floor":["M","?","$","M","M","E","R","E"],"character_chosen":"WATCHER","items_purchased":["SashWhip"],"campfire_rested":1,"item_purchase_floors":[3],"current_hp_per_floor":[55,55,55,51,42,20,40,8,8],"gold":69,"neow_bonus":"BOSS_RELIC","is_daily":false,"chose_seed":false,"campfire_upgraded":0,"win_rate":0.0,"timestamp":1614138256,"path_taken":["M","?","$","M","M","E","R","E"],"items_purchased_type":["Card"],"build_version":"2020-12-18","purchased_purges":1,"victory":false,"max_hp_per_floor":[68,68,68,68,68,68,68,68,68],"relic_stats":{"counters":[5,24],"obtain_stats":[{"Du-Vu Doll":6,"PureWater":0,"Empty Cage":0},{"Du-Vu Doll":4,"PureWater":0,"Empty Cage":0},{"Du-Vu Doll":18,"PureWater":0,"Empty Cage":0}]},"card_choices":[{"not_picked":["Protect","Prostrate"],"picked":"CrushJoints","floor":1},{"not_picked":["ClearTheMind","SashWhip"],"picked":"CutThroughFate","floor":4},{"not_picked":["Vengeance","Consecrate"],"picked":"Meditate","floor":5},{"not_picked":["ThirdEye","ConjureBlade"],"picked":"FlurryOfBlows","floor":6}],"player_experience":2028581,"relics_obtained":[{"floor":6,"key":"Du-Vu Doll"}],"event_choices":[{"damage_healed":0,"gold_gain":0,"player_choice":"Leave","damage_taken":0,"max_hp_gain":0,"max_hp_loss":0,"event_name":"The Cleric","floor":2,"gold_loss":0}],"is_beta":true,"boss_relics":[],"items_purged_floors":[3],"is_endless":false,"potions_floor_spawned":[6],"killed_by":"3 Sentries","ascension_level":20}}