{"host":"7fyy23rucerupe6i","time":1614143300,"event":{"mods":["AchievementEnabler","Act Like it!","Aspiration","BaseMod","Better Note","BetterRewards","Colored Map","Colored Powertips","Conspire","Curses Come First","Custom Start","Downfall","Googly Eyes","Marisa£®ÏF”Í°°ƒß¿Ì…≥£©","Minty Spire (QoL Compilation)","Quick Restart","Relic Stats","Shop Mod","ShortenTheSpire","Spicy Shops","StSLib","SuperFastMode","The Blackbeard","The Construct","The Cursed","The Senshi","The Servant 0.9.4"],"gold_per_floor":[111,125,125,139,139,139,139],"floor_reached":6,"language":"ZHS","playtime":249,"items_purged":["Defend_G"],"score":72,"play_id":"5fd477a5-dfd7-40bf-9aa6-dcc69173d0f3","local_time":"20210224130820","is_ascension_mode":true,"campfire_choices":[],"circlet_count":0,"master_deck":["AscendersBane","Strike_G","Strike_G","Strike_G","Strike_G","Defend_G","Defend_G","Defend_G","Defend_G","Survivor","Neutralize","Accuracy","Cloak And Dagger","Flying Knee","Acrobatics"],"relics":["Ring of the Snake","hexamod:BolsterEngine","Gremlin Horn"],"acts_visited":["Exordium"],"potions_floor_usage":[6],"damage_taken":[{"damage":5,"enemies":"Small Slimes","floor":1,"turns":4},{"damage":0,"enemies":"2 Louse","floor":2,"turns":3},{"damage":0,"enemies":"Jaw Worm","floor":4,"turns":3},{"damage":0,"enemies":"3 Sentries","floor":6,"turns":2}],"seed_played":"2612340956446580538","potions_obtained":[{"floor":1,"key":"EssenceOfSteel"},{"floor":2,"key":"Weak Potion"}],"is_trial":false,"path_per_floor":["M","M","?","M","?","E"],"character_chosen":"THE_SILENT","items_purchased":["Accuracy","Cloak And Dagger","Flying Knee","hexamod:BolsterEngine","Gremlin Horn","Acrobatics"],"campfire_rested":0,"item_purchase_floors":[0,0,0,0,0,0],"current_hp_per_floor":[23,23,16,16,16,16,16],"gold":139,"neow_bonus":"","is_daily":false,"chose_seed":false,"campfire_upgraded":0,"win_rate":0.0,"timestamp":1614143300,"path_taken":["M","M","?","M","?","E"],"items_purchased_type":["Card","Card","Card","Relic","Relic","Card"],"build_version":"2020-12-22","purchased_purges":1,"victory":false,"max_hp_per_floor":[66,66,66,66,66,66,66],"relic_stats":{"Gremlin Horn":[2,2],"counters":[36,103],"obtain_stats":[{"Regal Pillow":0,"aspiration:Lifesprig":30,"Gremlin Horn":0,"CeramicFish":9,"Vajra":41,"Snake Skull":20,"Bag of Preparation":20,"Whetstone":0,"Bottled Tornado":26,"ClockworkSouvenir":20,"Sozu":34,"Centennial Puzzle":44,"Nunchaku":54,"TheAbacus":0,"HornCleat":39,"Matryoshka":0,"DollysMirror":5,"aspiration:AnachronicSnailShell":0,"HandDrill":5,"Red Mask":24,"Ring of the Snake":0,"Potion Belt":42,"MerchantsRug":5,"champ:Barbells":54,"Happy Flower":5,"aspiration:FetidBarrel":25,"Astrolabe":17,"bronze:DecasWashers":29,"Thread and Needle":8,"PreservedInsect":10,"The Courier":28,"Pen Nib":54,"conspire:Boomerang":55,"Akabeko":5,"bronze:BronzeIdol":12,"Cauldron":30,"Bottled Flame":19,"Anchor":39,"Shuriken":0,"Ornamental Fan":31,"Bird Faced Urn":48,"Bronze Scales":54,"Bag of Marbles":30,"Membership Card":0,"hexamod:BolsterEngine":0,"FossilizedHelix":0},{"Regal Pillow":0,"aspiration:Lifesprig":17,"Gremlin Horn":32,"CeramicFish":5,"Vajra":24,"Snake Skull":11,"Bag of Preparation":11,"Whetstone":0,"Bottled Tornado":15,"ClockworkSouvenir":11,"Sozu":19,"Centennial Puzzle":25,"Nunchaku":30,"TheAbacus":0,"HornCleat":23,"Matryoshka":32,"DollysMirror":3,"aspiration:AnachronicSnailShell":0,"HandDrill":3,"Red Mask":14,"Ring of the Snake":0,"Potion Belt":24,"MerchantsRug":3,"champ:Barbells":30,"Happy Flower":3,"aspiration:FetidBarrel":15,"Astrolabe":9,"bronze:DecasWashers":17,"Thread and Needle":5,"PreservedInsect":5,"The Courier":16,"Pen Nib":30,"conspire:Boomerang":31,"Akabeko":3,"bronze:BronzeIdol":7,"Cauldron":17,"Bottled Flame":11,"Anchor":23,"Shuriken":0,"Ornamental Fan":18,"Bird Faced Urn":28,"Bronze Scales":30,"Bag of Marbles":17,"Membership Card":0,"hexamod:BolsterEngine":32,"FossilizedHelix":0},{"Regal Pillow":0,"aspiration:Lifesprig":54,"Gremlin Horn":91,"CeramicFish":16,"Vajra":68,"Snake Skull":39,"Bag of Preparation":39,"Whetstone":0,"Bottled Tornado":47,"ClockworkSouvenir":39,"Sozu":58,"Centennial Puzzle":70,"Nunchaku":84,"TheAbacus":0,"HornCleat":65,"Matryoshka":91,"DollysMirror":10,"aspiration:AnachronicSnailShell":0,"HandDrill":10,"Red Mask":46,"Ring of the Snake":0,"Potion Belt":68,"MerchantsRug":10,"champ:Barbells":84,"Happy Flower":10,"aspiration:FetidBarrel":47,"Astrolabe":31,"bronze:DecasWashers":54,"Thread and Needle":16,"PreservedInsect":16,"The Courier":52,"Pen Nib":84,"conspire:Boomerang":87,"Akabeko":10,"bronze:BronzeIdol":23,"Cauldron":54,"Bottled Flame":39,"Anchor":65,"Shuriken":0,"Ornamental Fan":55,"Bird Faced Urn":75,"Bronze Scales":84,"Bag of Marbles":54,"Membership Card":0,"hexamod:BolsterEngine":91,"FossilizedHelix":0}],"Ring of the Snake":[72]},"card_choices":[{"not_picked":["Quick Slash","Sucker Punch","Deflect"],"picked":"SKIP","floor":1},{"not_picked":["Reflex","Poisoned Stab","Underhanded Strike"],"picked":"SKIP","floor":2},{"not_picked":["Tactician","Distraction","Underhanded Strike"],"picked":"SKIP","floor":4}],"player_experience":604901,"relics_obtained":[],"event_choices":[{"cards_removed":["Strike_G"],"damage_healed":0,"gold_gain":0,"player_choice":"Card Removal","damage_taken":7,"max_hp_gain":0,"max_hp_loss":0,"event_name":"Golden Wing","floor":3,"gold_loss":0},{"damage_healed":0,"gold_gain":0,"player_choice":"Fled","damage_taken":0,"max_hp_gain":0,"max_hp_loss":0,"event_name":"Scrap Ooze","floor":5,"gold_loss":0}],"is_beta":false,"boss_relics":[],"items_purged_floors":[0],"is_endless":false,"potions_floor_spawned":[1,2],"killed_by":"3 Sentries","ascension_level":20}}