{"host":"5tzvto3beate6p8b","time":1614149637,"event":{"mods":["BaseMod","Colored Map","DeckTracker","Minty Spire (QoL Compilation)","Relic Stats","StSLib","SuperFastMode"],"gold_per_floor":[109,259,0,0,0,0,26,26,49,24,24,24,53,63,63,141,141,159,173,12,12,26,26,26,57,84,59,74,48,48,58,58,130,130,142,4,19,44,44,44,79,79,79,92,110,0,19,37,37,37,37],"floor_reached":50,"language":"JPN","playtime":2102,"items_purged":["Doubt"],"score":1163,"play_id":"403397b6-3402-4f37-a36d-5af349039a47","local_time":"20210224155357","is_ascension_mode":true,"campfire_choices":[{"data":"Defragment","floor":6.0,"key":"SMITH"},{"data":"Streamline","floor":8.0,"key":"SMITH"},{"data":"Ball Lightning","floor":11.0,"key":"SMITH"},{"data":"Zap","floor":12.0,"key":"SMITH"},{"data":"Coolheaded","floor":15.0,"key":"SMITH"},{"data":"Defragment","floor":23.0,"key":"SMITH"},{"data":"Dualcast","floor":24.0,"key":"SMITH"},{"data":"Defragment","floor":30.0,"key":"SMITH"},{"floor":32.0,"key":"REST"},{"floor":40.0,"key":"REST"},{"data":"Storm","floor":42.0,"key":"SMITH"},{"floor":49,"key":"REST"}],"circlet_count":0,"master_deck":["AscendersBane","Zap+1","Dualcast+1","Ball Lightning+1","Defragment+1","Coolheaded+1","Streamline+1","Cold Snap","Core Surge","Undo","Echo Form","Defragment+1","Melter","Conserve Battery+1","Defragment+1","Hologram","Melter","Coolheaded","Electrodynamics","Force Field","Echo Form","Thunder Strike","Tempest","Melter","Ball Lightning","Thunder Strike","Hello World","Heatsinks","Double Energy+1","Storm+1","Stack","Defragment+1","Coolheaded","Capacitor","Leap+1","Turbo+1","Capacitor","Stack","Conserve Battery+1","Stack+1"],"relics":["Cracked Core","NeowsBlessing","WingedGreaves","Dream Catcher","Omamori","Cursed Key","Lee\u0027s Waffle","FossilizedHelix","Sundial","Pandora\u0027s Box","Gambling Chip","Vajra","Red Mask"],"acts_visited":["Exordium","TheCity","TheBeyond"],"potions_floor_usage":[50,50],"damage_taken":[{"damage":0.0,"enemies":"Small Slimes","floor":1.0,"turns":1.0},{"damage":0.0,"enemies":"Lagavulin","floor":7.0,"turns":1.0},{"damage":0.0,"enemies":"Gremlin Nob","floor":13.0,"turns":1.0},{"damage":7.0,"enemies":"Jaw Worm","floor":14.0,"turns":2.0},{"damage":36.0,"enemies":"Hexaghost","floor":16.0,"turns":10.0},{"damage":37.0,"enemies":"2 Thieves","floor":18.0,"turns":4.0},{"damage":18.0,"enemies":"3 Byrds","floor":19.0,"turns":5.0},{"damage":1.0,"enemies":"Centurion and Healer","floor":22.0,"turns":7.0},{"damage":18.0,"enemies":"Book of Stabbing","floor":25.0,"turns":6.0},{"damage":30.0,"enemies":"Shelled Parasite and Fungi","floor":28.0,"turns":4.0},{"damage":2.0,"enemies":"Cultist and Chosen","floor":31.0,"turns":7.0},{"damage":13.0,"enemies":"Champ","floor":33.0,"turns":11.0},{"damage":0.0,"enemies":"3 Shapes","floor":35.0,"turns":4.0},{"damage":40.0,"enemies":"3 Darklings","floor":37.0,"turns":3.0},{"damage":0.0,"enemies":"Mind Bloom Boss Battle","floor":38.0,"turns":6.0},{"damage":0.0,"enemies":"Giant Head","floor":41.0,"turns":5.0},{"damage":17.0,"enemies":"Jaw Worm Horde","floor":44.0,"turns":3.0},{"damage":9.0,"enemies":"4 Shapes","floor":45.0,"turns":2.0},{"damage":7,"enemies":"Transient","floor":47,"turns":6},{"damage":14,"enemies":"Jaw Worm Horde","floor":48,"turns":3},{"damage":33,"enemies":"Donu and Deca","floor":50,"turns":3}],"seed_played":"-5460414031369002667","potions_obtained":[{"floor":1.0,"key":"DistilledChaos"},{"floor":18.0,"key":"Weak Potion"},{"floor":19.0,"key":"Block Potion"},{"floor":31.0,"key":"SkillPotion"},{"floor":33.0,"key":"Weak Potion"},{"floor":37.0,"key":"ColorlessPotion"},{"floor":47,"key":"Dexterity Potion"}],"is_trial":false,"path_per_floor":["M","?","$","?","$","R","E","R","T","$","R","R","E","M","R","B",null,"M","M","$","T","M","R","R","E","T","$","M","$","R","M","R","B",null,"M","$","M","?","$","R","E","R","T","M","M","?","M","M","R","B"],"character_chosen":"DEFECT","items_purchased":["Defragment","Coolheaded","Strength Potion","Cold Snap","Lee\u0027s Waffle","Hologram","Coolheaded","Storm","Stack"],"campfire_rested":3,"item_purchase_floors":[3,3,3,10,20,27,29,36,36],"current_hp_per_floor":[64,64,64,57,57,57,57,57,57,57,57,57,57,50,50,14,57,20,2,78,78,77,77,77,59,59,59,29,29,29,27,50,37,68,68,68,28,28,28,51,51,51,51,34,25,25,18,4,27,0,0],"gold":37,"neow_bonus":"THREE_ENEMY_KILL","is_daily":false,"chose_seed":false,"campfire_upgraded":9,"win_rate":0.0,"timestamp":1614149637,"path_taken":["M","?","$","?","?","R","E","R","T","?","R","R","E","?","R","BOSS","M","M","$","?","M","R","R","E","T","?","?","$","R","M","R","BOSS","M","$","M","?","$","R","E","R","T","M","M","?","M","M","R","BOSS"],"items_purchased_type":["Card","Card","Potion","Card","Relic","Card","Card","Card","Card"],"build_version":"2020-12-22","purchased_purges":1,"victory":false,"max_hp_per_floor":[71,71,71,71,71,71,71,71,71,71,71,71,71,71,71,71,71,71,71,78,78,78,78,78,78,78,78,78,78,78,78,78,78,78,78,78,78,78,78,78,78,78,78,78,78,78,78,78,78,78,78],"relic_stats":{"Dream Catcher":3,"Lee\u0027s Waffle":76,"counters":[21,94],"Sundial":[2],"Gambling Chip":[18],"Pandora\u0027s Box":["Thunder Strike","Tempest","Melter","Ball Lightning","Thunder Strike","Hello World","Heatsinks"],"Cursed Key":2,"obtain_stats":[{"Lee\u0027s Waffle":20,"NeowsBlessing":0,"Vajra":41,"Omamori":13,"Cursed Key":17,"Dream Catcher":9,"Sundial":25,"Gambling Chip":38,"Pandora\u0027s Box":34,"WingedGreaves":7,"Red Mask":46,"Cracked Core":0,"FossilizedHelix":21},{"Lee\u0027s Waffle":7,"NeowsBlessing":0,"Vajra":16,"Omamori":3,"Cursed Key":5,"Dream Catcher":2,"Sundial":9,"Gambling Chip":15,"Pandora\u0027s Box":12,"WingedGreaves":2,"Red Mask":18,"Cracked Core":0,"FossilizedHelix":7},{"Lee\u0027s Waffle":24,"NeowsBlessing":0,"Vajra":77,"Omamori":3,"Cursed Key":15,"Dream Catcher":2,"Sundial":37,"Gambling Chip":72,"Pandora\u0027s Box":59,"WingedGreaves":2,"Red Mask":82,"Cracked Core":0,"FossilizedHelix":24}]},"card_choices":[{"not_picked":["Double Energy","Tempest"],"picked":"Ball Lightning","floor":1.0},{"not_picked":["Beam Cell","Hologram"],"picked":"Streamline","floor":7.0},{"not_picked":["Conserve Battery","Undo"],"picked":"Core Surge","floor":13.0},{"not_picked":["Steam","Conserve Battery"],"picked":"Undo","floor":14.0},{"not_picked":["Seek","Multi-Cast"],"picked":"Echo Form","floor":16.0},{"not_picked":["Streamline","Coolheaded"],"picked":"Defragment","floor":18.0},{"not_picked":["Rebound","Turbo"],"picked":"Melter","floor":19.0},{"not_picked":["Doom and Gloom","Ball Lightning"],"picked":"Conserve Battery+1","floor":22.0},{"not_picked":["Barrage","Chaos"],"picked":"Defragment","floor":25.0},{"not_picked":["Hello World+1","Beam Cell"],"picked":"Melter","floor":28.0},{"not_picked":["Redo","Reprogram"],"picked":"Electrodynamics","floor":31.0},{"not_picked":["Gash","Sweeping Beam"],"picked":"Force Field","floor":32.0},{"not_picked":["Electrodynamics","Fission"],"picked":"Echo Form","floor":33.0},{"not_picked":["Beam Cell+1","Rebound"],"picked":"Double Energy+1","floor":35.0},{"not_picked":["Steam+1","Rip and Tear"],"picked":"Defragment+1","floor":37.0},{"not_picked":["Sweeping Beam","Ball Lightning+1"],"picked":"Coolheaded","floor":38.0},{"not_picked":["Fusion","Coolheaded+1"],"picked":"Capacitor","floor":40.0},{"not_picked":["FTL","Chaos"],"picked":"Leap+1","floor":41.0},{"not_picked":["Rainbow","Streamline"],"picked":"Turbo+1","floor":44.0},{"not_picked":["Stack+1","FTL"],"picked":"Capacitor","floor":45.0},{"not_picked":["Reprogram","Rebound"],"picked":"Stack","floor":47},{"not_picked":["Steam","Rebound+1"],"picked":"Conserve Battery+1","floor":48},{"not_picked":["Sweeping Beam","Go for the Eyes"],"picked":"Stack+1","floor":49}],"player_experience":849072,"relics_obtained":[{"floor":7.0,"key":"WingedGreaves"},{"floor":9.0,"key":"Dream Catcher"},{"floor":13.0,"key":"Omamori"},{"floor":21.0,"key":"FossilizedHelix"},{"floor":25.0,"key":"Sundial"},{"floor":38.0,"key":"Gambling Chip"},{"floor":41.0,"key":"Vajra"}],"event_choices":[{"damage_healed":0.0,"max_hp_gain":0.0,"max_hp_loss":0.0,"gold_gain":150.0,"event_name":"Liars Game","player_choice":"AGREE","floor":2.0,"gold_loss":0.0,"damage_taken":0.0,"cards_obtained":["Doubt"]},{"cards_removed":["Strike_B"],"damage_healed":0.0,"max_hp_gain":0.0,"max_hp_loss":0.0,"gold_gain":0.0,"event_name":"Golden Wing","player_choice":"Card Removal","floor":4.0,"gold_loss":0.0,"damage_taken":7.0},{"damage_healed":0.0,"max_hp_gain":0.0,"max_hp_loss":0.0,"gold_gain":0.0,"event_name":"MindBloom","player_choice":"Fight","floor":38.0,"gold_loss":0.0,"damage_taken":0.0},{"damage_healed":0.0,"max_hp_gain":0.0,"max_hp_loss":0.0,"gold_gain":0.0,"event_name":"Tomb of Lord Red Mask","player_choice":"Paid","floor":46.0,"gold_loss":110.0,"damage_taken":0.0,"relics_obtained":["Red Mask"]}],"is_beta":false,"boss_relics":[{"not_picked":["Coffee Dripper","Philosopher\u0027s Stone"],"picked":"Cursed Key"},{"not_picked":["Busted Crown","SlaversCollar"],"picked":"Pandora\u0027s Box"}],"items_purged_floors":[3],"is_endless":false,"potions_floor_spawned":[1,18,19,31,33,37,38,47],"killed_by":"Donu and Deca","ascension_level":19}}