{"host":"d02vqrhhew441p6s","time":1614202784,"event":{"mods":["BaseMod","Duelist Mod","Hubris","Infinite Spire","Minty Spire (QoL Compilation)","StSLib"],"gold_per_floor":[138,152,152,164,164,164,223,257,257,257,257,273,273,289,289,391,391,402,402,402,44,61,61,87,87,87,122,122,142,158,158,158],"floor_reached":31,"language":"ENG","playtime":2662,"items_purged":["theDuelist:Sparks"],"score":539,"play_id":"345b5077-75ab-4b00-b52a-1b04ef62c73b","local_time":"20210224223944","is_ascension_mode":true,"campfire_choices":[{"data":"theDuelist:Mountain","floor":6,"key":"SMITH"},{"floor":11,"key":"REST"},{"data":"theDuelist:TyrantWing","floor":13,"key":"SMITH"},{"data":"infinitespire:Execution","floor":15,"key":"SMITH"},{"data":"theDuelist:Nameless:War:MaskedDragon","floor":23,"key":"SMITH"},{"floor":28,"key":"REST"}],"circlet_count":0,"master_deck":["AscendersBane","theDuelist:BabyDragon","theDuelist:BloodSparks","theDuelist:CastleWalls","theDuelist:CastleWalls","theDuelist:CaveDragon","theDuelist:CaveDragon","theDuelist:LesserDragon","theDuelist:LesserDragon","theDuelist:YamataDragon","theDuelist:BurstBreath","theDuelist:Mountain+1","theDuelist:BackgroundDragon","infinitespire:Execution+1","theDuelist:TyrantWing+1","theDuelist:RainbowOverdragon","theDuelist:TwinHeadedFire","theDuelist:ArmageddonDragonEmp","theDuelist:DragonCaptureJar","theDuelist:Nameless:War:MaskedDragon+1","theDuelist:SilverDragon+1","theDuelist:FiveHeaded","theDuelist:AncientPixieDragon+1","hubris:Wrath","theDuelist:CyberEltanin+1","theDuelist:SnowDragon+1","theDuelist:Raigeki"],"relics":["theDuelist:MillenniumPuzzle","theDuelist:CardPoolRelic","theDuelist:CardPoolBasicRelic","theDuelist:BoosterPackPoolRelic","theDuelist:CardPoolAddRelic","theDuelist:CardPoolMinusRelic","theDuelist:CardPoolSaveRelic","theDuelist:CardPoolOptionsRelic","infinitespire:Lucky Rock","hubris:PeanutButter","hubris:MysteriousPyramids","Blue Candle","Cursed Key","Toxic Egg 2","hubris:Potato","Dream Catcher"],"acts_visited":["Exordium","TheCity"],"potions_floor_usage":[14,24,27,27,29],"damage_taken":[{"damage":0,"enemies":"2 Louse","floor":1,"turns":2},{"damage":0,"enemies":"Jaw Worm","floor":2,"turns":1},{"damage":0,"enemies":"Cultist","floor":4,"turns":2},{"damage":15,"enemies":"Lagavulin Event","floor":7,"turns":6},{"damage":37,"enemies":"3 Sentries","floor":8,"turns":9},{"damage":0,"enemies":"3 Louse","floor":12,"turns":3},{"damage":7,"enemies":"Gremlin Gang","floor":14,"turns":5},{"damage":0,"enemies":"Slime Boss","floor":16,"turns":5},{"damage":0,"enemies":"2 Thieves","floor":18,"turns":4},{"damage":0,"enemies":"3 Byrds","floor":22,"turns":5},{"damage":38,"enemies":"Slavers","floor":24,"turns":5},{"damage":36,"enemies":"Nightmare","floor":27,"turns":6},{"damage":35,"enemies":"Cultist and Chosen","floor":29,"turns":8},{"damage":0,"enemies":"Centurion and Healer","floor":30,"turns":6},{"damage":16,"enemies":"Snake Plant","floor":31,"turns":1}],"seed_played":"-8876700364015658824","potions_obtained":[{"floor":4,"key":"theDuelist:FireBottle"},{"floor":8,"key":"Dexterity Potion"},{"floor":16,"key":"theDuelist:VoidBottle"},{"floor":24,"key":"theDuelist:BurningPotion"},{"floor":27,"key":"SkillPotion"}],"is_trial":false,"path_per_floor":["M","M","?","M","?","R","?","E","T","?","R","M","R","M","R","B",null,"M","?","?","$","M","R","E","?","T","NM","R","M","M","M"],"character_chosen":"THE_DUELIST","items_purchased":["Toxic Egg 2","theDuelist:SilverDragon+1"],"campfire_rested":2,"item_purchase_floors":[21,21],"current_hp_per_floor":[72,72,72,76,55,55,40,7,7,7,33,48,48,41,41,41,79,79,79,79,79,79,79,41,41,41,5,32,10,10,0,0],"gold":158,"neow_bonus":"RANDOM_COMMON_RELIC","is_daily":false,"chose_seed":false,"campfire_upgraded":4,"win_rate":0.0,"timestamp":1614202784,"path_taken":["M","M","?","M","?","R","?","E","T","?","R","M","R","?","R","BOSS","M","?","?","$","?","R","E","?","T","NM","R","M","M","M"],"items_purchased_type":["Relic","Card"],"build_version":"2020-12-22","purchased_purges":1,"victory":false,"max_hp_per_floor":[80,80,80,84,84,84,84,88,88,88,88,92,92,92,92,92,92,92,92,92,92,92,92,92,92,92,92,92,92,92,92,92],"card_choices":[{"not_picked":["theDuelist:VolcanicEruption","theDuelist:StarlightRoad","theDuelist:FireDarts","theDuelist:Berserking"],"picked":"theDuelist:BurstBreath","floor":1},{"not_picked":["theDuelist:Kabazauls","theDuelist:Duoterion","theDuelist:TwinHeadedFire","theDuelist:SuperStridentBlaze"],"picked":"theDuelist:Mountain","floor":2},{"not_picked":["theDuelist:CurseDragon","theDuelist:CoralDragon","theDuelist:CloudianGhost","theDuelist:Pyrorex"],"picked":"theDuelist:BackgroundDragon","floor":4},{"not_picked":["infinitespire:TheBestDefense","hubris:Rewind"],"picked":"infinitespire:Execution","floor":5},{"not_picked":["theDuelist:WhiteHornDragon","theDuelist:GalaxySoldier","theDuelist:Berserking"],"picked":"theDuelist:TyrantWing","floor":7},{"not_picked":["theDuelist:BattleguardKing","theDuelist:BigFire","theDuelist:MagicalStone","theDuelist:StrayLambs"],"picked":"theDuelist:DianKeto","floor":8},{"not_picked":["theDuelist:BattleguardKing","theDuelist:BigFire","theDuelist:Hinotama","theDuelist:SmashingGround"],"picked":"theDuelist:RainbowOverdragon","floor":12},{"not_picked":["theDuelist:Pyrorex","theDuelist:Earthquake","theDuelist:ViceDragon","theDuelist:MythicWaterDragon"],"picked":"theDuelist:TwinHeadedFire","floor":14},{"not_picked":["theDuelist:SeismicShockwave","theDuelist:Lancephorhynchus","theDuelist:BusterBladerDDS","theDuelist:BerserkScales"],"picked":"theDuelist:ArmageddonDragonEmp","floor":16},{"not_picked":["theDuelist:YamataDragon","theDuelist:TwinHeadedFire","theDuelist:Freezadon","theDuelist:CloudianGhost"],"picked":"theDuelist:DragonCaptureJar","floor":18},{"not_picked":["theDuelist:BlueEyesUltimate","theDuelist:SoulCharge+1","theDuelist:ArmedProtectorDragon+1","theDuelist:BlueDuston+1"],"picked":"theDuelist:FiveHeaded","floor":22},{"not_picked":["theDuelist:MaskedDragon","theDuelist:Hydrogeddon","theDuelist:MoltenDestruction+1","theDuelist:LordD+1"],"picked":"theDuelist:AncientPixieDragon+1","floor":24},{"not_picked":["theDuelist:RainbowOverdragon","theDuelist:GreenGraveOni+1","theDuelist:BlockGolem+1","theDuelist:Terraforming+1"],"picked":"theDuelist:DianKeto+1","floor":27},{"not_picked":["theDuelist:TyrantWing","theDuelist:ScrapIronScarecrow+1"],"picked":"theDuelist:CyberEltanin+1","floor":28},{"not_picked":["theDuelist:CurseDragon+1","theDuelist:YamataDragon","theDuelist:DefenseZone+1","theDuelist:Freezadon+1"],"picked":"theDuelist:SnowDragon+1","floor":29},{"not_picked":["theDuelist:BattleguardKing+1","theDuelist:BigFire","theDuelist:Hinotama+1","theDuelist:RainbowOverdragon"],"picked":"theDuelist:Raigeki","floor":30}],"player_experience":575387,"relics_obtained":[{"floor":7,"key":"hubris:PeanutButter"},{"floor":8,"key":"hubris:MysteriousPyramids"},{"floor":9,"key":"Blue Candle"},{"floor":24,"key":"hubris:Potato"},{"floor":27,"key":"Dream Catcher"}],"event_choices":[{"damage_healed":0,"gold_gain":0,"player_choice":"Leave","duelist":true,"damage_taken":0,"max_hp_gain":0,"max_hp_loss":0,"event_name":"Tomb of the Nameless","floor":3,"gold_loss":0},{"damage_healed":0,"gold_gain":0,"player_choice":"Searched \u00272\u0027 times","damage_taken":0,"max_hp_gain":0,"max_hp_loss":0,"event_name":"Dead Adventurer","floor":7,"gold_loss":0},{"damage_healed":0,"gold_gain":0,"player_choice":"Leave","duelist":true,"damage_taken":0,"max_hp_gain":0,"max_hp_loss":0,"event_name":"Relic Duplicator","floor":10,"gold_loss":0},{"total_magic_score":71,"gold_gain":0,"duelist":true,"damage_taken":0,"relics_obtained":[],"points":5,"war_reward":4,"max_hp_gain":0,"max_hp_loss":0,"spent_points":{"magic":0,"greed":0,"war":4,"power":0,"hunger":0},"event_name":"Nameless Tomb","floor":19,"gold_loss":0,"cards_obtained":["theDuelist:Nameless:War:MaskedDragon"]},{"damage_healed":0,"gold_gain":0,"player_choice":"Leave","duelist":true,"damage_taken":0,"max_hp_gain":0,"max_hp_loss":0,"event_name":"Visit from Anubis","floor":20,"gold_loss":0},{"damage_healed":0,"gold_gain":0,"player_choice":"Ignored","damage_taken":0,"max_hp_gain":0,"max_hp_loss":0,"event_name":"Vampires","floor":25,"gold_loss":0}],"is_beta":false,"boss_relics":[{"not_picked":["hubris:RunicObelisk","Coffee Dripper"],"picked":"Cursed Key"}],"items_purged_floors":[21],"is_endless":true,"potions_floor_spawned":[4,8,16,24,27],"killed_by":"Snake Plant","ascension_level":11}}