{"host":"6406jj8da6015sxr","time":1614188477,"event":{"mods":["AchievementEnabler","BaseMod","Colored Map","DeckTracker","Keyboard Shortcuts","Minty Spire (QoL Compilation)","Permanent Neow","Relic Stats","SuperFastMode","everything is the same but u backflip on backflip"],"gold_per_floor":[119,136,136,155,175,175,188,220,246,246,321,0,0,15,15,94,94,112,92,110,124,141,141,170,204,204,204,204],"floor_reached":27,"language":"KOR","playtime":991,"items_purged":["Strike_G"],"score":570,"play_id":"49fc108a-5dee-46b6-87b8-f8394ca0b35e","local_time":"20210225024117","is_ascension_mode":true,"campfire_choices":[{"data":"Dagger Spray","floor":6.0,"key":"SMITH"},{"data":"Tools of the Trade","floor":10.0,"key":"SMITH"},{"floor":13.0,"key":"REST"},{"data":"Concentrate","floor":15.0,"key":"SMITH"},{"floor":23,"key":"REST"}],"circlet_count":0,"master_deck":["AscendersBane","Strike_G","Strike_G","Strike_G","Strike_G","Defend_G","Defend_G","Defend_G","Defend_G","Defend_G","Survivor","Neutralize","Flash of Steel","Well Laid Plans","Dagger Spray+1","Blade Dance","Accuracy","Tools of the Trade+1","Reflex","Panache","Concentrate+1","Dagger Throw","Adrenaline","Dagger Throw","Heel Hook","Slice","Expertise"],"relics":["Ring of the Snake","Strawberry","Vajra","WristBlade","Red Mask","Nunchaku","HornCleat"],"acts_visited":["Exordium","TheCity"],"potions_floor_usage":[20,21,22],"damage_taken":[{"damage":4.0,"enemies":"Small Slimes","floor":1.0,"turns":5.0},{"damage":3.0,"enemies":"Jaw Worm","floor":2.0,"turns":4.0},{"damage":2.0,"enemies":"Cultist","floor":4.0,"turns":4.0},{"damage":1.0,"enemies":"Exordium Wildlife","floor":5.0,"turns":4.0},{"damage":3.0,"enemies":"Large Slime","floor":7.0,"turns":6.0},{"damage":27.0,"enemies":"Lagavulin","floor":8.0,"turns":6.0},{"damage":0.0,"enemies":"2 Fungi Beasts","floor":14.0,"turns":3.0},{"damage":0,"enemies":"Slime Boss","floor":16,"turns":7},{"damage":8,"enemies":"2 Thieves","floor":18,"turns":3},{"damage":11,"enemies":"Spheric Guardian","floor":20,"turns":3},{"damage":36,"enemies":"Shelled Parasite and Fungi","floor":21,"turns":3},{"damage":9,"enemies":"Centurion and Healer","floor":22,"turns":3},{"damage":15,"enemies":"Masked Bandits","floor":24,"turns":3},{"damage":19,"enemies":"Slavers","floor":25,"turns":5},{"damage":9,"enemies":"Colosseum Slavers","floor":27,"turns":2}],"seed_played":"-261132525646596943","potions_obtained":[{"floor":1.0,"key":"Swift Potion"},{"floor":2.0,"key":"SneckoOil"},{"floor":5.0,"key":"LiquidBronze"},{"floor":18,"key":"SkillPotion"},{"floor":19,"key":"Fruit Juice"},{"floor":20,"key":"Regen Potion"},{"floor":24,"key":"PowerPotion"}],"is_trial":false,"path_per_floor":["M","M","?","M","M","R","M","E","T","R","?","$","R","M","R","B",null,"M","?","M","M","M","R","?","E","T","?"],"character_chosen":"THE_SILENT","items_purchased":["Panache","Concentrate"],"campfire_rested":2,"item_purchase_floors":[12,12],"current_hp_per_floor":[55,52,57,55,54,54,51,31,31,31,20,20,43,43,43,43,69,61,61,55,28,19,43,28,9,9,0,0],"gold":204,"neow_bonus":"RANDOM_COLORLESS","is_daily":false,"chose_seed":false,"campfire_upgraded":3,"win_rate":0.0,"timestamp":1614188477,"path_taken":["M","M","?","M","M","R","M","E","T","R","?","?","R","M","R","BOSS","M","?","?","M","M","R","?","E","T","?"],"items_purchased_type":["Card","Card"],"build_version":"2020-12-22","purchased_purges":1,"victory":false,"max_hp_per_floor":[66,66,71,71,71,71,71,78,78,78,78,78,78,78,78,78,78,78,78,83,83,83,83,83,83,83,83,83],"relic_stats":{"Nunchaku":[0],"counters":[15,61],"obtain_stats":[{"Nunchaku":25,"HornCleat":26,"WristBlade":17,"Strawberry":8,"Vajra":9,"Red Mask":24,"Ring of the Snake":0},{"Nunchaku":14,"HornCleat":14,"WristBlade":8,"Strawberry":6,"Vajra":6,"Red Mask":13,"Ring of the Snake":0},{"Nunchaku":59,"HornCleat":59,"WristBlade":39,"Strawberry":29,"Vajra":29,"Red Mask":54,"Ring of the Snake":0}],"Ring of the Snake":[30]},"card_choices":[{"not_picked":["Purity","Forethought"],"picked":"Flash of Steel","floor":0.0},{"not_picked":["Concentrate","Distraction"],"picked":"Well Laid Plans","floor":1.0},{"not_picked":["Backflip","Underhanded Strike"],"picked":"Dagger Spray","floor":2.0},{"not_picked":["Poisoned Stab","Underhanded Strike"],"picked":"Blade Dance","floor":4.0},{"not_picked":["Deflect","Catalyst"],"picked":"Accuracy","floor":5.0},{"not_picked":["Prepared","Quick Slash"],"picked":"Tools of the Trade","floor":7.0},{"not_picked":["Bouncing Flask","Quick Slash"],"picked":"Reflex","floor":8.0},{"not_picked":["Accuracy","Caltrops"],"picked":"Dagger Throw","floor":14.0},{"not_picked":["Night Terror","Venomology"],"picked":"Adrenaline","floor":16},{"not_picked":["Choke","Skewer","Accuracy"],"picked":"SKIP","floor":18},{"not_picked":["Underhanded Strike","Acrobatics"],"picked":"Dagger Throw","floor":20},{"not_picked":["Deadly Poison","Eviscerate","Catalyst"],"picked":"SKIP","floor":21},{"not_picked":["Bane","Underhanded Strike"],"picked":"Heel Hook","floor":22},{"not_picked":["Bouncing Flask","Acrobatics"],"picked":"Slice","floor":24},{"not_picked":["Bullet Time","Flying Knee"],"picked":"Expertise","floor":25}],"player_experience":106315,"relics_obtained":[{"floor":8.0,"key":"Strawberry"},{"floor":9.0,"key":"Vajra"},{"floor":24,"key":"Red Mask"},{"floor":25,"key":"Nunchaku"},{"floor":26,"key":"HornCleat"}],"event_choices":[{"damage_healed":0.0,"max_hp_gain":5.0,"max_hp_loss":0.0,"gold_gain":0.0,"event_name":"Big Fish","player_choice":"Donut","floor":3.0,"gold_loss":0.0,"damage_taken":0.0},{"damage_healed":0.0,"max_hp_gain":0.0,"max_hp_loss":0.0,"gold_gain":75.0,"event_name":"World of Goop","player_choice":"Gather Gold","floor":11.0,"gold_loss":0.0,"damage_taken":11.0},{"damage_healed":0,"gold_gain":0,"player_choice":"Bought 1 Potion","damage_taken":0,"max_hp_gain":0,"max_hp_loss":0,"event_name":"The Woman in Blue","floor":19,"gold_loss":0},{"damage_healed":0,"gold_gain":0,"player_choice":"Fought Bandits","damage_taken":0,"max_hp_gain":0,"max_hp_loss":0,"event_name":"Masked Bandits","floor":24,"gold_loss":0},{"damage_healed":0,"gold_gain":0,"player_choice":"Fight","damage_taken":0,"max_hp_gain":0,"max_hp_loss":0,"event_name":"Colosseum","floor":27,"gold_loss":0}],"is_beta":false,"boss_relics":[{"not_picked":["Fusion Hammer","Runic Pyramid"],"picked":"WristBlade"}],"items_purged_floors":[12],"is_endless":false,"potions_floor_spawned":[1,2,5,18,20,24],"killed_by":"Colosseum Slavers","ascension_level":20}}