{"host":"61r95uy0hn86b9iu","time":1614143043,"event":{"mods":["AchievementEnabler","BaseMod","Better Vampires","BetterRewards","Colored Powertips","Hubris","Minty Spire (QoL Compilation)","Shop Mod","StSLib"],"gold_per_floor":[109,125,145,110,110,110,120,132,132,143,193,118,133,147,147,218,218,178,178,178],"floor_reached":19,"language":"ENG","playtime":3460,"items_purged":["Regret"],"score":513,"play_id":"3da9f0ff-ff84-4118-9ffc-1bdbe66eeab6","local_time":"20210223230403","is_ascension_mode":true,"campfire_choices":[{"data":"Go for the Eyes","floor":6,"key":"SMITH"},{"floor":15,"key":"REST"}],"circlet_count":0,"master_deck":["AscendersBane","Strike_B","Strike_B","Strike_B","Strike_B","Defend_B","Defend_B","Defend_B","Defend_B","Zap","Dualcast","White Noise","Ball Lightning","Impatience","Go for the Eyes+1","Conserve Battery","Capacitor","Capacitor","CurseOfTheBell","Sunder"],"relics":["Cracked Core","Regal Pillow","Bottled Lightning","Calling Bell","Blood Vial","hubris:PeanutButter","hubris:Teleporter"],"acts_visited":["Exordium","TheCity"],"potions_floor_usage":[7,8,14,16,16,19],"damage_taken":[{"damage":2,"enemies":"Jaw Worm","floor":1,"turns":3},{"damage":8,"enemies":"2 Louse","floor":2,"turns":2},{"damage":10,"enemies":"Small Slimes","floor":3,"turns":3},{"damage":5,"enemies":"Gremlin Gang","floor":7,"turns":2},{"damage":31,"enemies":"Exordium Wildlife","floor":8,"turns":3},{"damage":4,"enemies":"Exordium Thugs","floor":10,"turns":4},{"damage":8,"enemies":"3 Louse","floor":13,"turns":4},{"damage":0,"enemies":"2 Fungi Beasts","floor":14,"turns":4},{"damage":13,"enemies":"Slime Boss","floor":16,"turns":8},{"damage":31,"enemies":"2 Thieves","floor":18,"turns":5},{"damage":35,"enemies":"Shell Parasite","floor":19,"turns":5}],"seed_played":"7793298141160463502","potions_obtained":[{"floor":2,"key":"Dexterity Potion"},{"floor":7,"key":"FocusPotion"},{"floor":10,"key":"Ancient Potion"},{"floor":13,"key":"EssenceOfDarkness"},{"floor":14,"key":"Swift Potion"},{"floor":18,"key":"Weak Potion"}],"is_trial":false,"path_per_floor":["M","M","M","?","?","R","M","M","T","M","?","$","M","M","R","B",null,"M","M"],"character_chosen":"DEFECT","items_purchased":["White Noise","Ball Lightning","FocusPotion"],"campfire_rested":1,"item_purchase_floors":[0,0,0],"current_hp_per_floor":[57,49,39,56,56,56,51,20,20,16,16,16,8,8,44,31,61,32,0,0],"gold":178,"neow_bonus":"","is_daily":false,"chose_seed":false,"campfire_upgraded":1,"win_rate":0.0,"timestamp":1614143043,"path_taken":["M","M","M","?","?","R","M","M","T","M","?","$","M","M","R","BOSS","M","?"],"items_purchased_type":["Card","Card","Potion"],"build_version":"2020-12-22","purchased_purges":1,"victory":false,"max_hp_per_floor":[71,71,71,71,71,71,71,71,71,71,71,71,71,71,71,71,71,71,71,71],"card_choices":[{"not_picked":["Ball Lightning","Skim","Redo"],"picked":"SKIP","floor":1},{"not_picked":["Hologram","Steam","Stack"],"picked":"SKIP","floor":2},{"not_picked":["Streamline","All For One"],"picked":"Go for the Eyes","floor":3},{"not_picked":["Sweeping Beam","BootSequence"],"picked":"Conserve Battery","floor":7},{"not_picked":["Gash","Go for the Eyes","Compile Driver"],"picked":"SKIP","floor":8},{"not_picked":["Coolheaded","Barrage"],"picked":"Capacitor","floor":10},{"not_picked":["Storm","Compile Driver"],"picked":"Capacitor","floor":13},{"not_picked":["Blizzard","Streamline","Recycle"],"picked":"SKIP","floor":14},{"not_picked":["Stack","Blizzard"],"picked":"Sunder","floor":18}],"player_experience":3387260,"relics_obtained":[{"floor":9,"key":"Bottled Lightning"},{"floor":17,"key":"Blood Vial"},{"floor":17,"key":"hubris:PeanutButter"},{"floor":17,"key":"hubris:Teleporter"}],"event_choices":[{"damage_healed":17,"gold_gain":0,"player_choice":"Healed","damage_taken":0,"max_hp_gain":0,"max_hp_loss":0,"event_name":"The Cleric","floor":4,"gold_loss":35},{"damage_healed":0,"gold_gain":0,"player_choice":"Box","damage_taken":0,"relics_obtained":["Regal Pillow"],"max_hp_gain":0,"max_hp_loss":0,"event_name":"Big Fish","floor":5,"gold_loss":0,"cards_obtained":["Regret"]},{"damage_healed":0,"gold_gain":50,"player_choice":"Pray","damage_taken":0,"max_hp_gain":0,"max_hp_loss":0,"event_name":"Golden Shrine","floor":11,"gold_loss":0}],"is_beta":false,"boss_relics":[{"not_picked":["Velvet Choker","hubris:GrandSneckoEye"],"picked":"Calling Bell"}],"items_purged_floors":[12],"is_endless":false,"potions_floor_spawned":[2,7,10,13,14,18],"killed_by":"Shell Parasite","ascension_level":19}}