{"host":"i3w38rq1z4slkels","time":1614164904,"event":{"mods":["2.2 Compatiblity","Act Like it!","BaseMod","Better Match","Better Vampires","BetterRewards","Conspire","Downfall","Minty Spire (QoL Compilation)","Rare Cards Sparkle","Replay The Spire","StSLib"],"gold_per_floor":[114,214,228,257,33,59,73,85,109,128,128,128,47,67,67,171,171,188,98,117,135,135,135,145,145,220,247,266,266,266,277,277,277,277],"floor_reached":33,"language":"ENG","playtime":2048,"items_purged":[],"score":282,"play_id":"a74cd612-37c4-40b9-84a6-1c02e7e447c9","local_time":"20210224180824","is_ascension_mode":true,"campfire_choices":[{"data":"PathToVictory","floor":11,"key":"SMITH"},{"data":"PathToVictory","floor":15,"key":"SMITH"},{"data":"Eruption","floor":23,"key":"SMITH"},{"floor":25,"key":"REST"},{"data":"Devotion","floor":30,"key":"SMITH"},{"data":"Vigilance","floor":32,"key":"SMITH"}],"circlet_count":0,"master_deck":["Strike_P","Strike_P","Strike_P","Defend_P","Defend_P","Defend_P","Eruption+1","Vigilance+1","Worship","Consecrate","FearNoEvil","Devotion+1","PathToVictory+1","PathToVictory+1","Vault+1"],"relics":["PureWater","NeowsBlessing","Orichalcum","Sling","Blue Doll","Strawberry","Empty Cage","Omamori","Bottled Flame","Eternal Feather","MutagenicStrength"],"acts_visited":["Exordium","TheCity"],"potions_floor_usage":[6,6,7,18,31,31],"damage_taken":[{"damage":0,"enemies":"Jaw Worm","floor":1,"turns":1},{"damage":0,"enemies":"Cultist","floor":3,"turns":1},{"damage":0,"enemies":"conspire:MimicChest","floor":4,"turns":1},{"damage":16,"enemies":"Lagavulin","floor":6,"turns":5},{"damage":0,"enemies":"Small Slimes","floor":7,"turns":1},{"damage":6,"enemies":"Exordium Wildlife","floor":8,"turns":4},{"damage":0,"enemies":"3 Louse","floor":10,"turns":4},{"damage":2,"enemies":"Exordium Thugs","floor":14,"turns":3},{"damage":33,"enemies":"Slime Boss","floor":16,"turns":9},{"damage":15,"enemies":"2 Thieves","floor":18,"turns":5},{"damage":2,"enemies":"Chosen","floor":20,"turns":4},{"damage":26,"enemies":"Snake Plant","floor":21,"turns":4},{"damage":29,"enemies":"conspire:HollyBat","floor":24,"turns":7},{"damage":5,"enemies":"conspire:Head Lice","floor":27,"turns":5},{"damage":2,"enemies":"Snecko","floor":28,"turns":4},{"damage":5,"enemies":"Shelled Parasite and Fungi","floor":31,"turns":4},{"damage":38,"enemies":"Pondfish","floor":33,"turns":9}],"seed_played":"-1939556832016739144","potions_obtained":[{"floor":1,"key":"SkillPotion"},{"floor":3,"key":"ColorlessPotion"},{"floor":6,"key":"Energy Potion"},{"floor":7,"key":"BottledMiracle"},{"floor":18,"key":"Adrenaline Potion"},{"floor":21,"key":"Explosive Potion"}],"is_trial":false,"path_per_floor":["M","?","M","?","$","E","M","M","T","M","R","?","?","M","R","B",null,"M","?","M","M","T","R","M","R","T","E","M","?","R","M","R","B"],"character_chosen":"WATCHER","items_purchased":["Sling","Swivel"],"campfire_rested":1,"item_purchase_floors":[5,5],"current_hp_per_floor":[72,72,72,72,72,56,56,50,50,50,50,43,50,48,48,15,79,64,64,62,36,36,36,7,30,30,25,23,23,32,27,36,0,0],"gold":277,"neow_bonus":"THREE_ENEMY_KILL","is_daily":false,"chose_seed":false,"campfire_upgraded":5,"win_rate":0.0,"timestamp":1614164904,"path_taken":["M","?","?","?","$","E","?","M","T","M","R","?","?","?","R","BOSS","M","?","?","M","?","R","M","R","T","E","M","?","R","M","R","BOSS"],"items_purchased_type":["Relic","Card"],"build_version":"2020-12-22","purchased_purges":0,"victory":false,"max_hp_per_floor":[72,72,72,72,72,72,72,72,72,72,72,72,79,79,79,79,79,79,79,79,79,79,79,79,79,79,79,79,79,79,79,79,79,79],"card_choices":[{"not_picked":["Replay:ManipulateFuture","Nirvana"],"picked":"BattleHymn","floor":1},{"not_picked":["ThirdEye","ForeignInfluence","Replay:Cycle"],"picked":"SKIP","floor":3},{"not_picked":["SandsOfTime","InnerPeace"],"picked":"Worship","floor":4},{"not_picked":["CrushJoints","Evaluate"],"picked":"Consecrate","floor":6},{"not_picked":["Replay:Vibes","Protect"],"picked":"FearNoEvil","floor":7},{"not_picked":["CutThroughFate","ClearTheMind"],"picked":"Devotion","floor":8},{"not_picked":["Wireheading","Replay:BluntJabs"],"picked":"PathToVictory","floor":10},{"not_picked":["CrushJoints","Evaluate"],"picked":"PathToVictory","floor":14},{"not_picked":["MasterReality","Brilliance"],"picked":"Vault","floor":16},{"not_picked":["Indignation","Consecrate","Collect"],"picked":"SKIP","floor":18},{"not_picked":["Adaptation","Weave","Indignation"],"picked":"SKIP","floor":20},{"not_picked":["DeceiveReality","Consecrate+1","WheelKick+1"],"picked":"SKIP","floor":21},{"not_picked":["ThirdEye","Sanctity","ReachHeaven+1"],"picked":"SKIP","floor":24},{"not_picked":["Vengeance","WaveOfTheHand","Replay:Cycle"],"picked":"SKIP","floor":27},{"not_picked":["FlyingSleeves","MentalFortress","Adaptation"],"picked":"SKIP","floor":28},{"not_picked":["ThirdEye+1","Replay:BluntJabs","EmptyMind"],"picked":"SKIP","floor":31}],"player_experience":516579,"relics_obtained":[{"floor":4,"key":"Orichalcum"},{"floor":6,"key":"Blue Doll"},{"floor":22,"key":"Omamori"},{"floor":26,"key":"Bottled Flame"},{"floor":27,"key":"Eternal Feather"}],"event_choices":[{"damage_healed":0,"gold_gain":100,"player_choice":"Pray","damage_taken":0,"max_hp_gain":0,"max_hp_loss":0,"event_name":"Golden Shrine","floor":2,"gold_loss":0},{"cards_removed":["Swivel"],"damage_healed":0,"gold_gain":0,"player_choice":"Card Removal","damage_taken":7,"max_hp_gain":0,"max_hp_loss":0,"event_name":"Golden Wing","floor":12,"gold_loss":0},{"damage_healed":0,"gold_gain":0,"player_choice":"Paid Gold","damage_taken":0,"relics_obtained":["Strawberry"],"max_hp_gain":0,"max_hp_loss":0,"event_name":"WeMeetAgain","floor":13,"gold_loss":81},{"cards_removed":["Defend_P"],"damage_healed":0,"gold_gain":0,"player_choice":"Upgrade and Remove","damage_taken":0,"max_hp_gain":0,"max_hp_loss":0,"event_name":"Designer","floor":19,"gold_loss":90,"cards_upgraded":["Vault"]},{"damage_healed":0,"gold_gain":0,"player_choice":"Inject Mutagens","damage_taken":0,"relics_obtained":["MutagenicStrength"],"max_hp_gain":0,"max_hp_loss":0,"event_name":"Drug Dealer","floor":29,"gold_loss":0}],"is_beta":false,"boss_relics":[{"not_picked":["Pandora\u0027s Box","Velvet Choker"],"picked":"Empty Cage"}],"items_purged_floors":[],"is_endless":false,"potions_floor_spawned":[1,3,6,7,18,21],"killed_by":"Pondfish","ascension_level":1}}