{"host":"bpnwh7vpv9k3tssc","time":1614162188,"event":{"mods":["BaseMod","Colored Map","Colored Powertips","Curses Come First","Highlight Path","Minty Spire (QoL Compilation)","Quick Restart","Random Character Button","Relic Sorter","StSLib"],"gold_per_floor":[218,236,121,71,71,102,102,137,191,18,18,38,56,84,84,181,181,200,200,212,62,62,62,78,105,105,105,105,138,237,257,257,358,358,374,374,394,100,118,118,131,161,161,194,210,210,210,210],"floor_reached":47,"language":"ENG","playtime":2804,"items_purged":["Strike_B","Strike_B"],"score":821,"play_id":"4a4d3f92-6c35-4459-8442-3a209810848b","local_time":"20210224112308","is_ascension_mode":true,"campfire_choices":[{"floor":7.0,"key":"REST"},{"floor":11.0,"key":"REST"},{"floor":15.0,"key":"REST"},{"floor":23.0,"key":"REST"},{"floor":27.0,"key":"REST"},{"floor":32.0,"key":"REST"},{"data":"Defragment","floor":40.0,"key":"SMITH"},{"floor":46,"key":"RECALL"}],"circlet_count":0,"master_deck":["Defend_B","Defend_B","Defend_B","Zap","Dualcast","FTL","Capacitor","Heatsinks","Melter","Defragment+1","Sunder","Loop","Static Discharge","Conserve Battery","Cold Snap+1","Beam Cell","Reboot","Ball Lightning+1","Capacitor","Defragment","Thunder Strike+1","Reboot","Defragment","Recycle","Capacitor","Steam+1","Barrage+1","Redo+1","Buffer","Ball Lightning+1","Skim+1","Double Energy"],"relics":["FrozenCore","GremlinMask","Dream Catcher","CaptainsWheel","Bag of Preparation","Lantern","Runic Capacitor","Nunchaku","StoneCalendar","Peace Pipe","Busted Crown","Gambling Chip","Calipers","Whetstone"],"acts_visited":["Exordium","TheCity","TheBeyond"],"potions_floor_usage":[47],"damage_taken":[{"damage":7.0,"enemies":"2 Louse","floor":1.0,"turns":2.0},{"damage":3.0,"enemies":"Small Slimes","floor":2.0,"turns":2.0},{"damage":31.0,"enemies":"Lagavulin","floor":6.0,"turns":7.0},{"damage":24.0,"enemies":"Gremlin Nob","floor":8.0,"turns":4.0},{"damage":1.0,"enemies":"Cultist","floor":12.0,"turns":3.0},{"damage":6.0,"enemies":"3 Louse","floor":13.0,"turns":3.0},{"damage":23.0,"enemies":"3 Sentries","floor":14.0,"turns":6.0},{"damage":32.0,"enemies":"The Guardian","floor":16.0,"turns":10.0},{"damage":0.0,"enemies":"Spheric Guardian","floor":18.0,"turns":3.0},{"damage":13.0,"enemies":"3 Byrds","floor":20.0,"turns":3.0},{"damage":15.0,"enemies":"Shelled Parasite and Fungi","floor":24.0,"turns":6.0},{"damage":22.0,"enemies":"Book of Stabbing","floor":25.0,"turns":6.0},{"damage":49.0,"enemies":"Slavers","floor":29.0,"turns":7.0},{"damage":2.0,"enemies":"3 Cultists","floor":31.0,"turns":7.0},{"damage":28.0,"enemies":"Champ","floor":33.0,"turns":10.0},{"damage":11.0,"enemies":"3 Shapes","floor":35.0,"turns":4.0},{"damage":0.0,"enemies":"Orb Walker","floor":37.0,"turns":5.0},{"damage":0.0,"enemies":"Maw","floor":39.0,"turns":7.0},{"damage":11.0,"enemies":"3 Darklings","floor":41.0,"turns":5.0},{"damage":9.0,"enemies":"Reptomancer","floor":42.0,"turns":7.0},{"damage":0,"enemies":"Giant Head","floor":44,"turns":8},{"damage":0,"enemies":"Jaw Worm Horde","floor":45,"turns":5},{"damage":35,"enemies":"Reptomancer","floor":47,"turns":2}],"seed_played":"7364266065393861795","potions_obtained":[{"floor":1.0,"key":"Block Potion"},{"floor":8.0,"key":"SpeedPotion"},{"floor":13.0,"key":"PotionOfCapacity"},{"floor":24.0,"key":"Regen Potion"},{"floor":33.0,"key":"SpeedPotion"},{"floor":35.0,"key":"PowerPotion"},{"floor":36.0,"key":"EssenceOfDarkness"},{"floor":45,"key":"GamblersBrew"}],"is_trial":false,"path_per_floor":["M","M","$","?","?","E","R","E","T","$","R","M","M","E","R","B",null,"M","?","M","$","?","R","M","E","T","R","?","E","?","M","R","B",null,"M","?","M","$","M","R","M","E","T","E","M","R","E"],"character_chosen":"DEFECT","items_purchased":["Heatsinks","Loop","Runic Capacitor","Gambling Chip"],"campfire_rested":6,"item_purchase_floors":[3,10,21,38],"current_hp_per_floor":[61,58,58,58,58,27,49,25,25,25,47,46,40,17,39,7,58,58,58,45,45,45,67,52,30,30,52,52,3,3,16,38,10,59,48,48,48,48,48,48,37,28,28,28,28,28,0,0],"gold":210,"neow_bonus":"HUNDRED_GOLD","is_daily":false,"chose_seed":false,"campfire_upgraded":1,"win_rate":0.0,"timestamp":1614162188,"path_taken":["M","M","$","?","?","E","R","E","T","$","R","M","?","E","R","BOSS","M","?","M","$","?","R","M","E","T","R","?","E","?","M","R","BOSS","M","?","M","$","?","R","M","E","T","E","M","R","E"],"items_purchased_type":["Card","Card","Relic","Relic"],"build_version":"2020-12-22","purchased_purges":2,"victory":false,"max_hp_per_floor":[75,75,75,75,75,75,75,75,75,75,75,75,75,75,75,75,75,75,75,75,75,75,75,75,75,75,75,75,75,75,75,75,75,75,75,75,75,75,75,75,75,75,75,75,75,75,75,75],"card_choices":[{"not_picked":["Streamline","Coolheaded"],"picked":"FTL","floor":1.0},{"not_picked":["Ball Lightning","Reinforced Body"],"picked":"Capacitor","floor":2.0},{"not_picked":["Steam Power","Conserve Battery"],"picked":"Melter","floor":6.0},{"not_picked":["Gash","Consume"],"picked":"Defragment","floor":7.0},{"not_picked":["Gash","Compile Driver"],"picked":"Sunder","floor":8.0},{"not_picked":["Barrage","Melter"],"picked":"Static Discharge","floor":11.0},{"not_picked":["Rainbow","Stack"],"picked":"Conserve Battery","floor":12.0},{"not_picked":["Sweeping Beam","Sunder"],"picked":"Cold Snap","floor":13.0},{"not_picked":["Streamline","Gash","Rebound"],"picked":"SKIP","floor":14.0},{"not_picked":["Redo","Meteor Strike"],"picked":"Beam Cell","floor":15.0},{"not_picked":["Hyperbeam","Multi-Cast"],"picked":"Reboot","floor":16.0},{"not_picked":["Recycle","Tempest+1"],"picked":"Ball Lightning+1","floor":18.0},{"not_picked":["Static Discharge","Aggregate"],"picked":"Defragment","floor":20.0},{"not_picked":["Streamline+1","Cold Snap"],"picked":"Defragment","floor":23.0},{"not_picked":["Conserve Battery","Rebound+1","Ball Lightning"],"picked":"SKIP","floor":24.0},{"not_picked":["Rip and Tear","Turbo"],"picked":"Recycle","floor":25.0},{"not_picked":["BootSequence","Sunder"],"picked":"Capacitor","floor":27.0},{"not_picked":["Rip and Tear","Scrape"],"picked":"Steam+1","floor":29.0},{"not_picked":["Sweeping Beam","Go for the Eyes+1"],"picked":"Barrage+1","floor":31.0},{"not_picked":["Ball Lightning","Coolheaded"],"picked":"Redo+1","floor":32.0},{"not_picked":["Thunder Strike","Meteor Strike"],"picked":"Buffer","floor":33.0},{"not_picked":["Beam Cell+1"],"picked":"SKIP","floor":35.0},{"not_picked":["Reprogram"],"picked":"SKIP","floor":37.0},{"not_picked":[],"picked":"Ball Lightning+1","floor":39.0},{"not_picked":[],"picked":"Skim+1","floor":41.0},{"not_picked":["Sweeping Beam+1"],"picked":"SKIP","floor":42.0},{"not_picked":[],"picked":"Double Energy","floor":44},{"not_picked":["Auto Shields"],"picked":"SKIP","floor":45}],"player_experience":413015,"relics_obtained":[{"floor":6.0,"key":"Dream Catcher"},{"floor":8.0,"key":"CaptainsWheel"},{"floor":9.0,"key":"Bag of Preparation"},{"floor":14.0,"key":"Lantern"},{"floor":25.0,"key":"Nunchaku"},{"floor":26.0,"key":"StoneCalendar"},{"floor":29.0,"key":"Peace Pipe"},{"floor":42.0,"key":"Calipers"},{"floor":44,"key":"Whetstone"}],"event_choices":[{"cards_removed":["Strike_B"],"damage_healed":0.0,"max_hp_gain":0.0,"max_hp_loss":0.0,"gold_gain":0.0,"event_name":"The Cleric","player_choice":"Card Removal","floor":4.0,"gold_loss":50.0,"damage_taken":0.0},{"damage_healed":0.0,"max_hp_gain":0.0,"max_hp_loss":0.0,"gold_gain":0.0,"event_name":"FaceTrader","player_choice":"Trade","floor":5.0,"gold_loss":0.0,"damage_taken":0.0,"relics_obtained":["GremlinMask"]},{"damage_healed":0.0,"max_hp_gain":0.0,"max_hp_loss":0.0,"gold_gain":0.0,"event_name":"The Library","player_choice":"Read","floor":19.0,"gold_loss":0.0,"damage_taken":0.0,"cards_obtained":["Capacitor"]},{"damage_healed":0.0,"max_hp_gain":0.0,"max_hp_loss":0.0,"gold_gain":0.0,"cards_transformed":["Defend_B","Strike_B"],"event_name":"Drug Dealer","player_choice":"Became Test Subject","floor":22.0,"gold_loss":0.0,"damage_taken":0.0,"cards_obtained":["Thunder Strike","Reboot"]},{"damage_healed":0.0,"max_hp_gain":0.0,"max_hp_loss":0.0,"gold_gain":0.0,"event_name":"Vampires","player_choice":"Ignored","floor":28.0,"gold_loss":0.0,"damage_taken":0.0},{"damage_healed":0.0,"max_hp_gain":0.0,"max_hp_loss":0.0,"gold_gain":99.0,"event_name":"Nest","player_choice":"Stole From Cult","floor":30.0,"gold_loss":0.0,"damage_taken":0.0},{"damage_healed":0.0,"max_hp_gain":0.0,"max_hp_loss":0.0,"gold_gain":0.0,"event_name":"Lab","player_choice":"Got Potions","floor":36.0,"gold_loss":0.0,"damage_taken":0.0}],"is_beta":false,"boss_relics":[{"not_picked":["Tiny House","Runic Pyramid"],"picked":"FrozenCore"},{"not_picked":["Velvet Choker","Nuclear Battery"],"picked":"Busted Crown"}],"items_purged_floors":[3,10],"is_endless":false,"potions_floor_spawned":[1,8,13,24,29,33,35,41,45],"killed_by":"Reptomancer","ascension_level":9}}