{"host":"7eytxr1oawi6r5nr","time":1614180072,"event":{"mods":["Act Like it!","BaseMod","Better Third Choice","Curses Come First","Dark Map","Hermit","Hubris","Ironclad Rager","Minty Spire (QoL Compilation)","Permanent Neow","Quick Restart","Rare Cards Sparkle","Relic Filter Mod","Reliquary","Replay The Spire","Ruina","StSLib","The Cursed","The Disciple","The Forsaken","The IronCluck","The Runesmith","The Servant 0.9.4","Wide Potions"],"gold_per_floor":[112,112,112,129,145,176,176,210,234,248,248,248,262,275,275,376,376,389,389,389],"floor_reached":19,"language":"ENG","playtime":1173,"items_purged":[],"score":224,"play_id":"96fd2c2f-8359-4dd2-aa70-ec3243548527","local_time":"20210224152112","is_ascension_mode":true,"campfire_choices":[{"data":"Disarm","floor":7,"key":"SMITH"},{"data":"True Grit","floor":15,"key":"SMITH"}],"circlet_count":0,"master_deck":["Strike_R","Strike_R","Strike_R","Strike_R","Defend_R","Defend_R","Defend_R","Defend_R","Bash","Disarm+1","Self Repair+1","Power Through","Cold Snap","Fire Breathing","WeaponsOverheat+1","Iron Wave","ReplayTheSpireMod:System Scan","True Grit+1","Barricade","Armaments+1"],"relics":["NeowsBlessing","Iron Core","reliquary:TatteredRug","ReplayTheSpireMod:Lightbulb","reliquary:BigHammer"],"acts_visited":["Exordium","Exordium"],"potions_floor_usage":[8,16,19,19],"damage_taken":[{"damage":0,"enemies":"2 Louse","floor":1,"turns":1},{"damage":0,"enemies":"Small Slimes","floor":4,"turns":1},{"damage":0,"enemies":"Cultist","floor":5,"turns":1},{"damage":42,"enemies":"Gremlin Nob","floor":6,"turns":6},{"damage":36,"enemies":"Lagavulin","floor":8,"turns":13},{"damage":8,"enemies":"Blue Slaver","floor":10,"turns":6},{"damage":3,"enemies":"2 Fungi Beasts","floor":13,"turns":5},{"damage":10,"enemies":"Looter","floor":14,"turns":4},{"damage":46,"enemies":"Slime Boss","floor":16,"turns":12},{"damage":32,"enemies":"ruina:BadWolf","floor":18,"turns":9},{"damage":58,"enemies":"ruina:3_Bats","floor":19,"turns":5}],"seed_played":"8640167151354583254","potions_obtained":[{"floor":1,"key":"DistilledChaos"},{"floor":4,"key":"Strength Potion"},{"floor":5,"key":"Block Potion"},{"floor":16,"key":"Regen Potion"},{"floor":18,"key":"Strength Potion"}],"is_trial":false,"path_per_floor":["M","?","?","M","M","E","R","E","T","M","?","?","M","M","R","B",null,"M","M"],"character_chosen":"IRONCLAD","items_purchased":[],"campfire_rested":0,"item_purchase_floors":[],"current_hp_per_floor":[80,80,80,80,80,48,48,22,22,24,50,50,57,57,57,21,65,43,0,0],"gold":389,"neow_bonus":"THREE_ENEMY_KILL","is_daily":false,"chose_seed":false,"campfire_upgraded":2,"win_rate":0.0,"timestamp":1614180072,"path_taken":["M","?","?","M","?","E","R","E","T","M","?","?","M","M","R","BOSS","M","M"],"items_purchased_type":[],"build_version":"2020-12-22","purchased_purges":0,"victory":false,"max_hp_per_floor":[80,80,80,80,80,80,80,80,80,80,80,80,80,80,80,80,80,80,80,80],"card_choices":[{"not_picked":["Seeing Red","Entrench"],"picked":"Disarm","floor":1},{"not_picked":["Turbo","ReplayTheSpireMod:Corrosion Curse"],"picked":"Power Through","floor":4},{"not_picked":["Replay:Undeath\u0027s Touch","ReplayReversal"],"picked":"Cold Snap","floor":5},{"not_picked":["ReplayTheSpireMod:System Scan","hubris:SharpeningStone"],"picked":"Fire Breathing","floor":6},{"not_picked":["Capacitor","Anger"],"picked":"WeaponsOverheat","floor":8},{"not_picked":["Offering","Rebound"],"picked":"Iron Wave","floor":10},{"not_picked":["Life Link","Sword Boomerang"],"picked":"ReplayTheSpireMod:System Scan","floor":13},{"not_picked":["Run Through","Infernal Blade"],"picked":"True Grit","floor":14},{"not_picked":["Corruption","Firewall"],"picked":"Barricade","floor":16},{"not_picked":["Ghostly Armor","Iron Wave+1"],"picked":"Armaments+1","floor":18}],"player_experience":209431,"relics_obtained":[{"floor":6,"key":"reliquary:TatteredRug"},{"floor":8,"key":"ReplayTheSpireMod:Lightbulb"}],"event_choices":[{"cards_removed":["Strike_R"],"damage_healed":0,"gold_gain":0,"player_choice":"Purged","damage_taken":0,"max_hp_gain":0,"max_hp_loss":0,"event_name":"Purifier","floor":3,"gold_loss":0},{"damage_healed":26,"gold_gain":0,"player_choice":"Banana","damage_taken":0,"max_hp_gain":0,"max_hp_loss":0,"event_name":"Big Fish","floor":11,"gold_loss":0},{"damage_healed":0,"gold_gain":0,"player_choice":"Grow","damage_taken":0,"max_hp_gain":0,"max_hp_loss":0,"event_name":"Living Wall","floor":12,"gold_loss":0,"cards_upgraded":["WeaponsOverheat"]}],"is_beta":false,"boss_relics":[{"not_picked":["ReplayTheSpireMod:DimensionalGlitch","Calling Bell"],"picked":"reliquary:BigHammer"}],"items_purged_floors":[],"is_endless":false,"potions_floor_spawned":[1,4,5,16,18],"killed_by":"ruina:3_Bats","ascension_level":5}}