{"host":"anpwk55bj6rntrcq","time":1614137522,"event":{"mods":["Act Like it!","BaseMod","BetterRewards","GifTheSpireLib","Hermit","Hubris","Kratos Character Expansion","Minty Spire (QoL Compilation)","Replay The Spire","Robot Space Explorer","SCP261 Mod","StSLib","The Blackbeard","The Death Knight","The Exalted","The Necromancer","The Servant 0.9.4"],"gold_per_floor":[119,129,149,163,179,179,211,60,60,60,80,80,95,111,111,214,214,234,245,256,268,123,123,133,133,133,164,109,126,139,54,54,159,159,169,169,169,169,87,117,117,143,167,134,134,153,169,184,184,184],"floor_reached":51,"language":"ENG","playtime":1862,"items_purged":[],"score":808,"play_id":"7db66ae7-acf2-4ea5-8cf8-e2a049aaca3c","local_time":"20210223223202","is_ascension_mode":false,"campfire_choices":[{"data":"Death_March_Dance","floor":6,"key":"SMITH"},{"floor":23,"key":"REST"},{"data":"Slay_Living","floor":25,"key":"SMITH"},{"data":"Bone_Prison","floor":32,"key":"SMITH"},{"data":"Summon_Vampire_Lady","floor":41,"key":"SMITH"},{"floor":45,"key":"REST"},{"floor":49,"key":"DIG"}],"circlet_count":0,"master_deck":["Strike_W","Strike_W","Strike_W","Strike_W","Defend_W","Defend_W","Defend_W","Defend_W","Negative_Energy_Arrows","Bone_Wall","Death_March_Dance+1","Acid_Javelin","Acid_Javelin+1","Toxic_Smoke_Screen","Shackles_Of_Pain+1","Bone_Prison+1","Slay_Living+1","Life_Drain","Summon_Vampire_Lady+1","Blood_Curse+1","Blood_Curse+1","Necrotic_Claws","Negative_Energy_Sphere+1","Negative_Energy_Javelin+1","Summon_Undead","Summon_Undead+1","Vampiric_Strike+1","Dramatic Entrance","Grasp_Heart","Siphon_Strength+1","Swift Strike","Summon_Undead_Army+1","Summon_Lich+1","Negative_Energy_Burst","Necrotic_Claws+1","Spectral_Walk+1","Negative_Energy_Javelin+1"],"relics":["Vampire_Amulet","Juzu Bracelet","ClockworkSouvenir","Pear","Bag of Preparation","Sozu","Regal Pillow","hubris:TinFlute","Runic Pyramid","hubris:Towel","War Paint","hubris:Potato","Centennial Puzzle","Counterbalance"],"acts_visited":["Exordium","TheCity","TheBeyond"],"potions_floor_usage":[16,16,18,19],"damage_taken":[{"damage":0,"enemies":"Cultist","floor":1,"turns":5},{"damage":1,"enemies":"2 Louse","floor":2,"turns":4},{"damage":0,"enemies":"Jaw Worm","floor":3,"turns":5},{"damage":7,"enemies":"2 Fungi Beasts","floor":4,"turns":4},{"damage":1,"enemies":"Blue Slaver","floor":5,"turns":4},{"damage":18,"enemies":"Replay:BlueRogue","floor":7,"turns":6},{"damage":13,"enemies":"Looter","floor":11,"turns":3},{"damage":0,"enemies":"Large Slime","floor":13,"turns":5},{"damage":0,"enemies":"2 Fungi Beasts","floor":14,"turns":3},{"damage":41,"enemies":"The Guardian","floor":16,"turns":12},{"damage":13,"enemies":"Spheric Guardian","floor":18,"turns":6},{"damage":21,"enemies":"2 Thieves","floor":19,"turns":3},{"damage":36,"enemies":"3 Cultists","floor":20,"turns":7},{"damage":22,"enemies":"Chosen and Byrds","floor":21,"turns":5},{"damage":2,"enemies":"Snake Plant","floor":24,"turns":4},{"damage":26,"enemies":"Book of Stabbing","floor":27,"turns":6},{"damage":17,"enemies":"Shelled Parasite and Fungi","floor":29,"turns":6},{"damage":17,"enemies":"Centurion and Healer","floor":30,"turns":5},{"damage":40,"enemies":"Champ","floor":33,"turns":12},{"damage":31,"enemies":"3 Darklings","floor":35,"turns":6},{"damage":25,"enemies":"Giant Head","floor":40,"turns":7},{"damage":32,"enemies":"Nemesis","floor":42,"turns":5},{"damage":3,"enemies":"Orb Walker","floor":46,"turns":3},{"damage":17,"enemies":"Jaw Worm Horde","floor":47,"turns":3},{"damage":15,"enemies":"Sphere and 2 Shapes","floor":48,"turns":4},{"damage":65,"enemies":"Awakened One","floor":50,"turns":12}],"seed_played":"-7428872203717458625","potions_obtained":[{"floor":2,"key":"LiquidBronze"},{"floor":3,"key":"Doom Potion"},{"floor":7,"key":"Explosive Potion"},{"floor":14,"key":"Fruit Juice"},{"floor":16,"key":"SCP261:ClockworkPotion"}],"is_trial":false,"path_per_floor":["M","M","M","M","M","R","E","$","T","?","M","?","M","M","R","B",null,"M","M","M","M","$","R","M","R","T","E","$","M","M","$","R","B",null,"M","?","?","?","$","E","R","E","T","$","R","M","M","M","R","B",null],"character_chosen":"NECROMANCER","items_purchased":["ClockworkSouvenir","Regal Pillow","Summon_Undead","Dramatic Entrance","Swift Strike","Negative_Energy_Burst"],"campfire_rested":2,"item_purchase_floors":[8,22,28,31,39,44],"current_hp_per_floor":[82,82,82,77,78,78,62,62,72,72,61,49,53,57,84,62,97,92,87,67,67,67,97,97,97,97,85,85,92,94,94,94,91,97,80,80,80,80,80,91,91,68,68,68,97,96,82,85,85,65],"gold":184,"neow_bonus":"TEN_PERCENT_HP_BONUS","is_daily":false,"chose_seed":false,"campfire_upgraded":4,"win_rate":0.0,"timestamp":1614137522,"path_taken":["M","?","M","M","M","R","E","$","T","?","M","?","M","M","R","BOSS","M","M","M","M","$","R","M","R","T","E","$","M","M","$","R","BOSS","M","?","?","?","$","E","R","E","T","?","R","M","M","M","R","BOSS"],"items_purchased_type":["Relic","Relic","Card","Card","Card","Card"],"build_version":"2020-12-22","purchased_purges":0,"victory":true,"max_hp_per_floor":[82,82,82,82,82,82,82,82,92,92,92,92,92,92,92,97,97,97,97,97,97,97,97,97,97,97,97,97,97,97,97,97,97,97,97,97,97,97,97,97,97,97,97,97,97,97,97,97,97,97],"card_choices":[{"not_picked":["Bones_to_Steel","Bone_Bullets"],"picked":"Death_March_Dance","floor":1},{"not_picked":["Epidemic","Strike_from_Beyond"],"picked":"Acid_Javelin","floor":2},{"not_picked":["Flesh_Made_Foul","Bone_Shift","Bone_Spikes"],"picked":"SKIP","floor":3},{"not_picked":["Negative_Energy_Mist","Bone_Spikes"],"picked":"Acid_Javelin","floor":4},{"not_picked":["Blood_Curse","Bone_Armor"],"picked":"Toxic_Smoke_Screen","floor":5},{"not_picked":["Bone_Spikes","Consume_Illness"],"picked":"Shackles_Of_Pain","floor":7},{"not_picked":["Bones_to_Steel","Bone_Armor"],"picked":"Bone_Prison","floor":11},{"not_picked":["Scare","Shackles_Of_Pain"],"picked":"Slay_Living","floor":13},{"not_picked":["Strike_from_Beyond","Negative_Energy_Burst"],"picked":"Life_Drain","floor":14},{"not_picked":["Detonate_Bones","Cloudkill"],"picked":"Summon_Vampire_Lady","floor":16},{"not_picked":["Scare+1","Flesh_Made_Foul"],"picked":"Blood_Curse+1","floor":18},{"not_picked":["Shackles_Of_Pain","Negative_Energy_Shield"],"picked":"Blood_Curse+1","floor":19},{"not_picked":["Negative_Energy_Mist","Whirlwind_of_Bones"],"picked":"Necrotic_Claws","floor":20},{"not_picked":["Blood_Shield+1","Negative_Energy_Javelin"],"picked":"Negative_Energy_Sphere+1","floor":21},{"not_picked":["Thousand_Bone_Knives","Negative_Energy_Mist+1","Blood_Whip"],"picked":"SKIP","floor":24},{"not_picked":["Summon_Death_Knight","Blood_Is_Power"],"picked":"Negative_Energy_Javelin+1","floor":27},{"not_picked":["Chill_Blood","Uncharnel","Scare+1"],"picked":"SKIP","floor":29},{"not_picked":["Bones_to_Steel+1","Negative_Energy_Burst"],"picked":"Vampiric_Strike+1","floor":30},{"not_picked":["Blood_Wake","Skeleton_Dragon"],"picked":"Grasp_Heart","floor":33},{"not_picked":["Bones_to_Steel","Chill_Blood+1"],"picked":"Siphon_Strength+1","floor":35},{"not_picked":["Epidemic+1","Blood_Is_Power+1"],"picked":"Summon_Undead_Army+1","floor":40},{"not_picked":["Finger_Of_Death","Slay_Living+1"],"picked":"Summon_Lich+1","floor":42},{"not_picked":["Vampiric_Strike","Negative_Energy_Shield"],"picked":"Necrotic_Claws+1","floor":46},{"not_picked":["Bone_Shift+1","Bone_Bullets"],"picked":"Spectral_Walk+1","floor":47},{"not_picked":["Bone_Bullets+1","Bone_Shift+1"],"picked":"Negative_Energy_Javelin+1","floor":48}],"player_experience":386189,"relics_obtained":[{"floor":7,"key":"Juzu Bracelet"},{"floor":9,"key":"Pear"},{"floor":27,"key":"hubris:TinFlute"},{"floor":40,"key":"War Paint"},{"floor":42,"key":"hubris:Potato"},{"floor":43,"key":"Centennial Puzzle"},{"floor":49,"key":"Counterbalance"}],"event_choices":[{"damage_healed":0,"gold_gain":0,"player_choice":"Ignored","damage_taken":0,"max_hp_gain":0,"max_hp_loss":0,"event_name":"Liars Game","floor":10,"gold_loss":0},{"damage_healed":0,"gold_gain":0,"player_choice":"Success","damage_taken":12,"relics_obtained":["Bag of Preparation"],"max_hp_gain":0,"max_hp_loss":0,"event_name":"Scrap Ooze","floor":12,"gold_loss":0}],"is_beta":false,"boss_relics":[{"not_picked":["Honey Jar","Philosopher\u0027s Stone"],"picked":"Sozu"},{"not_picked":["SacredBark","Coffee Dripper"],"picked":"Runic Pyramid"}],"items_purged_floors":[],"is_endless":false,"potions_floor_spawned":[2,3,7,14,16,20,24,27,29,35,46,47],"ascension_level":0}}