{"host":"j6f6v8ly7ajbjvlz","time":1614182558,"event":{"mods":["ATMod(阿瑾Mod)","Act Like it!","Arknights","BaseMod","Colored Powertips","Friendly Minions","Gensokyo","HumanHunterMod(怪物杀人mod)","KinomotoSakuraMod(木之本樱)","Kiyohime（清姬）","Library of Ruina","Library of Ruina Extra","Minty Spire (QoL Compilation)","Relic Stats","RumiaBox-露米娅的神秘盒子","Spicy Shops","StSLib","Yakumo Yukari mod","noobMod","【功能Mod】混沌之环修复补丁","【遗物卡牌】REMEMod","篝火指南"],"gold_per_floor":[109,127,302,377,77,77,109,128,128,146,146,161,174,202,202,302,302,320,245,120,140,156,156,191,201,226,226,255,269,300,215,215,319,319,338,387,387,424,27,56,76,76,101,136,136,150,167,192,192,192,192],"floor_reached":52,"language":"ZHS","playtime":2443,"items_purged":["Doubt"],"score":1072,"play_id":"235660fc-e27d-402e-bd76-2c5888a14857","local_time":"20210225000238","is_ascension_mode":true,"campfire_choices":[{"floor":6,"key":"REST"},{"data":"ClowCardTheSword","floor":15,"key":"SMITH"},{"data":"ClowCardTheSweet","floor":23,"key":"SMITH"},{"data":"ClowCardTheTwin","floor":32,"key":"SMITH"},{"data":"ClowCardTheNothing","floor":49,"key":"SMITH"}],"circlet_count":0,"master_deck":["SakuraCardTheGlow+","SakuraCardTheSweet+","ClowCardTheSword","ClowCardTheSword","ClowCardTheShield","ClowCardTheShield","SpellCardSeal","SpellCardRelease","ClowCardTheShot+1","ClowCardTheMist","ClowCardTheFight","ClowCardTheMist","ClowCardTheStorm+1","ClowCardTheShadow","ClowCardTheStorm+1","ClowCardTheMist+1","ClowCardTheNothing+1","ClowCardTheShot+1"],"relics":["KSMOD_SealedBook","KSMOD_SealedWand","AT_ATBox","REME_ComplimentaryCards","ice","REME_HandOfSuture","PageOfSpiderBud","PageOfLittleHelper","Nunchaku","KSMOD_RollerSkates","KSMOD_DarknessWand","PageOfWizard","Strawberry","Whetstone","AT_EbonyIvory","Red Mask","Letter Opener","EasyGame_NEW","StoneCalendar","PageOfTheKnightOfDespair","AT_SunfireAegis","KSMOD_Compass","PageOfTheQueenOfHatred","PageOfGreed","PageOfWrath","Toxic Egg 2","PageOfNihil","Boot"],"acts_visited":["Exordium","TheCity","TheBeyond"],"potions_floor_usage":[14,16,38,38,51,51],"damage_taken":[{"damage":9,"enemies":"Small Slimes","floor":1,"turns":3},{"damage":0,"enemies":"2 Louse","floor":2,"turns":2},{"damage":22,"enemies":"Gremlin Nob","floor":7,"turns":4},{"damage":8,"enemies":"ats:Genji","floor":8,"turns":2},{"damage":0,"enemies":"2 Fungi Beasts","floor":10,"turns":3},{"damage":22,"enemies":"Exordium Thugs","floor":12,"turns":3},{"damage":8,"enemies":"Looter","floor":13,"turns":3},{"damage":18,"enemies":"Lagavulin","floor":14,"turns":4},{"damage":60,"enemies":"Slime Boss","floor":16,"turns":5},{"damage":0,"enemies":"2 Thieves","floor":18,"turns":3},{"damage":7,"enemies":"Chosen","floor":21,"turns":1},{"damage":43,"enemies":"Snake Plant","floor":22,"turns":2},{"damage":12,"enemies":"Gremlin Leader","floor":24,"turns":4},{"damage":0,"enemies":"Centurion and Healer","floor":25,"turns":1},{"damage":22,"enemies":"Book of Stabbing","floor":28,"turns":2},{"damage":0,"enemies":"Shelled Parasite and Fungi","floor":29,"turns":2},{"damage":0,"enemies":"Masked Bandits","floor":30,"turns":1},{"damage":5,"enemies":"KingOfGreed","floor":33,"turns":3},{"damage":0,"enemies":"3 Darklings","floor":35,"turns":1},{"damage":26,"enemies":"2 Orb Walkers","floor":36,"turns":3},{"damage":0,"enemies":"KSMOD_TheNothingMonster","floor":38,"turns":2},{"damage":0,"enemies":"Nemesis","floor":40,"turns":5},{"damage":0,"enemies":"Orb Walker","floor":41,"turns":2},{"damage":0,"enemies":"Giant Head","floor":44,"turns":3},{"damage":18,"enemies":"Sphere and 2 Shapes","floor":46,"turns":4},{"damage":0,"enemies":"4 Shapes","floor":47,"turns":1},{"damage":78,"enemies":"Nemesis","floor":48,"turns":7},{"damage":28,"enemies":"Donu and Deca","floor":50,"turns":4},{"damage":0,"enemies":"Donu and Deca","floor":51,"turns":2}],"seed_played":"-5524218249187624041","potions_obtained":[{"floor":2,"key":"AttackPotion"},{"floor":7,"key":"SpeedPotion"},{"floor":13,"key":"DuplicationPotion"},{"floor":14,"key":"AttackPotion"},{"floor":22,"key":"Strength Potion"},{"floor":25,"key":"Explosive Potion"},{"floor":33,"key":"EssenceOfSteel"},{"floor":38,"key":"PanachePotion"},{"floor":40,"key":"FearPotion"},{"floor":47,"key":"Energy Potion"}],"is_trial":false,"path_per_floor":["M","M","?","?","$","R","E","M","T","M","?","M","M","E","R","B",null,"M","?","$","M","M","R","E","M","T","$","E","M","?","?","R","B",null,"M","?","?","?","$","E","M","?","T","E","T","M","M","E","R","B",null,null],"character_chosen":"KINOMOTOSAKURA","items_purchased":["REME_HandOfSuture","PageOfSpiderBud","PageOfWizard","AT_SunfireAegis","KSMOD_Compass"],"campfire_rested":1,"item_purchase_floors":[5,5,20,39,39],"current_hp_per_floor":[40,40,40,29,29,50,31,26,26,32,32,16,11,55,55,71,75,77,77,77,73,33,33,48,54,54,54,40,56,65,65,65,63,110,110,98,98,105,105,119,123,118,118,120,120,130,131,94,94,101,117],"gold":192,"neow_bonus":"THREE_RARE_CARDS","is_daily":false,"chose_seed":false,"campfire_upgraded":4,"win_rate":0.0,"timestamp":1614182558,"path_taken":["M","M","?","?","$","R","E","M","T","M","?","M","M","E","R","BOSS","M","?","?","M","M","R","E","M","T","$","E","M","?","?","R","BOSS","M","?","?","?","$","E","M","?","T","E","?","M","M","E","R","BOSS"],"items_purchased_type":["Relic","Relic","Relic","Relic","Relic"],"build_version":"2020-12-22","purchased_purges":1,"victory":true,"max_hp_per_floor":[70,70,70,70,70,70,70,70,70,70,70,70,70,71,71,75,75,77,77,77,84,88,88,98,98,98,98,108,109,109,109,109,110,110,110,113,113,113,113,123,124,118,118,120,120,130,131,139,139,143,145],"relic_stats":{"Nunchaku":[21],"counters":[30,82],"StoneCalendar":[0],"Whetstone":["ClowCardTheShot","ClowCardTheStorm"],"Letter Opener":[69],"Boot":[0],"obtain_stats":[{"PageOfTheQueenOfHatred":40,"AT_ATBox":0,"StoneCalendar":35,"ice":0,"Whetstone":26,"Boot":48,"PageOfSpiderBud":5,"PageOfGreed":43,"PageOfWrath":44,"Nunchaku":9,"KSMOD_DarknessWand":17,"Strawberry":24,"PageOfTheKnightOfDespair":36,"PageOfWizard":20,"KSMOD_SealedWand":0,"Red Mask":30,"Toxic Egg 2":45,"KSMOD_Compass":39,"KSMOD_RollerSkates":14,"KSMOD_SealedBook":0,"PageOfLittleHelper":7,"PageOfNihil":46,"AT_EbonyIvory":28,"Letter Opener":31,"REME_HandOfSuture":5,"AT_SunfireAegis":39,"EasyGame_NEW":34,"REME_ComplimentaryCards":0},{"PageOfTheQueenOfHatred":22,"AT_ATBox":0,"StoneCalendar":19,"ice":0,"Whetstone":14,"Boot":28,"PageOfSpiderBud":2,"PageOfGreed":23,"PageOfWrath":24,"Nunchaku":4,"KSMOD_DarknessWand":9,"Strawberry":13,"PageOfTheKnightOfDespair":20,"PageOfWizard":10,"KSMOD_SealedWand":0,"Red Mask":17,"Toxic Egg 2":24,"KSMOD_Compass":21,"KSMOD_RollerSkates":8,"KSMOD_SealedBook":0,"PageOfLittleHelper":3,"PageOfNihil":26,"AT_EbonyIvory":15,"Letter Opener":17,"REME_HandOfSuture":2,"AT_SunfireAegis":21,"EasyGame_NEW":18,"REME_ComplimentaryCards":0},{"PageOfTheQueenOfHatred":59,"AT_ATBox":0,"StoneCalendar":49,"ice":0,"Whetstone":40,"Boot":76,"PageOfSpiderBud":5,"PageOfGreed":61,"PageOfWrath":64,"Nunchaku":11,"KSMOD_DarknessWand":29,"Strawberry":39,"PageOfTheKnightOfDespair":52,"PageOfWizard":32,"KSMOD_SealedWand":0,"Red Mask":45,"Toxic Egg 2":64,"KSMOD_Compass":54,"KSMOD_RollerSkates":24,"KSMOD_SealedBook":0,"PageOfLittleHelper":9,"PageOfNihil":68,"AT_EbonyIvory":42,"Letter Opener":45,"REME_HandOfSuture":5,"AT_SunfireAegis":54,"EasyGame_NEW":48,"REME_ComplimentaryCards":0}]},"card_choices":[{"not_picked":["ClowCardTheDark","ClowCardTheThunder"],"picked":"ClowCardTheFight","floor":0},{"not_picked":["ClowCardTheShadow","ClowCardTheLock","ClowCardThePower"],"picked":"SKIP","floor":1},{"not_picked":["ClowCardTheWood","ClowCardTheSleep"],"picked":"ClowCardTheFlower","floor":2},{"not_picked":["ClowCardTheMirror","ClowCardThePower"],"picked":"ClowCardTheShot","floor":7},{"not_picked":["ClowCardTheJump","ClowCardTheMove"],"picked":"ClowCardTheDream","floor":8},{"not_picked":["ClowCardTheWood","ClowCardTheChange"],"picked":"ClowCardTheMist","floor":10},{"not_picked":["ClowCardTheLoop","ClowCardTheWindy"],"picked":"ClowCardTheMist","floor":12},{"not_picked":["ClowCardTheErase","ClowCardTheShot","ClowCardTheDream"],"picked":"SKIP","floor":13},{"not_picked":["ClowCardTheLibra","ClowCardTheFly"],"picked":"ClowCardTheStorm","floor":14},{"not_picked":["ClowCardTheThunder","ClowCardTheTime"],"picked":"ClowCardTheLight","floor":16},{"not_picked":["ClowCardTheShot","ClowCardTheSilent","ClowCardTheBubbles"],"picked":"SKIP","floor":18},{"not_picked":["ClowCardTheShot","ClowCardThePower+1","ClowCardTheIllusion"],"picked":"SKIP","floor":21},{"not_picked":["ClowCardTheVoice","ClowCardTheWindy"],"picked":"ClowCardTheSweet","floor":22},{"not_picked":["ClowCardTheArrow","ClowCardTheMaze"],"picked":"ClowCardTheTwin","floor":24},{"not_picked":["ClowCardTheLoop","ClowCardTheFlower"],"picked":"ClowCardTheShadow","floor":25},{"not_picked":["ClowCardTheArrow","ClowCardTheFly"],"picked":"ClowCardTheThrough","floor":28},{"not_picked":["ClowCardTheWave","ClowCardTheMaze","ClowCardTheVoice"],"picked":"SKIP","floor":29},{"not_picked":["ClowCardTheFlower","ClowCardTheVoice"],"picked":"ClowCardTheStorm+1","floor":30},{"not_picked":["ClowCardTheDash","ClowCardTheDark"],"picked":"ClowCardTheCreate","floor":33},{"not_picked":["ClowCardTheRain","ClowCardTheStorm"],"picked":"ClowCardTheMist+1","floor":35},{"not_picked":["ClowCardThePower","ClowCardTheFlower"],"picked":"ClowCardTheMist+1","floor":38},{"not_picked":["ClowCardTheCloud","ClowCardTheMist","ClowCardTheSleep"],"picked":"SKIP","floor":40},{"not_picked":["ClowCardTheRain","ClowCardTheMist+1","ClowCardTheErase"],"picked":"SKIP","floor":41},{"not_picked":["ClowCardTheRain+1","ClowCardTheSnow","ClowCardTheFloat"],"picked":"SKIP","floor":44},{"not_picked":["ClowCardTheFirey+1","ClowCardTheLibra+1","ClowCardTheThunder"],"picked":"SKIP","floor":46},{"not_picked":["ClowCardTheVoice+1","ClowCardTheLittle","ClowCardTheEarthy+1"],"picked":"SKIP","floor":47},{"not_picked":["ClowCardTheSweet+1","ClowCardTheSnow"],"picked":"ClowCardTheShot+1","floor":48}],"player_experience":82827,"relics_obtained":[{"floor":7,"key":"PageOfLittleHelper"},{"floor":9,"key":"Nunchaku"},{"floor":14,"key":"KSMOD_RollerSkates"},{"floor":24,"key":"Strawberry"},{"floor":26,"key":"Whetstone"},{"floor":28,"key":"AT_EbonyIvory"},{"floor":30,"key":"Red Mask"},{"floor":35,"key":"StoneCalendar"},{"floor":36,"key":"PageOfTheKnightOfDespair"},{"floor":40,"key":"PageOfTheQueenOfHatred"},{"floor":43,"key":"PageOfGreed"},{"floor":44,"key":"PageOfWrath"},{"floor":45,"key":"Toxic Egg 2"},{"floor":46,"key":"PageOfNihil"},{"floor":48,"key":"Boot"}],"event_choices":[{"damage_healed":0,"gold_gain":175,"player_choice":"AGREE","damage_taken":0,"max_hp_gain":0,"max_hp_loss":0,"event_name":"Liars Game","floor":3,"gold_loss":0,"cards_obtained":["Doubt"]},{"damage_healed":0,"gold_gain":75,"player_choice":"Gather Gold","damage_taken":11,"max_hp_gain":0,"max_hp_loss":0,"event_name":"World of Goop","floor":4,"gold_loss":0},{"cards_removed":["ClowCardTheSword"],"damage_healed":0,"gold_gain":0,"player_choice":"Gave Gold","damage_taken":0,"max_hp_gain":0,"max_hp_loss":0,"event_name":"Beggar","floor":19,"gold_loss":75},{"damage_healed":0,"gold_gain":0,"player_choice":"Fought Bandits","damage_taken":0,"max_hp_gain":0,"max_hp_loss":0,"event_name":"Masked Bandits","floor":30,"gold_loss":0},{"damage_healed":0,"gold_gain":0,"player_choice":"Obtained Relic","damage_taken":0,"relics_obtained":["Letter Opener"],"max_hp_gain":0,"max_hp_loss":0,"event_name":"Addict","floor":31,"gold_loss":85},{"damage_healed":0,"gold_gain":0,"player_choice":"Fight","damage_taken":0,"max_hp_gain":0,"max_hp_loss":0,"event_name":"Mysterious Sphere","floor":36,"gold_loss":0},{"damage_healed":0,"gold_gain":0,"player_choice":"Memory 1","damage_taken":0,"max_hp_gain":0,"max_hp_loss":0,"event_name":"SensoryStone","floor":37,"gold_loss":0},{"damage_healed":0,"gold_gain":0,"player_choice":"Max HP","damage_taken":0,"max_hp_gain":0,"max_hp_loss":6,"event_name":"Winding Halls","floor":42,"gold_loss":0}],"is_beta":false,"boss_relics":[{"not_picked":["AT_MortalBlade","SlaversCollar"],"picked":"KSMOD_DarknessWand"},{"not_picked":["REME_ChargedStone","AddBug"],"picked":"EasyGame_NEW"}],"items_purged_floors":[5],"is_endless":false,"potions_floor_spawned":[2,7,13,14,22,25,33,38,40,47],"ascension_level":2}}