{"host":"6bsan6hkua32tfq7","time":1614167297,"event":{"mods":["BaseMod","Better Third Choice","Colored Map","Highlight Path","Minty Spire (QoL Compilation)","StSLib"],"gold_per_floor":[118,118,136,146,165,192,192,203,203,203,232,250,230,126,126,198,198,169,188,188,204,204,204,204,204],"floor_reached":24,"language":"ENG","playtime":705,"items_purged":["Strike_R"],"score":416,"play_id":"775aaf3c-1926-460f-9ace-f7faad2fd556","local_time":"20210224124817","is_ascension_mode":true,"campfire_choices":[{"data":"True Grit","floor":7,"key":"SMITH"},{"floor":10,"key":"REST"},{"data":"True Grit","floor":15,"key":"SMITH"},{"floor":23,"key":"REST"}],"circlet_count":0,"master_deck":["AscendersBane","Strike_R+1","Strike_R+1","Strike_R+1","Strike_R+1","Defend_R+1","Defend_R+1","Defend_R+1","Bash","Cleave","True Grit+1","Carnage","Limit Break","True Grit+1","Demon Form","Dark Embrace"],"relics":["Burning Blood","Red Skull","Singing Bowl","Blue Candle","StrikeDummy","Sozu","MutagenicStrength"],"acts_visited":["Exordium","TheCity"],"potions_floor_usage":[11,12,16,24,24],"damage_taken":[{"damage":22,"enemies":"Small Slimes","floor":1,"turns":4},{"damage":1,"enemies":"Cultist","floor":3,"turns":3},{"damage":10,"enemies":"2 Louse","floor":4,"turns":3},{"damage":11,"enemies":"Blue Slaver","floor":5,"turns":3},{"damage":32,"enemies":"Gremlin Nob","floor":6,"turns":4},{"damage":2,"enemies":"3 Louse","floor":8,"turns":2},{"damage":31,"enemies":"Lagavulin","floor":11,"turns":6},{"damage":3,"enemies":"Looter","floor":12,"turns":3},{"damage":43,"enemies":"The Guardian","floor":16,"turns":14},{"damage":19,"enemies":"2 Thieves","floor":18,"turns":4},{"damage":26,"enemies":"3 Byrds","floor":19,"turns":6},{"damage":19,"enemies":"Centurion and Healer","floor":21,"turns":4},{"damage":60,"enemies":"Gremlin Leader","floor":24,"turns":4}],"seed_played":"-9187877963331581990","potions_obtained":[{"floor":3,"key":"SkillPotion"},{"floor":11,"key":"Swift Potion"},{"floor":12,"key":"Swift Potion"},{"floor":13,"key":"BloodPotion"},{"floor":16,"key":"Swift Potion"}],"is_trial":false,"path_per_floor":["M","?","M","M","M","E","R","M","T","R","E","M","?","$","R","B",null,"M","M","?","M","?","R","E"],"character_chosen":"IRONCLAD","items_purchased":["True Grit"],"campfire_rested":2,"item_purchase_floors":[14],"current_hp_per_floor":[52,45,50,46,41,17,17,23,23,46,23,28,28,28,28,7,64,53,35,35,22,22,48,0,0],"gold":204,"neow_bonus":"RANDOM_COMMON_RELIC","is_daily":false,"chose_seed":false,"campfire_upgraded":2,"win_rate":0.0,"timestamp":1614167297,"path_taken":["M","?","M","M","M","E","R","M","T","R","E","M","?","$","R","BOSS","M","M","?","M","?","R","E"],"items_purchased_type":["Card"],"build_version":"2020-12-22","purchased_purges":1,"victory":false,"max_hp_per_floor":[75,75,75,75,75,77,77,79,79,79,81,83,83,83,83,83,83,85,87,87,87,87,87,87,87],"card_choices":[{"not_picked":["Shrug It Off","Rage"],"picked":"Cleave","floor":1},{"not_picked":["Body Slam","Infernal Blade"],"picked":"True Grit","floor":3},{"not_picked":["Shrug It Off","Dark Embrace"],"picked":"Carnage","floor":4},{"not_picked":["Fire Breathing","Flame Barrier"],"picked":"Limit Break","floor":5},{"not_picked":["Inflame","Headbutt","Havoc"],"picked":"Singing Bowl","floor":6},{"not_picked":["Sword Boomerang","Shockwave","Cleave"],"picked":"Singing Bowl","floor":8},{"not_picked":["Feel No Pain","Dark Embrace","Blood for Blood"],"picked":"Singing Bowl","floor":11},{"not_picked":["Second Wind","Shrug It Off","Perfected Strike"],"picked":"Singing Bowl","floor":12},{"not_picked":["Limit Break","Corruption"],"picked":"Demon Form","floor":16},{"not_picked":["Infernal Blade","Heavy Blade","Shrug It Off"],"picked":"Singing Bowl","floor":18},{"not_picked":["Feel No Pain","True Grit","Bloodletting"],"picked":"Singing Bowl","floor":19},{"not_picked":["Body Slam","Shockwave"],"picked":"Dark Embrace","floor":21}],"player_experience":5455355,"relics_obtained":[{"floor":6,"key":"Singing Bowl"},{"floor":9,"key":"Blue Candle"},{"floor":11,"key":"StrikeDummy"}],"event_choices":[{"cards_removed":["Defend_R"],"damage_healed":0,"gold_gain":0,"player_choice":"Card Removal","damage_taken":7,"max_hp_gain":0,"max_hp_loss":0,"event_name":"Golden Wing","floor":2,"gold_loss":0},{"damage_healed":0,"gold_gain":0,"player_choice":"Bought 1 Potion","damage_taken":0,"max_hp_gain":0,"max_hp_loss":0,"event_name":"The Woman in Blue","floor":13,"gold_loss":0},{"damage_healed":0,"gold_gain":0,"player_choice":"Inject Mutagens","damage_taken":0,"relics_obtained":["MutagenicStrength"],"max_hp_gain":0,"max_hp_loss":0,"event_name":"Drug Dealer","floor":20,"gold_loss":0},{"damage_healed":0,"gold_gain":0,"player_choice":"Simplicity","damage_taken":0,"max_hp_gain":0,"max_hp_loss":7,"event_name":"betterThird:BetterWriting","floor":22,"gold_loss":0}],"is_beta":false,"boss_relics":[{"not_picked":["Tiny House","Astrolabe"],"picked":"Sozu"}],"items_purged_floors":[14],"is_endless":false,"potions_floor_spawned":[3,11,12,16,18,21],"killed_by":"Gremlin Leader","ascension_level":20}}