{"host":"d02vqrhhew441p6s","time":1614209495,"event":{"mods":["BaseMod","Duelist Mod","Hubris","Infinite Spire","Minty Spire (QoL Compilation)","StSLib"],"gold_per_floor":[142,158,176,176,176,176,209,63,144,96,96,111,111,123,123,222,222,240,240,367,367,22,22,52,71,71,87,103,21,39,58,58,155,155,169,181,181,181,194,194,194],"floor_reached":40,"language":"ENG","playtime":2294,"items_purged":["theDuelist:GravekeeperCurse"],"score":826,"play_id":"c1810f6c-e4a6-41f1-b8b0-a0c8126723c8","local_time":"20210225003135","is_ascension_mode":true,"campfire_choices":[{"data":"theDuelist:ShallowGrave","floor":6,"key":"SMITH"},{"floor":11,"key":"REST"},{"floor":15,"key":"REST"},{"data":"theDuelist:UltraPolymerization","floor":23,"key":"SMITH"},{"data":"theDuelist:VampireDomain","floor":32,"key":"SMITH"}],"circlet_count":0,"master_deck":["theDuelist:ZombieCorpse","theDuelist:ZombieCorpse","theDuelist:ZombieCorpse","theDuelist:ZombieCorpse","theDuelist:ArchfiendZombieSkull","theDuelist:ArmoredZombie","theDuelist:ArmoredZombie","AscendersBane","theDuelist:ClownZombie","theDuelist:ClownZombie","theDuelist:PatricianDarkness","theDuelist:ShallowGrave+1","theDuelist:TutanMask","theDuelist:Chopman","theDuelist:FireReaper","theDuelist:GhostrickGhoul","infinitespire:Execution","theDuelist:GigastoneOmega","theDuelist:VampireGrimson","theDuelist:VampireDuke","theDuelist:UltraPolymerization+1","theDuelist:VampireGrace","theDuelist:FuryFire","theDuelist:VampireDomination+1","theDuelist:AbsorbFusion","theDuelist:GhostReaper","theDuelist:VampireVamp","theDuelist:VampireFamiliar","theDuelist:VampireDomain+1","theDuelist:VendreadNightmare","theDuelist:GhostrickWitch+1","theDuelist:FutureFusion+1","infinitespire:Collect","theDuelist:ShiranuiSunsaga+1"],"relics":["theDuelist:MillenniumPuzzle","theDuelist:CardPoolRelic","theDuelist:CardPoolBasicRelic","theDuelist:BoosterPackPoolRelic","theDuelist:CardPoolAddRelic","theDuelist:CardPoolMinusRelic","theDuelist:CardPoolSaveRelic","theDuelist:CardPoolOptionsRelic","NeowsBlessing","Pen Nib","hubris:OldNail","hubris:Metronome","theDuelist:HauntedRelic","hubris:Icosahedron","Red Mask","hubris:BottledHeart","Strawberry","theDuelist:ZoneToken","theDuelist:DuelistLetterOpener","hubris:TerracottaHorce","Coffee Dripper","theDuelist:InversionRelic"],"acts_visited":["Exordium","TheCity","TheBeyond"],"potions_floor_usage":[7,28,33,33,40],"damage_taken":[{"damage":0,"enemies":"Cultist","floor":1,"turns":1},{"damage":0,"enemies":"2 Louse","floor":2,"turns":1},{"damage":0,"enemies":"Small Slimes","floor":3,"turns":1},{"damage":42,"enemies":"3 Sentries","floor":7,"turns":10},{"damage":13,"enemies":"Blue Slaver","floor":12,"turns":3},{"damage":0,"enemies":"3 Louse","floor":14,"turns":3},{"damage":0,"enemies":"The Guardian","floor":16,"turns":5},{"damage":23,"enemies":"2 Thieves","floor":18,"turns":4},{"damage":4,"enemies":"Masked Bandits","floor":20,"turns":3},{"damage":0,"enemies":"Book of Stabbing","floor":24,"turns":3},{"damage":0,"enemies":"Spheric Guardian","floor":25,"turns":4},{"damage":0,"enemies":"3 Cultists","floor":27,"turns":4},{"damage":0,"enemies":"Shelled Parasite and Fungi","floor":28,"turns":3},{"damage":0,"enemies":"Centurion and Healer","floor":30,"turns":2},{"damage":0,"enemies":"Chosen and Byrds","floor":31,"turns":4},{"damage":0,"enemies":"Champ","floor":33,"turns":7},{"damage":0,"enemies":"3 Darklings","floor":35,"turns":2},{"damage":0,"enemies":"3 Shapes","floor":36,"turns":2},{"damage":0,"enemies":"Transient","floor":39,"turns":5},{"damage":1,"enemies":"Giant Head","floor":40,"turns":7}],"seed_played":"-6036254779325195573","potions_obtained":[{"floor":1,"key":"theDuelist:StunPotion"},{"floor":7,"key":"Swift Potion"},{"floor":14,"key":"theDuelist:MillenniumElixir"},{"floor":27,"key":"theDuelist:VampirePotion"},{"floor":30,"key":"Swift Potion"},{"floor":31,"key":"AttackPotion"},{"floor":39,"key":"theDuelist:VampireVial"}],"is_trial":false,"path_per_floor":["M","M","M","?","?","R","E","$","T","$","R","M","?","M","R","B",null,"M","?","?","?","$","R","E","M","T","M","M","$","M","M","R","B",null,"M","M","?","AVR","M","E"],"character_chosen":"THE_DUELIST","items_purchased":["hubris:OldNail","theDuelist:VampireGrimson","theDuelist:VampireDomination","Strawberry","theDuelist:VampireFraulein","theDuelist:VampireVamp"],"campfire_rested":2,"item_purchase_floors":[8,10,22,22,22,29],"current_hp_per_floor":[72,72,72,51,51,51,9,9,9,9,33,20,20,20,44,44,71,48,48,44,1,1,1,1,1,1,1,1,1,1,1,1,1,1,1,1,1,1,1,0,0],"gold":194,"neow_bonus":"THREE_ENEMY_KILL","is_daily":false,"chose_seed":false,"campfire_upgraded":3,"win_rate":0.0,"timestamp":1614209495,"path_taken":["M","M","?","?","?","R","E","$","T","?","R","M","?","M","R","BOSS","M","?","?","?","$","R","E","M","T","M","M","?","M","M","R","BOSS","M","M","?","AVR","?","E"],"items_purchased_type":["Relic","Card","Card","Relic","Card","Card"],"build_version":"2020-12-22","purchased_purges":1,"victory":false,"max_hp_per_floor":[80,80,80,80,80,80,80,80,80,80,80,80,80,80,80,80,80,80,80,80,1,1,1,1,1,1,1,1,1,1,1,1,1,1,1,1,1,1,1,1,1],"card_choices":[{"not_picked":["theDuelist:WightLady","theDuelist:SkullServant","theDuelist:Kasha","theDuelist:GoblinZombie"],"picked":"theDuelist:Chopman","floor":1},{"not_picked":["theDuelist:SkullServant","theDuelist:DoubleCoston","theDuelist:VampireFraulein","theDuelist:SpiritPharaoh"],"picked":"theDuelist:FireReaper","floor":2},{"not_picked":["theDuelist:Kasha","theDuelist:Mezuki","theDuelist:Tsukahagi","theDuelist:Wightprince"],"picked":"theDuelist:GhostrickGhoul","floor":3},{"not_picked":["infinitespire:FutureSight","infinitespire:NeuralNetwork"],"picked":"infinitespire:Execution","floor":4},{"not_picked":["theDuelist:Relinkuriboh","theDuelist:RebornZombie","theDuelist:Skullgios","theDuelist:FossilDragon"],"picked":"theDuelist:GigastoneOmega","floor":7},{"not_picked":["theDuelist:VampireVamp","theDuelist:GhostrickWarwolf","theDuelist:GhostrickStein","theDuelist:Yasha"],"picked":"theDuelist:VampireDuke","floor":12},{"not_picked":["theDuelist:GhostrickAlucard","theDuelist:UniZombie","theDuelist:PoisonMummy","theDuelist:VampireSucker"],"picked":"theDuelist:VampireDragon","floor":14},{"not_picked":["theDuelist:VendreadStriges","theDuelist:OverpoweringEye","theDuelist:MonsterReborn","theDuelist:BookLife"],"picked":"theDuelist:UltraPolymerization","floor":16},{"not_picked":["theDuelist:YukiOnnaAbsolute","theDuelist:VendreadDaybreak","theDuelist:RobbinZombie","theDuelist:DecayedCommander"],"picked":"theDuelist:VampireGrace","floor":18},{"not_picked":["theDuelist:ShiranuiSpectralsword","theDuelist:SkullFlame","theDuelist:Skullgios","theDuelist:PMCaptor"],"picked":"theDuelist:FuryFire","floor":20},{"not_picked":["theDuelist:VendreadAnima+1","theDuelist:SpiritReaper","theDuelist:GhostrickMuseum","theDuelist:CallMummy"],"picked":"theDuelist:AbsorbFusion","floor":24},{"not_picked":["theDuelist:FireReaper","theDuelist:GhostrickSpecter","theDuelist:PhantomGhost+1","theDuelist:Mispolymerization"],"picked":"theDuelist:GhostReaper","floor":25},{"not_picked":["theDuelist:GhostrickYeti","theDuelist:Tsukahagi","theDuelist:IlBlud","theDuelist:FossilSkullKing"],"picked":"theDuelist:VampireGrimson","floor":27},{"not_picked":["theDuelist:CorrodingShark","theDuelist:Skullgios","theDuelist:PMCaptor","theDuelist:GigastoneOmega","theDuelist:SkullFlame"],"picked":"SKIP","floor":28},{"not_picked":["theDuelist:OvertexQoatlus","theDuelist:SkullConductor","theDuelist:AshBlossom+1","theDuelist:DoomkingBalerdroch"],"picked":"theDuelist:VampireFamiliar","floor":30},{"not_picked":["theDuelist:ZombiePowerStruggle","theDuelist:VampireKingdom","theDuelist:DimensionFusion+1"],"picked":"theDuelist:VampireDomain","floor":31},{"not_picked":["theDuelist:Scapeghost","theDuelist:RobbinZombie+1","theDuelist:OverpoweringEye","theDuelist:MayakashiWinter+1"],"picked":"theDuelist:VendreadNightmare","floor":33},{"not_picked":["theDuelist:GhostrickFairy","theDuelist:GhostrickNekomusume","theDuelist:GhostrickSocuteboss","theDuelist:GhostrickYukiOnna"],"picked":"theDuelist:GhostrickWitch+1","floor":35},{"not_picked":["theDuelist:CorrodingShark","theDuelist:RedHeadedOni","theDuelist:Skullgios","theDuelist:DarkAssailant"],"picked":"theDuelist:FutureFusion+1","floor":36},{"not_picked":["theDuelist:ShiranuiSpectralsword+1","theDuelist:ShiranuiSpectralswordShade","theDuelist:ShiranuiSquire+1","theDuelist:ShiranuiSwordsaga"],"picked":"theDuelist:ShiranuiSunsaga+1","floor":39}],"player_experience":582314,"relics_obtained":[{"floor":7,"key":"Pen Nib"},{"floor":9,"key":"hubris:Metronome"},{"floor":20,"key":"Red Mask"},{"floor":24,"key":"theDuelist:ZoneToken"},{"floor":26,"key":"theDuelist:DuelistLetterOpener"}],"event_choices":[{"damage_healed":0,"gold_gain":0,"player_choice":"Leave","duelist":true,"damage_taken":0,"max_hp_gain":0,"max_hp_loss":0,"event_name":"Egyptian Village","floor":5,"gold_loss":0},{"damage_healed":0,"gold_gain":0,"player_choice":"Worship - 20% roll at +12 Max HP","duelist":true,"damage_taken":0,"max_hp_gain":0,"max_hp_loss":0,"event_name":"Tomb of the Nameless","floor":13,"gold_loss":0},{"damage_healed":0,"gold_gain":0,"player_choice":"Fought Bandits","damage_taken":0,"max_hp_gain":0,"max_hp_loss":0,"event_name":"Masked Bandits","floor":20,"gold_loss":0},{"damage_healed":0,"gold_gain":0,"player_choice":"Forge","damage_taken":0,"max_hp_gain":0,"max_hp_loss":0,"event_name":"Accursed Blacksmith","floor":37,"gold_loss":0,"cards_upgraded":["theDuelist:VampireDomination"]}],"is_beta":false,"boss_relics":[{"not_picked":["theDuelist:ElectricKey","hubris:VirtuousBlindfold"],"picked":"theDuelist:HauntedRelic"},{"not_picked":["Runic Dome","Runic Cube"],"picked":"hubris:TerracottaHorce"}],"items_purged_floors":[22],"is_endless":false,"potions_floor_spawned":[1,7,14,16,18,25,27,30,31,39],"killed_by":"Giant Head","ascension_level":11}}