{"host":"rb2p2z6v6vieend5","time":1614209856,"event":{"mods":["BaseMod","Block Reminder","Colored Map","DeckTracker","Highlight Path","Minty Spire (QoL Compilation)","Random Character Button","Relic Stats"],"gold_per_floor":[115,78,78,94,113,147,147,172,222,247,247,261,277,277,277,379,379,393,410,430,529,529,529,529],"floor_reached":23,"language":"ENG","playtime":1169,"items_purged":[],"score":320,"play_id":"2362d07a-8390-4112-b47f-b343f9091526","local_time":"20210225003736","is_ascension_mode":true,"campfire_choices":[{"floor":11,"key":"REST"},{"floor":15,"key":"REST"}],"circlet_count":0,"master_deck":["Strike_P","Strike_P","Strike_P","Strike_P","Defend_P+1","Defend_P+1","Defend_P","Eruption","Vigilance","PathToVictory","EmptyBody","TalkToTheHand","Conclude","PathToVictory","ThirdEye","PathToVictory","LessonLearned","Protect"],"relics":["Black Star","Singing Bowl","Ancient Tea Set","Orichalcum","Tiny Chest","Strawberry","Oddly Smooth Stone","Mummified Hand","SlaversCollar","StoneCalendar"],"acts_visited":["Exordium","TheCity"],"potions_floor_usage":[6,20,23],"damage_taken":[{"damage":0,"enemies":"Jaw Worm","floor":1,"turns":4},{"damage":0,"enemies":"Small Slimes","floor":4,"turns":2},{"damage":0,"enemies":"Cultist","floor":5,"turns":3},{"damage":16,"enemies":"Gremlin Nob","floor":6,"turns":3},{"damage":20,"enemies":"Lagavulin","floor":8,"turns":9},{"damage":22,"enemies":"3 Sentries","floor":10,"turns":9},{"damage":5,"enemies":"3 Louse","floor":12,"turns":6},{"damage":0,"enemies":"Blue Slaver","floor":13,"turns":4},{"damage":10,"enemies":"The Guardian","floor":16,"turns":7},{"damage":8,"enemies":"Chosen","floor":18,"turns":6},{"damage":35,"enemies":"Spheric Guardian","floor":19,"turns":6},{"damage":24,"enemies":"Chosen and Byrds","floor":20,"turns":7},{"damage":18,"enemies":"Slavers","floor":23,"turns":2}],"seed_played":"8668627522486348927","potions_obtained":[{"floor":1,"key":"FearPotion"},{"floor":5,"key":"FearPotion"},{"floor":10,"key":"LiquidMemories"},{"floor":13,"key":"Explosive Potion"},{"floor":16,"key":"AttackPotion"}],"is_trial":false,"path_per_floor":["M","?","?","M","M","E","?","E","T","E","R","M","M","?","R","B",null,"M","M","M","?","T","E"],"character_chosen":"WATCHER","items_purchased":[],"campfire_rested":2,"item_purchase_floors":[],"current_hp_per_floor":[65,65,51,51,51,35,40,20,27,5,30,27,29,29,55,45,77,71,38,14,14,14,0,0],"gold":529,"neow_bonus":"BOSS_RELIC","is_daily":false,"chose_seed":false,"campfire_upgraded":0,"win_rate":0.0,"timestamp":1614209856,"path_taken":["M","?","?","M","?","E","?","E","T","E","R","M","M","?","R","BOSS","M","?","M","?","?","E"],"items_purchased_type":[],"build_version":"2020-12-22","purchased_purges":0,"victory":false,"max_hp_per_floor":[72,72,72,72,72,72,77,77,84,84,84,86,88,88,88,88,88,90,92,92,92,92,92,92],"relic_stats":{"Singing Bowl":8,"counters":[13,68],"Mummified Hand":[0],"Tiny Chest":1,"StoneCalendar":[0],"Black Star":3,"Orichalcum":[54],"obtain_stats":[{"SlaversCollar":17,"Singing Bowl":6,"Mummified Hand":10,"Strawberry":9,"Oddly Smooth Stone":10,"Tiny Chest":8,"StoneCalendar":22,"Black Star":0,"PureWater":0,"Orichalcum":8,"Ancient Tea Set":6},{"SlaversCollar":9,"Singing Bowl":4,"Mummified Hand":6,"Strawberry":5,"Oddly Smooth Stone":6,"Tiny Chest":5,"StoneCalendar":12,"Black Star":0,"PureWater":0,"Orichalcum":5,"Ancient Tea Set":4},{"SlaversCollar":47,"Singing Bowl":12,"Mummified Hand":30,"Strawberry":21,"Oddly Smooth Stone":30,"Tiny Chest":21,"StoneCalendar":66,"Black Star":0,"PureWater":0,"Orichalcum":21,"Ancient Tea Set":12}]},"card_choices":[{"not_picked":["Pray","WreathOfFlame"],"picked":"PathToVictory","floor":1},{"not_picked":["InnerPeace","Swivel"],"picked":"EmptyBody","floor":4},{"not_picked":["PathToVictory","DeusExMachina"],"picked":"TalkToTheHand","floor":5},{"not_picked":["BattleHymn","Blasphemy"],"picked":"Conclude","floor":6},{"not_picked":["FearNoEvil","SandsOfTime"],"picked":"PathToVictory","floor":8},{"not_picked":["Evaluate","BowlingBash"],"picked":"ThirdEye","floor":10},{"not_picked":["JustLucky","Crescendo","FearNoEvil"],"picked":"Singing Bowl","floor":12},{"not_picked":["CrushJoints","Consecrate","FlurryOfBlows"],"picked":"Singing Bowl","floor":13},{"not_picked":["Brilliance","DeusExMachina"],"picked":"LessonLearned","floor":16},{"not_picked":["WreathOfFlame+1","Indignation","Swivel"],"picked":"Singing Bowl","floor":18},{"not_picked":["EmptyFist","FlurryOfBlows","Study"],"picked":"Singing Bowl","floor":19},{"not_picked":["Conclude","ClearTheMind"],"picked":"Protect","floor":20}],"player_experience":820158,"relics_obtained":[{"floor":6,"key":"Singing Bowl"},{"floor":6,"key":"Ancient Tea Set"},{"floor":8,"key":"Orichalcum"},{"floor":8,"key":"Tiny Chest"},{"floor":9,"key":"Strawberry"},{"floor":10,"key":"Oddly Smooth Stone"},{"floor":10,"key":"Mummified Hand"},{"floor":22,"key":"StoneCalendar"}],"event_choices":[{"damage_healed":0,"gold_gain":0,"player_choice":"Left Gold","damage_taken":0,"max_hp_gain":0,"max_hp_loss":0,"event_name":"World of Goop","floor":2,"gold_loss":37},{"damage_healed":0,"gold_gain":0,"player_choice":"Entered Light","damage_taken":14,"max_hp_gain":0,"max_hp_loss":0,"event_name":"Shining Light","floor":3,"gold_loss":0,"cards_upgraded":["Defend_P","Defend_P"]},{"damage_healed":0,"gold_gain":0,"player_choice":"Donut","damage_taken":0,"max_hp_gain":5,"max_hp_loss":0,"event_name":"Big Fish","floor":7,"gold_loss":0},{"damage_healed":0,"gold_gain":0,"cards_transformed":["Defend_P"],"player_choice":"Transformed","damage_taken":0,"max_hp_gain":0,"max_hp_loss":0,"event_name":"Transmorgrifier","floor":14,"gold_loss":0,"cards_obtained":["PathToVictory"]},{"damage_healed":0,"gold_gain":99,"player_choice":"Stole From Cult","damage_taken":0,"max_hp_gain":0,"max_hp_loss":0,"event_name":"Nest","floor":21,"gold_loss":0}],"is_beta":false,"boss_relics":[{"not_picked":["Ectoplasm","VioletLotus"],"picked":"SlaversCollar"}],"items_purged_floors":[],"is_endless":false,"potions_floor_spawned":[1,5,10,13,16],"killed_by":"Slavers","ascension_level":8}}