{"host":"ibonnlq6s1c814xj","time":1614172992,"event":{"mods":["BaseMod","BetterRewards","Minty Spire (QoL Compilation)","Quick Restart","Shop Mod","[功能]功能增强和修复MOD","【遗物卡牌】REMEMod"],"gold_per_floor":[114,114,129,142,6,46,121,121,121],"floor_reached":8,"language":"ZHS","playtime":511,"items_purged":["Strike_G","REME_WheelOfFate","Strike_G","Strike_G"],"score":64,"play_id":"7b83c624-125c-47e9-92e3-97ec5d5639a5","local_time":"20210224212312","is_ascension_mode":true,"campfire_choices":[],"circlet_count":0,"master_deck":["Strike_G","Strike_G","Defend_G","Defend_G","Defend_G","Defend_G","Defend_G","Survivor","Neutralize","REME_GreenPollution+1","Prepared","Concentrate","Footwork+1","REME_ShadowStrike"],"relics":["REME_ComplimentaryCards","Frozen Egg 2","The Specimen","REME_DuelDisc","MerchantsRug","Golden Idol","Turnip","PreservedInsect"],"acts_visited":["Exordium"],"potions_floor_usage":[3,5],"damage_taken":[{"damage":0,"enemies":"Jaw Worm","floor":1,"turns":4},{"damage":0,"enemies":"2 Louse","floor":3,"turns":2},{"damage":0,"enemies":"Small Slimes","floor":4,"turns":2},{"damage":51,"enemies":"Gremlin Nob","floor":6,"turns":6},{"damage":22,"enemies":"Lagavulin","floor":8,"turns":5}],"seed_played":"-4792726602628298576","potions_obtained":[{"floor":1,"key":"AttackPotion"},{"floor":1,"key":"Poison Potion"},{"floor":3,"key":"REME_GoldPotion"},{"floor":4,"key":"EntropicBrew"}],"is_trial":false,"path_per_floor":["M","?","M","M","$","E","?","E"],"character_chosen":"THE_SILENT","items_purchased":["Frozen Egg 2","REME_GreenPollution+1","MerchantsRug","Prepared","Turnip"],"campfire_rested":0,"item_purchase_floors":[0,0,0,0,5],"current_hp_per_floor":[70,53,53,53,53,2,21,0,0],"gold":121,"neow_bonus":"","is_daily":false,"chose_seed":false,"campfire_upgraded":0,"win_rate":0.0,"timestamp":1614172992,"path_taken":["M","?","M","M","$","E","?","E"],"items_purchased_type":["Relic","Card","Relic","Card","Relic"],"build_version":"2020-12-22","purchased_purges":4,"victory":false,"max_hp_per_floor":[70,70,70,70,70,70,70,70,70],"card_choices":[{"not_picked":["Terror","Well Laid Plans+1"],"picked":"Concentrate","floor":1},{"not_picked":["Slice","Outmaneuver"],"picked":"Footwork+1","floor":3},{"not_picked":["Eviscerate","PiercingWail","Escape Plan"],"picked":"SKIP","floor":4},{"not_picked":["All Out Attack","Underhanded Strike"],"picked":"REME_ShadowStrike","floor":6}],"player_experience":198529,"relics_obtained":[{"floor":6,"key":"PreservedInsect"}],"event_choices":[{"damage_healed":0,"gold_gain":0,"player_choice":"Take Damage","damage_taken":17,"relics_obtained":["Golden Idol"],"max_hp_gain":0,"max_hp_loss":0,"event_name":"Golden Idol","floor":2,"gold_loss":0},{"damage_healed":0,"gold_gain":75,"player_choice":"Gather Gold","damage_taken":11,"max_hp_gain":0,"max_hp_loss":0,"event_name":"World of Goop","floor":7,"gold_loss":0}],"is_beta":false,"boss_relics":[],"items_purged_floors":[0,0,0,5],"is_endless":false,"potions_floor_spawned":[1,1,3,4],"killed_by":"Lagavulin","ascension_level":3}}