{"host":"tlbbab9afexrkdtf","time":1614197213,"event":{"mods":["2.2 Compatiblity","AchievementEnabler","BaseMod","Colored Map","Colored Powertips","Minty Spire (QoL Compilation)","Rare Cards Sparkle","StSLib"],"gold_per_floor":[115,115,42,7,18,18,18,36,87,87,107,139,153,187,187,289,289,304,320,102,102,121,150,150,150,176,176,21,52,52,71,71,170,170,181,181,181,181,195,195,223,240,266,12,37,37,37,3,3,3,3,3,3,3,3],"floor_reached":54,"language":"ENG","playtime":2056,"items_purged":["Shame"],"score":980,"play_id":"13d7d0e0-eb47-45fe-8442-758738bc5e5c","local_time":"20210224150653","is_ascension_mode":true,"campfire_choices":[{"floor":6,"key":"RECALL"},{"floor":10,"key":"REST"},{"floor":15,"key":"REST"},{"data":"After Image","floor":24,"key":"SMITH"},{"floor":27,"key":"REST"},{"data":"Footwork","floor":32,"key":"SMITH"},{"floor":40,"key":"REST"},{"data":"Magnetism","floor":47,"key":"SMITH"},{"data":"Sadistic Nature","floor":49,"key":"SMITH"},{"floor":52,"key":"REST"}],"circlet_count":0,"master_deck":["Strike_G+1","Strike_G+1","Strike_G+1","Strike_G+1","Defend_G+1","Defend_G+1","Defend_G+1","Defend_G+1","Defend_G+1","Survivor","Neutralize","Dash","Footwork","Sucker Punch","Flying Knee","Adrenaline","Terror","Leg Sweep","Dodge and Roll","After Image+1","Caltrops+1","Finisher","Footwork+1","Backstab","Deflect+1","Tools of the Trade","Slice","Glass Knife","PiercingWail+1","Sadistic Nature+1","Mind Blast","Jack Of All Trades","Prepared+1","Magnetism+1","Bandage Up","Deflect+1","Terror"],"relics":["Velvet Choker","Centennial Puzzle","Bag of Preparation","Anchor","Art of War","Busted Crown","Bronze Scales","Boot","Membership Card","Lizard Tail","Darkstone Periapt","Runic Pyramid","Snake Skull","Omamori","Pen Nib","PreservedInsect","Toy Ornithopter"],"acts_visited":["TheCity","TheBeyond","TheEnding"],"potions_floor_usage":[12,18,41,41,45,50],"damage_taken":[{"damage":0,"enemies":"Small Slimes","floor":1,"turns":5},{"damage":0,"enemies":"Jaw Worm","floor":5,"turns":4},{"damage":1,"enemies":"2 Louse","floor":8,"turns":3},{"damage":0,"enemies":"Exordium Thugs","floor":11,"turns":5},{"damage":15,"enemies":"3 Sentries","floor":12,"turns":8},{"damage":0,"enemies":"Blue Slaver","floor":13,"turns":3},{"damage":5,"enemies":"Gremlin Nob","floor":14,"turns":4},{"damage":23,"enemies":"Hexaghost","floor":16,"turns":13},{"damage":31,"enemies":"3 Byrds","floor":18,"turns":9},{"damage":0,"enemies":"Shell Parasite","floor":19,"turns":5},{"damage":3,"enemies":"Snake Plant","floor":22,"turns":4},{"damage":0,"enemies":"Slavers","floor":23,"turns":7},{"damage":0,"enemies":"Book of Stabbing","floor":29,"turns":5},{"damage":7,"enemies":"3 Cultists","floor":31,"turns":6},{"damage":14,"enemies":"Automaton","floor":33,"turns":14},{"damage":13,"enemies":"3 Shapes","floor":35,"turns":4},{"damage":0,"enemies":"Orb Walker","floor":39,"turns":2},{"damage":47,"enemies":"Reptomancer","floor":41,"turns":7},{"damage":3,"enemies":"Spire Growth","floor":42,"turns":4},{"damage":12,"enemies":"Nemesis","floor":45,"turns":5},{"damage":149,"enemies":"Awakened One","floor":50,"turns":16},{"damage":82,"enemies":"Shield and Spear","floor":54,"turns":3}],"seed_played":"-6710708905706693498","potions_obtained":[{"floor":1,"key":"Strength Potion"},{"floor":5,"key":"Ancient Potion"},{"floor":13,"key":"FairyPotion"},{"floor":14,"key":"Regen Potion"},{"floor":23,"key":"Block Potion"},{"floor":39,"key":"AttackPotion"},{"floor":42,"key":"Swift Potion"},{"floor":45,"key":"Fruit Juice"}],"is_trial":false,"path_per_floor":["M","?","$","?","M","R","?","M","T","R","M","E","M","E","R","B",null,"M","M","$","?","M","E","R","?","T","R","$","E","?","M","R","B",null,"M","?","?","T","M","R","E","M","T","$","E","?","R","$","R","B",null,"R","$","E"],"character_chosen":"THE_SILENT","items_purchased":["Footwork","Bronze Scales","Footwork","Membership Card","PreservedInsect","Magnetism","Bandage Up","Terror"],"campfire_rested":5,"item_purchase_floors":[3,20,20,28,44,44,44,48],"current_hp_per_floor":[70,56,56,70,70,70,52,51,51,70,70,55,55,50,70,47,64,45,45,45,45,42,42,42,42,42,63,63,63,69,62,62,48,69,56,46,46,46,46,68,21,18,18,18,20,81,81,81,81,13,64,81,81,0,0],"gold":3,"neow_bonus":"BOSS_RELIC","is_daily":false,"chose_seed":false,"campfire_upgraded":4,"win_rate":0.0,"timestamp":1614197213,"path_taken":["M","?","$","?","M","R","?","M","T","R","M","E","M","E","R","BOSS","M","M","$","?","M","E","R","?","T","R","$","E","?","?","R","BOSS","M","?","?","?","M","R","E","M","T","$","E","?","R","$","R","BOSS","R","$","E"],"items_purchased_type":["Card","Relic","Card","Relic","Relic","Card","Card","Card"],"build_version":"2020-12-22","purchased_purges":1,"victory":false,"max_hp_per_floor":[70,70,70,70,70,70,70,70,70,70,70,70,70,70,70,70,70,70,70,70,70,70,70,70,70,70,70,70,70,76,76,76,76,76,76,76,76,76,76,76,76,76,76,76,81,81,81,81,81,81,81,81,81,81,81],"card_choices":[{"not_picked":["Backstab","Outmaneuver"],"picked":"Dash","floor":1},{"not_picked":["Deadly Poison","Distraction"],"picked":"Sucker Punch","floor":5},{"not_picked":["Deadly Poison","PiercingWail"],"picked":"Flying Knee","floor":8},{"not_picked":["Terror","Dagger Spray"],"picked":"Adrenaline","floor":11},{"not_picked":["Cloak And Dagger","Dagger Throw"],"picked":"Terror","floor":12},{"not_picked":["Well Laid Plans","Calculated Gamble"],"picked":"Leg Sweep","floor":13},{"not_picked":["Crippling Poison","Choke"],"picked":"Dodge and Roll","floor":14},{"not_picked":["Night Terror","Tools of the Trade"],"picked":"After Image","floor":16},{"not_picked":[],"picked":"Caltrops+1","floor":18},{"not_picked":[],"picked":"Finisher","floor":19},{"not_picked":[],"picked":"Backstab","floor":22},{"not_picked":[],"picked":"Deflect+1","floor":23},{"not_picked":[],"picked":"Tools of the Trade","floor":29},{"not_picked":[],"picked":"Slice","floor":31},{"not_picked":[],"picked":"Glass Knife","floor":33},{"not_picked":[],"picked":"PiercingWail+1","floor":35},{"not_picked":[],"picked":"Sadistic Nature","floor":36},{"not_picked":[],"picked":"Mind Blast","floor":36},{"not_picked":[],"picked":"Jack Of All Trades","floor":36},{"not_picked":["Flechettes"],"picked":"SKIP","floor":39},{"not_picked":[],"picked":"Prepared+1","floor":41},{"not_picked":["Setup"],"picked":"SKIP","floor":42},{"not_picked":[],"picked":"Deflect+1","floor":45}],"player_experience":359998,"relics_obtained":[{"floor":9,"key":"Bag of Preparation"},{"floor":12,"key":"Anchor"},{"floor":14,"key":"Art of War"},{"floor":23,"key":"Boot"},{"floor":29,"key":"Lizard Tail"},{"floor":38,"key":"Snake Skull"},{"floor":41,"key":"Omamori"},{"floor":43,"key":"Pen Nib"},{"floor":45,"key":"Toy Ornithopter"}],"event_choices":[{"damage_healed":0,"gold_gain":0,"player_choice":"Entered Light","damage_taken":14,"max_hp_gain":0,"max_hp_loss":0,"event_name":"Shining Light","floor":2,"gold_loss":0,"cards_upgraded":["Defend_G","Defend_G"]},{"damage_healed":17,"gold_gain":0,"player_choice":"Healed","damage_taken":0,"max_hp_gain":0,"max_hp_loss":0,"event_name":"The Cleric","floor":4,"gold_loss":35},{"damage_healed":0,"gold_gain":0,"player_choice":"Success","damage_taken":18,"relics_obtained":["Centennial Puzzle"],"max_hp_gain":0,"max_hp_loss":0,"event_name":"Scrap Ooze","floor":7,"gold_loss":0},{"damage_healed":0,"gold_gain":0,"player_choice":"Simplicity","damage_taken":0,"max_hp_gain":0,"max_hp_loss":0,"event_name":"Back to Basics","floor":21,"gold_loss":0,"cards_upgraded":["Strike_G","Strike_G","Strike_G","Strike_G","Strike_G","Defend_G","Defend_G","Defend_G"]},{"damage_healed":0,"gold_gain":0,"player_choice":"Ignored","damage_taken":0,"max_hp_gain":0,"max_hp_loss":0,"event_name":"Vampires","floor":25,"gold_loss":0},{"damage_healed":0,"gold_gain":0,"player_choice":"Stole Relic","damage_taken":0,"relics_obtained":["Darkstone Periapt"],"max_hp_gain":0,"max_hp_loss":0,"event_name":"Addict","floor":30,"gold_loss":0,"cards_obtained":["Shame"]},{"damage_healed":0,"gold_gain":0,"player_choice":"Memory 3","damage_taken":10,"max_hp_gain":0,"max_hp_loss":0,"event_name":"SensoryStone","floor":36,"gold_loss":0},{"cards_removed":["Strike_G"],"damage_healed":0,"gold_gain":0,"player_choice":"Removed Attack","damage_taken":0,"max_hp_gain":0,"max_hp_loss":0,"event_name":"Falling","floor":37,"gold_loss":0},{"damage_healed":61,"gold_gain":0,"player_choice":"Heal","damage_taken":0,"max_hp_gain":0,"max_hp_loss":0,"event_name":"MindBloom","floor":46,"gold_loss":0,"cards_obtained":["Doubt"]}],"is_beta":false,"boss_relics":[{"not_picked":["Snecko Eye","Black Star"],"picked":"Busted Crown"},{"not_picked":["Philosopher\u0027s Stone","SacredBark"],"picked":"Runic Pyramid"}],"items_purged_floors":[44],"is_endless":false,"potions_floor_spawned":[1,5,13,14,23,31,33,39,42,45],"killed_by":"Shield and Spear","ascension_level":5}}