{"host":"sav7uxregyirlf69","time":1614154366,"event":{"mods":["AchievementEnabler","BaseMod","Colored Map","DeckTracker","Keyboard Shortcuts","Minty Spire (QoL Compilation)","READ ME - Guardian Mod","StSLib","SuperFastMode"],"gold_per_floor":[112,112,37,37,57,57,74,100,125,125,151,151,180,195,195,268,268,287,50,50,50,64,64,8,36,63,88,101,101,113,131,131,205,205,219,199,209,228,253,253,63,63,87,87,87,118,132,150,150,150,150,150],"floor_reached":51,"language":"KOR","playtime":1365,"items_purged":["Strike_R"],"score":1380,"play_id":"f9e20799-dd9a-4589-8061-c215f98b0ed3","local_time":"20210224171246","is_ascension_mode":true,"campfire_choices":[{"data":"Bash","floor":6.0,"key":"SMITH"},{"floor":10.0,"key":"REST"},{"data":"Bloodletting","floor":12.0,"key":"SMITH"},{"floor":15.0,"key":"REST"},{"data":"Demon Form","floor":23.0,"key":"SMITH"},{"floor":32,"key":"RECALL"},{"data":"Limit Break","floor":40,"key":"SMITH"},{"data":"Heavy Blade","floor":42,"key":"SMITH"},{"data":"Intimidate","floor":44,"key":"SMITH"},{"data":"Pummel","floor":49,"key":"SMITH"}],"circlet_count":0,"master_deck":["AscendersBane","Strike_R","Strike_R","Defend_R","Defend_R","Defend_R","Bash+1","Demon Form+1","Intimidate+1","Pommel Strike","Dropkick","Bloodletting+1","Pummel+1","Reaper","Blood for Blood","Disarm+1","Dark Embrace","Limit Break+1","Sword Boomerang+1","Heavy Blade+1","Shockwave+1","Shrug It Off","Pummel"],"relics":["Burning Blood","MealTicket","Lantern","Bag of Preparation","Gremlin Horn","PreservedInsect","Snecko Eye","Toy Ornithopter","Nilry\u0027s Codex","Mummified Hand","Dream Catcher","Velvet Choker","Bird Faced Urn","TheAbacus","Regal Pillow","Pantograph"],"acts_visited":["Exordium","TheCity","TheBeyond"],"potions_floor_usage":[33,45,50,51],"damage_taken":[{"damage":4.0,"enemies":"2 Louse","floor":1.0,"turns":4.0},{"damage":16.0,"enemies":"Jaw Worm","floor":5.0,"turns":4.0},{"damage":6.0,"enemies":"Cultist","floor":7.0,"turns":3.0},{"damage":25.0,"enemies":"Lagavulin","floor":8.0,"turns":7.0},{"damage":8.0,"enemies":"Gremlin Nob","floor":11.0,"turns":3.0},{"damage":28.0,"enemies":"Lagavulin","floor":13.0,"turns":6.0},{"damage":3.0,"enemies":"Looter","floor":14.0,"turns":1.0},{"damage":35.0,"enemies":"The Guardian","floor":16.0,"turns":8.0},{"damage":10.0,"enemies":"Chosen","floor":18.0,"turns":3.0},{"damage":36.0,"enemies":"Spheric Guardian","floor":22.0,"turns":5.0},{"damage":21.0,"enemies":"Gremlin Leader","floor":25.0,"turns":7.0},{"damage":25.0,"enemies":"Shelled Parasite and Fungi","floor":28.0,"turns":5.0},{"damage":21,"enemies":"Snake Plant","floor":30,"turns":5},{"damage":17,"enemies":"3 Cultists","floor":31,"turns":4},{"damage":89,"enemies":"Automaton","floor":33,"turns":7},{"damage":16,"enemies":"Orb Walker","floor":35,"turns":3},{"damage":17,"enemies":"3 Shapes","floor":37,"turns":4},{"damage":26,"enemies":"Spire Growth","floor":38,"turns":3},{"damage":3,"enemies":"Mind Bloom Boss Battle","floor":39,"turns":3},{"damage":0,"enemies":"3 Darklings","floor":45,"turns":2},{"damage":19,"enemies":"Reptomancer","floor":46,"turns":3},{"damage":23,"enemies":"Writhing Mass","floor":47,"turns":4},{"damage":5,"enemies":"Maw","floor":48,"turns":6},{"damage":58,"enemies":"Time Eater","floor":50,"turns":6},{"damage":125,"enemies":"Awakened One","floor":51,"turns":7}],"seed_played":"6809736885540050997","potions_obtained":[{"floor":4.0,"key":"EntropicBrew"},{"floor":4.0,"key":"Fire Potion"},{"floor":11.0,"key":"Explosive Potion"},{"floor":25.0,"key":"BlessingOfTheForge"},{"floor":36,"key":"SmokeBomb"},{"floor":39,"key":"PowerPotion"},{"floor":46,"key":"Swift Potion"}],"is_trial":false,"path_per_floor":["M","?","?","?","M","R","M","E","T","R","E","R","E","M","R","B",null,"M","$","?","?","M","R","$","E","T","T","M","?","M","M","R","B",null,"M","?","M","M","?","R","$","R","T","R","M","E","M","M","R","B","B"],"character_chosen":"IRONCLAD","items_purchased":["Toy Ornithopter","Strength Potion","TheAbacus","Heavy Blade"],"campfire_rested":2,"item_purchase_floors":[19,24,41,41],"current_hp_per_floor":[68,42,42,42,32,32,32,13,13,33,31,31,9,18,38,23,57,62,68,68,47,31,31,46,53,53,53,50,50,46,68,68,16,55,45,45,51,55,58,58,68,68,68,68,68,68,68,68,68,50,0,0],"gold":150,"neow_bonus":"TRANSFORM_TWO_CARDS","is_daily":false,"chose_seed":false,"campfire_upgraded":7,"win_rate":0.0,"timestamp":1614154366,"path_taken":["M","?","?","?","M","R","M","E","T","R","E","R","E","M","R","BOSS","M","$","?","?","M","R","?","E","T","?","?","?","M","M","R","BOSS","M","?","M","?","?","R","$","R","T","R","M","E","M","M","R","BOSS","BOSS"],"items_purchased_type":["Relic","Potion","Relic","Card"],"build_version":"2020-12-22","purchased_purges":1,"victory":false,"max_hp_per_floor":[68,68,68,68,68,68,68,68,68,68,68,68,68,68,68,68,68,68,68,68,68,68,68,68,68,68,68,68,68,68,68,68,68,68,68,68,68,68,68,68,68,68,68,68,68,68,68,68,68,68,68,68],"card_choices":[{"not_picked":["Thunderclap","Feel No Pain"],"picked":"Pommel Strike","floor":1.0},{"not_picked":["Perfected Strike","Anger"],"picked":"Dropkick","floor":5.0},{"not_picked":["Havoc","Perfected Strike"],"picked":"Bloodletting","floor":7.0},{"not_picked":["Berserk","Combust","Clash"],"picked":"SKIP","floor":8.0},{"not_picked":["Iron Wave","Rampage"],"picked":"Pummel","floor":11.0},{"not_picked":["Brutality","Spot Weakness"],"picked":"Reaper","floor":13.0},{"not_picked":["Shrug It Off","Infernal Blade"],"picked":"Blood for Blood","floor":14.0},{"not_picked":["Clothesline","Cleave"],"picked":"Disarm+1","floor":18.0},{"not_picked":["Inflame","Sword Boomerang","Headbutt"],"picked":"SKIP","floor":22.0},{"not_picked":["Armaments","Pommel Strike","Thunderclap"],"picked":"SKIP","floor":25.0},{"not_picked":["Armaments+1","Demon Form"],"picked":"Dark Embrace","floor":28.0},{"not_picked":["Inflame","Pommel Strike","Evolve"],"picked":"SKIP","floor":30},{"not_picked":["Hemokinesis","Havoc+1","Armaments"],"picked":"SKIP","floor":31},{"not_picked":["Bludgeon","Immolate"],"picked":"Limit Break","floor":33},{"not_picked":["Warcry","Searing Blow"],"picked":"Sword Boomerang+1","floor":35},{"not_picked":["Headbutt","Clothesline","Clash"],"picked":"SKIP","floor":37},{"not_picked":["Headbutt+1","Cleave","Iron Wave"],"picked":"SKIP","floor":38},{"not_picked":["Clash","Searing Blow"],"picked":"Shockwave+1","floor":46},{"not_picked":["Body Slam","Dropkick"],"picked":"Shrug It Off","floor":47},{"not_picked":["Pommel Strike","Metallicize"],"picked":"Pummel","floor":48}],"player_experience":1686764,"relics_obtained":[{"floor":8.0,"key":"Lantern"},{"floor":9.0,"key":"Bag of Preparation"},{"floor":11.0,"key":"Gremlin Horn"},{"floor":13.0,"key":"PreservedInsect"},{"floor":21.0,"key":"Nilry\u0027s Codex"},{"floor":25.0,"key":"Mummified Hand"},{"floor":27.0,"key":"Dream Catcher"},{"floor":39,"key":"Bird Faced Urn"},{"floor":43,"key":"Regal Pillow"},{"floor":46,"key":"Pantograph"}],"event_choices":[{"damage_healed":0.0,"max_hp_gain":0.0,"max_hp_loss":0.0,"gold_gain":0.0,"event_name":"Scrap Ooze","player_choice":"Success","floor":2.0,"gold_loss":0.0,"damage_taken":26.0,"relics_obtained":["MealTicket"]},{"cards_removed":["Defend_R"],"damage_healed":0.0,"max_hp_gain":0.0,"max_hp_loss":0.0,"gold_gain":0.0,"event_name":"The Cleric","player_choice":"Card Removal","floor":3.0,"gold_loss":75.0,"damage_taken":0.0},{"damage_healed":0.0,"max_hp_gain":0.0,"max_hp_loss":0.0,"gold_gain":0.0,"event_name":"Lab","player_choice":"Got Potions","floor":4.0,"gold_loss":0.0,"damage_taken":0.0},{"damage_healed":0.0,"max_hp_gain":0.0,"max_hp_loss":0.0,"gold_gain":0.0,"event_name":"Ghosts","player_choice":"Ignored","floor":20.0,"gold_loss":0.0,"damage_taken":0.0},{"damage_healed":0.0,"max_hp_gain":0.0,"max_hp_loss":0.0,"gold_gain":0.0,"event_name":"Cursed Tome","player_choice":"Obtained Book","floor":21.0,"gold_loss":0.0,"damage_taken":21.0},{"damage_healed":0.0,"max_hp_gain":0.0,"max_hp_loss":0.0,"gold_gain":0.0,"event_name":"The Mausoleum","player_choice":"Ignored","floor":29.0,"gold_loss":0.0,"damage_taken":0.0},{"damage_healed":0,"gold_gain":0,"player_choice":"Bought 1 Potion","damage_taken":0,"max_hp_gain":0,"max_hp_loss":0,"event_name":"The Woman in Blue","floor":36,"gold_loss":0},{"damage_healed":0,"gold_gain":0,"player_choice":"Fight","damage_taken":0,"max_hp_gain":0,"max_hp_loss":0,"event_name":"MindBloom","floor":39,"gold_loss":0}],"is_beta":false,"boss_relics":[{"not_picked":["Coffee Dripper","SacredBark"],"picked":"Snecko Eye"},{"not_picked":["Black Star","Tiny House"],"picked":"Velvet Choker"}],"items_purged_floors":[19],"is_endless":false,"potions_floor_spawned":[5,8,11,25,28,30,31,39,45,46],"killed_by":"Awakened One","ascension_level":20}}