{"host":"ovivighfa421z0zp","time":1614183427,"event":{"mods":["BaseMod","Colored Map","DeckTracker","Keyboard Shortcuts","Minty Spire (QoL Compilation)","Permanent Neow","Quick Restart","Replay The Spire","StSLib","SuperFastMode","The Cursed","The Hierophant"],"gold_per_floor":[10,24,126,144,144,144,144,144,144,161,158,83,83,83,83,154,154,140,80,95,110,209,209,218,218,218,232,176,191,228,228,228,332,332,346,346,346,131,131,131,145,145,172,172,172,160,160,177,177,181,181,181],"floor_reached":53,"language":"KOR","playtime":1657,"items_purged":["hierophant:Strike_Hierophant","hierophant:Defend_Hierophant"],"score":972,"play_id":"8c9221e6-6f53-4c3e-9c60-943de7df2adf","local_time":"20210225011707","is_ascension_mode":true,"campfire_choices":[{"data":"hierophant:ChurchCoffers","floor":6.0,"key":"SMITH"},{"data":"hierophant:DisplayOfPower","floor":8.0,"key":"SMITH"},{"data":"hierophant:FieryStrike","floor":15.0,"key":"SMITH"},{"data":"hierophant:Alms","floor":25.0,"key":"SMITH"},{"floor":32.0,"key":"REST"},{"data":"hierophant:Repentance","floor":42.0,"key":"SMITH"},{"data":"hierophant:Alms","floor":47.0,"key":"SMITH"},{"floor":51.0,"key":"REST"}],"circlet_count":0,"master_deck":["AscendersBane","hierophant:Punish","hierophant:Defend_Hierophant","hierophant:ChurchCoffers+1","hierophant:FieryStrike+1","hierophant:PristineSoul+1","hierophant:SolarFlare","hierophant:Smite","hierophant:MorningPrayer","hierophant:DivineIntervention+1","hierophant:OrnateJavelin","hierophant:HammerAndAnvil+1","hierophant:Alms+1","hierophant:PristineSoul","hierophant:MorningPrayer","hierophant:Smite","hierophant:Encroach+1","hierophant:Endure+1","hierophant:Prophecy+1","hierophant:Anathema+1","hierophant:Doomsaying","hierophant:Alms+1","hierophant:Repentance+1","Finesse","Panache","hierophant:Repentance","hierophant:Glossolalia+1","hierophant:DisplayOfPower+1"],"relics":["hierophant:PropheticMaskRelic","Orichalcum","Question Card","Replay:Multitool","Runic Dome","ReplayTheSpireMod:Lightbulb","Matryoshka","Potion Belt","Astrolabe","Dream Catcher","Anchor","Smiling Mask"],"acts_visited":["Exordium","TheCity","TheBeyond"],"potions_floor_usage":[52,52,52,52],"damage_taken":[{"damage":7.0,"enemies":"Jaw Worm","floor":1.0,"turns":3.0},{"damage":0.0,"enemies":"2 Louse","floor":2.0,"turns":2.0},{"damage":0.0,"enemies":"Cultist","floor":4.0,"turns":2.0},{"damage":1.0,"enemies":"Exordium Wildlife","floor":10.0,"turns":3.0},{"damage":0.0,"enemies":"Gremlin Nob","floor":11.0,"turns":2.0},{"damage":2.0,"enemies":"Slime Boss","floor":16.0,"turns":6.0},{"damage":5.0,"enemies":"2 Thieves","floor":18.0,"turns":2.0},{"damage":6.0,"enemies":"Shell Parasite","floor":20.0,"turns":5.0},{"damage":7.0,"enemies":"Cultist and Chosen","floor":21.0,"turns":3.0},{"damage":7.0,"enemies":"Gremlin Leader","floor":24.0,"turns":4.0},{"damage":0.0,"enemies":"Snecko","floor":27.0,"turns":2.0},{"damage":19.0,"enemies":"Shelled Parasite and Fungi","floor":28.0,"turns":3.0},{"damage":0.0,"enemies":"Chosen and Byrds","floor":29.0,"turns":4.0},{"damage":2.0,"enemies":"Book of Stabbing","floor":30.0,"turns":2.0},{"damage":14.0,"enemies":"Collector","floor":33.0,"turns":4.0},{"damage":5.0,"enemies":"Orb Walker","floor":35.0,"turns":2.0},{"damage":0.0,"enemies":"3 Shapes","floor":41.0,"turns":2.0},{"damage":0.0,"enemies":"Reptomancer","floor":46.0,"turns":3.0},{"damage":31.0,"enemies":"Transient","floor":48.0,"turns":5.0},{"damage":1.0,"enemies":"Spire Growth","floor":50.0,"turns":4.0},{"damage":3,"enemies":"Replay:Hell Engine","floor":52,"turns":3}],"seed_played":"6465049863172549468","potions_obtained":[{"floor":1.0,"key":"LiquidBronze"},{"floor":2.0,"key":"Explosive Potion"},{"floor":16.0,"key":"FearPotion"},{"floor":24.0,"key":"DuplicationPotion"},{"floor":27.0,"key":"Elixir"},{"floor":29.0,"key":"AttackPotion"},{"floor":30.0,"key":"Dexterity Potion"},{"floor":33.0,"key":"DuplicationPotion"},{"floor":41.0,"key":"SkillPotion"},{"floor":48.0,"key":"Strength Potion"}],"is_trial":false,"path_per_floor":["M","M","?","M","?","R","?","R","T","M","E","$","R","?","R","B",null,"M","?","M","M","?","R","E","R","T","M","M","M","E","?","R_BF","B",null,"M","?","?","$","?","R","M","R","T","PTL","PTL","E","R","M","?","M","R","B",null],"character_chosen":"HIEROPHANT","items_purchased":["hierophant:Alms","hierophant:Repentance"],"campfire_rested":2,"item_purchase_floors":[38,38],"current_hp_per_floor":[61,61,43,43,43,43,36,36,36,35,35,35,57,85,85,83,85,80,80,74,67,67,85,78,78,78,78,59,59,57,41,68,54,81,76,76,76,76,66,90,90,90,90,90,90,90,90,59,59,58,85,82],"gold":181,"neow_bonus":"REMOVE_TWO","is_daily":false,"chose_seed":false,"campfire_upgraded":6,"win_rate":0.0,"timestamp":1614183427,"path_taken":["M","M","?","M","?","R","?","R","T","?","E","$","R","?","R","BOSS","M","?","M","M","?","R","E","R","T","M","?","M","E","?","R_BF","BOSS","M","?","?","$","?","R","M","R","T","PTL","PTL","E","R","?","?","M","R","BOSS"],"items_purchased_type":["Card","Card"],"build_version":"2020-12-22","purchased_purges":2,"victory":true,"max_hp_per_floor":[75,75,75,75,75,75,75,75,75,75,75,75,75,85,85,85,85,85,85,85,85,85,85,85,85,85,85,85,85,85,90,90,90,90,90,90,90,90,90,90,90,90,90,90,90,90,90,90,90,90,90,90],"card_choices":[{"not_picked":["hierophant:ConvertCurrency","hierophant:Sermon"],"picked":"hierophant:FieryStrike","floor":1.0},{"not_picked":["hierophant:ThreeLashes","hierophant:PassingBell"],"picked":"hierophant:PristineSoul","floor":2.0},{"not_picked":["hierophant:MirrorShield","hierophant:PassingBell"],"picked":"hierophant:SolarFlare","floor":3.0},{"not_picked":["hierophant:Flagellation","hierophant:RustyCrate"],"picked":"hierophant:DisplayOfPower","floor":3.0},{"not_picked":["hierophant:DisplayOfPower","hierophant:Mercenaries"],"picked":"hierophant:Smite","floor":4.0},{"not_picked":["hierophant:Sermon","hierophant:OrnateBuckler","hierophant:Doubloon"],"picked":"hierophant:MorningPrayer","floor":10.0},{"not_picked":["hierophant:Shelter","hierophant:SecretStash","hierophant:Purify"],"picked":"hierophant:Batter","floor":11.0},{"not_picked":["hierophant:Kindle","hierophant:Invocation","hierophant:DeathKnell"],"picked":"hierophant:DivineIntervention","floor":16.0},{"not_picked":["hierophant:FlamingChariot","hierophant:HolyVerse","hierophant:Purify+1"],"picked":"hierophant:OrnateJavelin","floor":18.0},{"not_picked":["hierophant:Chorus","hierophant:Upheaval+1","hierophant:Doubloon+1"],"picked":"hierophant:HammerAndAnvil+1","floor":20.0},{"not_picked":["hierophant:AuricBeam","hierophant:DisplayOfPower","hierophant:ArchangelShield"],"picked":"hierophant:Alms","floor":21.0},{"not_picked":["hierophant:Zeal","hierophant:Dazzle+1","hierophant:AuricForm"],"picked":"hierophant:PristineSoul","floor":24.0},{"not_picked":["hierophant:PassingBell","hierophant:OrnateBuckler+1","hierophant:DisplayOfPower"],"picked":"hierophant:MorningPrayer","floor":27.0},{"not_picked":["hierophant:FieryStrike","hierophant:PassingBell+1","hierophant:Encroach"],"picked":"hierophant:Smite","floor":28.0},{"not_picked":["hierophant:RustyCrate","hierophant:OrnateBuckler","hierophant:Smite","hierophant:Empathy"],"picked":"SKIP","floor":29.0},{"not_picked":["hierophant:Kindle","hierophant:Purify","hierophant:HolyVerse"],"picked":"hierophant:Encroach","floor":30.0},{"not_picked":["hierophant:DisplayOfPower","hierophant:AuricBeam","hierophant:Upheaval+1"],"picked":"hierophant:Doomsaying","floor":35.0},{"not_picked":["Enlightenment","Chrysalis","ReplayTheSpireMod:Uncanny Aura"],"picked":"Finesse","floor":39.0},{"not_picked":["Poisoned Strike","ReplayTheSpireMod:Trickstab","Replay:Parry"],"picked":"Panache","floor":39.0},{"not_picked":["hierophant:Patience","hierophant:OrnateJavelin+1","hierophant:RepressedViolence"],"picked":"hierophant:Repentance","floor":41.0},{"not_picked":["hierophant:Levitation","hierophant:Sermon+1","hierophant:Empathy"],"picked":"hierophant:Glossolalia+1","floor":46.0},{"not_picked":["hierophant:Repentance+1","hierophant:HammerAndAnvil","hierophant:Shelter+1","hierophant:Flagellation+1"],"picked":"SKIP","floor":48.0},{"not_picked":["hierophant:Chorus","hierophant:ConvertCurrency+1","hierophant:MorningPrayer+1","hierophant:Sermon+1"],"picked":"SKIP","floor":50.0},{"not_picked":["hierophant:ThreeLashes","hierophant:FlamingChariot+1","hierophant:RecallFunds"],"picked":"hierophant:DisplayOfPower+1","floor":51.0}],"player_experience":861493,"relics_obtained":[{"floor":3.0,"key":"Orichalcum"},{"floor":9.0,"key":"Question Card"},{"floor":11.0,"key":"Replay:Multitool"},{"floor":24.0,"key":"ReplayTheSpireMod:Lightbulb"},{"floor":26.0,"key":"Matryoshka"},{"floor":30.0,"key":"Potion Belt"},{"floor":43.0,"key":"Dream Catcher"},{"floor":43.0,"key":"Anchor"},{"floor":46.0,"key":"Smiling Mask"}],"event_choices":[{"damage_healed":0.0,"max_hp_gain":0.0,"max_hp_loss":0.0,"gold_gain":0.0,"event_name":"Liars Game","player_choice":"Ignored","floor":5.0,"gold_loss":0.0,"damage_taken":0.0},{"damage_healed":0.0,"max_hp_gain":0.0,"max_hp_loss":0.0,"gold_gain":0.0,"event_name":"Wheel of Change","player_choice":"Damaged","floor":7.0,"gold_loss":0.0,"damage_taken":7.0},{"cards_removed":["hierophant:Batter"],"damage_healed":18.0,"max_hp_gain":10.0,"max_hp_loss":0.0,"gold_gain":0.0,"event_name":"Bonfire Elementals","player_choice":"Offered Rare","floor":14.0,"gold_loss":0.0,"damage_taken":0.0},{"damage_healed":0.0,"max_hp_gain":0.0,"max_hp_loss":0.0,"gold_gain":99.0,"event_name":"Nest","player_choice":"Stole From Cult","floor":22.0,"gold_loss":0.0,"damage_taken":0.0},{"damage_healed":0.0,"max_hp_gain":5.0,"max_hp_loss":0.0,"gold_gain":0.0,"event_name":"Forgotten Altar","player_choice":"Shed Blood","floor":31.0,"gold_loss":0.0,"damage_taken":21.0},{"cards_removed":["hierophant:DisplayOfPower"],"damage_healed":0.0,"max_hp_gain":0.0,"max_hp_loss":0.0,"gold_gain":0.0,"event_name":"Falling","player_choice":"Removed Attack","floor":37.0,"gold_loss":0.0,"damage_taken":0.0},{"damage_healed":0.0,"max_hp_gain":0.0,"max_hp_loss":0.0,"gold_gain":0.0,"event_name":"SensoryStone","player_choice":"Memory 3","floor":39.0,"gold_loss":0.0,"damage_taken":10.0},{"damage_healed":0.0,"max_hp_gain":0.0,"max_hp_loss":0.0,"gold_gain":0.0,"event_name":"Mysterious Sphere","player_choice":"Ignored","floor":49.0,"gold_loss":0.0,"damage_taken":0.0}],"is_beta":false,"boss_relics":[{"not_picked":["Velvet Choker","Runic Pyramid"],"picked":"Runic Dome"},{"not_picked":["Busted Crown","Replay:Drink Me"],"picked":"Astrolabe"}],"items_purged_floors":[12,38],"is_endless":false,"potions_floor_spawned":[1,2,16,24,27,29,30,33,41,48],"ascension_level":10}}