{"host":"ufhw4cf0hh51lveu","time":1614146572,"event":{"mods":["BaseMod","DeckTracker","Lobotomy","Minty Spire (QoL Compilation)","SuperFastMode"],"gold_per_floor":[117,134,63,81,101,101,128,139,189,60,74,89,164,164,164,269,269,286,302,91,107,107,107,122,122,122,139,139,139],"floor_reached":28,"language":"KOR","playtime":742,"items_purged":["Strike_B"],"score":216,"play_id":"985f62c2-fffe-4e5f-b9f8-95ed5dc4a9a1","local_time":"20210224150252","is_ascension_mode":false,"campfire_choices":[{"data":"Ball Lightning","floor":6,"key":"SMITH"},{"floor":15,"key":"REST"},{"floor":23,"key":"REST"},{"floor":25,"key":"REST"}],"circlet_count":0,"master_deck":["Strike_B","Strike_B","Strike_B","Defend_B","Defend_B","Defend_B","Defend_B","Zap","Dualcast","Static Discharge","FTL","Rip and Tear","Ball Lightning+1","Cold Snap","Ball Lightning","Go for the Eyes","Cold Snap","Echo Form","Auto Shields","Sweeping Beam+1","Capacitor"],"relics":["Cracked Core","Oddly Smooth Stone","Odd Mushroom","PreservedInsect","Inserter","Sling","Darkstone Periapt","Blood Vial"],"acts_visited":["Exordium","TheCity"],"potions_floor_usage":[7,12,14,16,19,21,27],"damage_taken":[{"damage":0,"enemies":"Small Slimes","floor":1,"turns":4},{"damage":0,"enemies":"Jaw Worm","floor":2,"turns":4},{"damage":5,"enemies":"2 Louse","floor":4,"turns":3},{"damage":13,"enemies":"2 Fungi Beasts","floor":5,"turns":3},{"damage":17,"enemies":"The Mushroom Lair","floor":7,"turns":3},{"damage":4,"enemies":"Looter","floor":8,"turns":2},{"damage":5,"enemies":"Blue Slaver","floor":11,"turns":2},{"damage":0,"enemies":"2 Fungi Beasts","floor":12,"turns":1},{"damage":0,"enemies":"Exordium Wildlife","floor":14,"turns":1},{"damage":22,"enemies":"The Guardian","floor":16,"turns":9},{"damage":27,"enemies":"2 Thieves","floor":18,"turns":3},{"damage":0,"enemies":"Chosen","floor":19,"turns":5},{"damage":28,"enemies":"3 Cultists","floor":21,"turns":6},{"damage":24,"enemies":"Centurion and Healer","floor":24,"turns":7},{"damage":42,"enemies":"Snake Plant","floor":27,"turns":5},{"damage":18,"enemies":"Colosseum Slavers","floor":28,"turns":3}],"seed_played":"-6137204780066885486","potions_obtained":[{"floor":1,"key":"Weak Potion"},{"floor":7,"key":"SmokeBomb"},{"floor":8,"key":"DuplicationPotion"},{"floor":12,"key":"DuplicationPotion"},{"floor":16,"key":"Ancient Potion"},{"floor":18,"key":"BlessingOfTheForge"},{"floor":24,"key":"Regen Potion"}],"is_trial":false,"path_per_floor":["M","M","$","M","M","R","?","M","T","$","M","M","?","M","R","B",null,"M","M","$","M","?","R","M","R","T","M","?"],"character_chosen":"DEFECT","items_purchased":["FTL","Ball Lightning","Auto Shields","Sling"],"campfire_rested":3,"item_purchase_floors":[3,10,20,20],"current_hp_per_floor":[75,75,75,70,57,57,40,36,36,36,31,31,20,20,42,20,75,48,48,48,20,20,42,18,40,40,15,0,0],"gold":139,"neow_bonus":"RANDOM_COMMON_RELIC","is_daily":false,"chose_seed":false,"campfire_upgraded":1,"win_rate":0.0,"timestamp":1614146572,"path_taken":["M","M","$","M","M","R","?","M","T","?","M","M","?","M","R","BOSS","M","M","$","M","?","R","M","R","T","M","?"],"items_purchased_type":["Card","Card","Card","Relic"],"build_version":"2020-12-22","purchased_purges":1,"victory":false,"max_hp_per_floor":[75,75,75,75,75,75,75,75,75,75,75,75,75,75,75,75,75,75,75,75,75,75,75,75,75,75,75,75,75],"card_choices":[{"not_picked":["Loop","Rebound","Turbo"],"picked":"SKIP","floor":1},{"not_picked":["Blizzard","Rebound"],"picked":"Static Discharge","floor":2},{"not_picked":["Loop","Steam"],"picked":"Rip and Tear","floor":4},{"not_picked":["Lockon","Gash"],"picked":"Ball Lightning","floor":5},{"not_picked":["Leap","Steam"],"picked":"Cold Snap","floor":7},{"not_picked":["Gash","Leap","Barrage"],"picked":"SKIP","floor":8},{"not_picked":["Thunder Strike","Compile Driver"],"picked":"Go for the Eyes","floor":11},{"not_picked":["Steam","Melter"],"picked":"Cold Snap","floor":12},{"not_picked":["Reboot","Multi-Cast"],"picked":"Echo Form","floor":16},{"not_picked":["Go for the Eyes","Stack+1","Rip and Tear"],"picked":"SKIP","floor":18},{"not_picked":["Hologram+1","Blizzard+1","Stack"],"picked":"SKIP","floor":19},{"not_picked":["Rebound","Redo"],"picked":"Sweeping Beam+1","floor":21},{"not_picked":["Storm","Static Discharge+1"],"picked":"Capacitor","floor":24},{"not_picked":["Multi-Cast","Sweeping Beam","Blizzard+1"],"picked":"SKIP","floor":27}],"player_experience":75626,"relics_obtained":[{"floor":7,"key":"Odd Mushroom"},{"floor":9,"key":"PreservedInsect"},{"floor":26,"key":"Blood Vial"}],"event_choices":[{"damage_healed":0,"gold_gain":0,"player_choice":"Fought Mushrooms","damage_taken":0,"max_hp_gain":0,"max_hp_loss":0,"event_name":"Mushrooms","floor":7,"gold_loss":0},{"damage_healed":0,"gold_gain":75,"player_choice":"Gather Gold","damage_taken":11,"max_hp_gain":0,"max_hp_loss":0,"event_name":"World of Goop","floor":13,"gold_loss":0},{"damage_healed":0,"gold_gain":0,"player_choice":"Opened","damage_taken":0,"relics_obtained":["Darkstone Periapt"],"max_hp_gain":0,"max_hp_loss":0,"event_name":"The Mausoleum","floor":22,"gold_loss":0},{"damage_healed":0,"gold_gain":0,"player_choice":"Fight","damage_taken":0,"max_hp_gain":0,"max_hp_loss":0,"event_name":"Colosseum","floor":28,"gold_loss":0}],"is_beta":false,"boss_relics":[{"not_picked":["Black Star","Runic Dome"],"picked":"Inserter"}],"items_purged_floors":[10],"is_endless":false,"potions_floor_spawned":[1,7,8,12,16,18,24],"killed_by":"Colosseum Slavers","ascension_level":0}}