{"host":"2se5dq1do2gp0x9k","time":1614135533,"event":{"mods":["AchievementEnabler","BaseMod","Block Reminder","Colored Map","Colored Powertips","Minty Spire (QoL Compilation)","Relic Stats","StSLib","SuperFastMode"],"gold_per_floor":[113,70,90,7,7,7,41,61,108,134,134,151,166,201,201,273,273,291,291,310,310,185,185,185],"floor_reached":23,"language":"ENG","playtime":770,"items_purged":["BattleHymn+1"],"score":481,"play_id":"5282b000-3433-4e56-b4ee-4fd2778bab87","local_time":"20210223185853","is_ascension_mode":true,"campfire_choices":[{"data":"Study","floor":6,"key":"SMITH"},{"data":"Tantrum","floor":11,"key":"SMITH"},{"data":"TalkToTheHand","floor":15,"key":"SMITH"}],"circlet_count":0,"master_deck":["AscendersBane","Strike_P","Defend_P","Defend_P","Defend_P","Defend_P","Eruption","Vigilance","ReachHeaven","Study+1","Tantrum","CutThroughFate","FlurryOfBlows","TalkToTheHand+1","EmptyBody","Tantrum+1","Consecrate","JustLucky","MentalFortress","Omniscience","SashWhip+1","Swivel+1","Wallop","JustLucky"],"relics":["PureWater","NeowsBlessing","Vajra","Centennial Puzzle","Mango","MealTicket","Astrolabe"],"acts_visited":["Exordium","TheCity"],"potions_floor_usage":[5,10,16],"damage_taken":[{"damage":0,"enemies":"2 Louse","floor":1,"turns":2},{"damage":0,"enemies":"Cultist","floor":3,"turns":1},{"damage":0,"enemies":"Lagavulin","floor":7,"turns":1},{"damage":0,"enemies":"Small Slimes","floor":8,"turns":2},{"damage":32,"enemies":"3 Sentries","floor":10,"turns":4},{"damage":15,"enemies":"Exordium Thugs","floor":12,"turns":3},{"damage":0,"enemies":"Looter","floor":13,"turns":1},{"damage":6,"enemies":"Lagavulin","floor":14,"turns":3},{"damage":14,"enemies":"Hexaghost","floor":16,"turns":5},{"damage":21,"enemies":"Shell Parasite","floor":18,"turns":3},{"damage":9,"enemies":"2 Thieves","floor":20,"turns":4},{"damage":88,"enemies":"Book of Stabbing","floor":23,"turns":6}],"seed_played":"2814992290112838891","potions_obtained":[{"floor":1,"key":"Weak Potion"},{"floor":3,"key":"Swift Potion"},{"floor":5,"key":"Fruit Juice"},{"floor":5,"key":"FearPotion"},{"floor":13,"key":"SteroidPotion"}],"is_trial":false,"path_per_floor":["M","$","M","$","?","R","E","M","T","E","R","M","M","E","R","B",null,"M","?","M","?","$","E"],"character_chosen":"WATCHER","items_purchased":["Study","CutThroughFate","FlurryOfBlows","JustLucky"],"campfire_rested":0,"item_purchase_floors":[2,4,4,22],"current_hp_per_floor":[61,61,61,61,66,66,66,66,66,48,48,33,33,27,27,13,69,48,48,39,39,54,0,0],"gold":185,"neow_bonus":"THREE_ENEMY_KILL","is_daily":false,"chose_seed":false,"campfire_upgraded":3,"win_rate":0.0,"timestamp":1614135533,"path_taken":["M","$","M","$","?","R","E","?","T","E","R","M","M","E","R","BOSS","M","?","M","?","$","E"],"items_purchased_type":["Card","Card","Card","Card"],"build_version":"2020-12-22","purchased_purges":1,"victory":false,"max_hp_per_floor":[68,68,68,68,73,73,73,73,73,87,87,87,87,87,87,87,87,87,87,87,87,87,87,87],"relic_stats":{"Centennial Puzzle":[21],"counters":[12,35],"Astrolabe":["SashWhip","Swivel","BattleHymn"],"MealTicket":15,"obtain_stats":[{"Centennial Puzzle":9,"NeowsBlessing":0,"Astrolabe":17,"Vajra":7,"Mango":10,"MealTicket":14,"PureWater":0},{"Centennial Puzzle":4,"NeowsBlessing":0,"Astrolabe":9,"Vajra":3,"Mango":5,"MealTicket":8,"PureWater":0},{"Centennial Puzzle":6,"NeowsBlessing":0,"Astrolabe":22,"Vajra":4,"Mango":10,"MealTicket":17,"PureWater":0}]},"card_choices":[{"not_picked":["ThirdEye","Evaluate"],"picked":"ReachHeaven","floor":1},{"not_picked":["DeceiveReality","WindmillStrike"],"picked":"Tantrum","floor":3},{"not_picked":["Collect","PathToVictory"],"picked":"TalkToTheHand","floor":7},{"not_picked":["PathToVictory","Prostrate"],"picked":"EmptyBody","floor":8},{"not_picked":["ConjureBlade","Indignation"],"picked":"Tantrum","floor":10},{"not_picked":["Evaluate","Weave"],"picked":"Consecrate","floor":12},{"not_picked":["Consecrate","Protect"],"picked":"JustLucky","floor":13},{"not_picked":["EmptyBody","InnerPeace"],"picked":"MentalFortress","floor":14},{"not_picked":["DeusExMachina","Blasphemy"],"picked":"Omniscience","floor":16},{"not_picked":["Collect","PathToVictory"],"picked":"Wallop","floor":18},{"not_picked":["EmptyFist","WreathOfFlame","PathToVictory"],"picked":"SKIP","floor":20}],"player_experience":4132917,"relics_obtained":[{"floor":7,"key":"Vajra"},{"floor":9,"key":"Centennial Puzzle"},{"floor":10,"key":"Mango"},{"floor":14,"key":"MealTicket"}],"event_choices":[{"damage_healed":0,"gold_gain":0,"player_choice":"Got Potions","damage_taken":0,"max_hp_gain":0,"max_hp_loss":0,"event_name":"Lab","floor":5,"gold_loss":0},{"damage_healed":0,"gold_gain":0,"player_choice":"Ignored","damage_taken":0,"max_hp_gain":0,"max_hp_loss":0,"event_name":"Vampires","floor":19,"gold_loss":0},{"damage_healed":0,"gold_gain":0,"player_choice":"Ignored","damage_taken":0,"max_hp_gain":0,"max_hp_loss":0,"event_name":"The Mausoleum","floor":21,"gold_loss":0}],"is_beta":false,"boss_relics":[{"not_picked":["Sozu","Busted Crown"],"picked":"Astrolabe"}],"items_purged_floors":[22],"is_endless":false,"potions_floor_spawned":[1,3,8,13,14],"killed_by":"Book of Stabbing","ascension_level":19}}