{"host":"e8rlfedn69rz2s07","time":1614188917,"event":{"mods":["AchievementEnabler","BaseMod","Minty Spire (QoL Compilation)","Permanent Neow","Relic Stats"],"gold_per_floor":[112,112,125,142,154,181,256,256,256,256,18,48,198,216,216,288,288,306,86,106,123,123,123,123],"floor_reached":23,"language":"ENG","playtime":1146,"items_purged":["Strike_B","Doubt"],"score":402,"play_id":"bd664a81-36de-4f24-b121-16cb258fe90c","local_time":"20210224194836","is_ascension_mode":true,"campfire_choices":[{"floor":8,"key":"REST"},{"floor":10,"key":"REST"},{"floor":15,"key":"REST"}],"circlet_count":0,"master_deck":["AscendersBane","Strike_B","Strike_B","Defend_B","Defend_B","Defend_B","Defend_B","Zap","Dualcast","Barrage","Chaos","Electrodynamics","Undo","Ball Lightning","Melter","Machine Learning+1","Hologram","Biased Cognition+1","Coolheaded","Capacitor+1","Thinking Ahead","Auto Shields","Leap"],"relics":["SlaversCollar","Frozen Egg 2","Question Card","Membership Card","Letter Opener","Cursed Key"],"acts_visited":["Exordium","TheCity"],"potions_floor_usage":[3,16,18,21,23],"damage_taken":[{"damage":15,"enemies":"Small Slimes","floor":1,"turns":5},{"damage":4,"enemies":"Jaw Worm","floor":3,"turns":5},{"damage":13,"enemies":"2 Louse","floor":4,"turns":4},{"damage":7,"enemies":"2 Fungi Beasts","floor":5,"turns":3},{"damage":15,"enemies":"3 Sentries","floor":6,"turns":4},{"damage":12,"enemies":"Lagavulin","floor":12,"turns":6},{"damage":13,"enemies":"Lots of Slimes","floor":14,"turns":2},{"damage":28,"enemies":"Slime Boss","floor":16,"turns":8},{"damage":22,"enemies":"Shell Parasite","floor":18,"turns":5},{"damage":0,"enemies":"Chosen","floor":20,"turns":3},{"damage":21,"enemies":"Centurion and Healer","floor":21,"turns":6},{"damage":15,"enemies":"Slavers","floor":23,"turns":1}],"seed_played":"-4705336126262390964","potions_obtained":[{"floor":1,"key":"Regen Potion"},{"floor":5,"key":"PotionOfCapacity"},{"floor":14,"key":"SkillPotion"},{"floor":16,"key":"Dexterity Potion"},{"floor":18,"key":"Energy Potion"},{"floor":22,"key":"AttackPotion"}],"is_trial":false,"path_per_floor":["M","?","M","M","M","E","?","R","T","R","$","E","?","M","R","B",null,"M","$","M","M","?","E"],"character_chosen":"DEFECT","items_purchased":["Membership Card","Melter","Coolheaded","Capacitor+1","Thinking Ahead"],"campfire_rested":3,"item_purchase_floors":[11,11,19,19,19],"current_hp_per_floor":[49,42,52,39,32,17,6,27,27,48,48,36,36,23,44,16,57,35,35,35,14,14,0,0],"gold":123,"neow_bonus":"BOSS_RELIC","is_daily":false,"chose_seed":false,"campfire_upgraded":0,"win_rate":0.0,"timestamp":1614188916,"path_taken":["M","?","M","M","M","E","?","R","T","R","$","E","?","M","R","BOSS","M","$","M","M","?","E"],"items_purchased_type":["Relic","Card","Card","Card","Card"],"build_version":"2020-12-22","purchased_purges":2,"victory":false,"max_hp_per_floor":[71,71,71,71,71,71,71,71,71,71,71,71,71,71,71,71,71,71,71,71,71,71,71,71],"relic_stats":{"counters":[12,52],"Letter Opener":[15],"Question Card":6,"Cursed Key":0,"obtain_stats":[{"SlaversCollar":0,"Membership Card":11,"Letter Opener":12,"Frozen Egg 2":6,"Cracked Core":0,"Question Card":9,"Cursed Key":17},{"SlaversCollar":0,"Membership Card":5,"Letter Opener":6,"Frozen Egg 2":5,"Cracked Core":0,"Question Card":5,"Cursed Key":8},{"SlaversCollar":0,"Membership Card":21,"Letter Opener":27,"Frozen Egg 2":21,"Cracked Core":0,"Question Card":21,"Cursed Key":37}]},"card_choices":[{"not_picked":["Steam Power","Redo"],"picked":"Barrage","floor":1},{"not_picked":["Beam Cell","Compile Driver"],"picked":"Chaos","floor":3},{"not_picked":["Capacitor","Hologram"],"picked":"Electrodynamics","floor":4},{"not_picked":["Redo","Static Discharge"],"picked":"Undo","floor":5},{"not_picked":["Redo","Streamline"],"picked":"Ball Lightning","floor":6},{"not_picked":["Beam Cell","Consume","Force Field"],"picked":"Machine Learning+1","floor":12},{"not_picked":["Barrage","Streamline","Rebound"],"picked":"Hologram","floor":14},{"not_picked":["Buffer+1","Fission","Core Surge"],"picked":"Biased Cognition+1","floor":16},{"not_picked":["Melter+1","Barrage+1","Streamline","Sweeping Beam"],"picked":"SKIP","floor":18},{"not_picked":["Go for the Eyes","Blizzard","Electrodynamics+1"],"picked":"Auto Shields","floor":20},{"not_picked":["Cold Snap","Aggregate","Hello World+1"],"picked":"Leap","floor":21}],"player_experience":1119830,"relics_obtained":[{"floor":6,"key":"Frozen Egg 2"},{"floor":9,"key":"Question Card"},{"floor":12,"key":"Letter Opener"}],"event_choices":[{"cards_removed":["Strike_B"],"damage_healed":0,"gold_gain":0,"player_choice":"Card Removal","damage_taken":7,"max_hp_gain":0,"max_hp_loss":0,"event_name":"Golden Wing","floor":2,"gold_loss":0},{"damage_healed":0,"gold_gain":75,"player_choice":"Gather Gold","damage_taken":11,"max_hp_gain":0,"max_hp_loss":0,"event_name":"World of Goop","floor":7,"gold_loss":0},{"damage_healed":0,"gold_gain":150,"player_choice":"AGREE","damage_taken":0,"max_hp_gain":0,"max_hp_loss":0,"event_name":"Liars Game","floor":13,"gold_loss":0,"cards_obtained":["Doubt"]},{"damage_healed":0,"gold_gain":0,"player_choice":"Got Potions","damage_taken":0,"max_hp_gain":0,"max_hp_loss":0,"event_name":"Lab","floor":22,"gold_loss":0}],"is_beta":false,"boss_relics":[{"not_picked":["Velvet Choker","Astrolabe"],"picked":"Cursed Key"}],"items_purged_floors":[11,19],"is_endless":false,"potions_floor_spawned":[1,5,14,16,18],"killed_by":"Slavers","ascension_level":20}}