{"host":"8jwrv7sn1174lfer","time":1614192983,"event":{"mods":["BaseMod","Colored Map","Colored Powertips","Downfall","Highlight Path","Minty Spire (QoL Compilation)","StSLib"],"gold_per_floor":[199,209,225,325,27,53,77,93,243,243,261,276,276,276,287,287,287,287],"floor_reached":16,"language":"ENG","playtime":627,"items_purged":["Guardian:Strike_Guardian"],"score":138,"play_id":"db971bf2-3f0a-47b7-a73c-4a1909ca307f","local_time":"20210224135623","is_ascension_mode":true,"campfire_choices":[{"data":"Guardian:TwinSlam","floor":1,"key":"SMITH"},{"data":"Guardian:TimeBomb","floor":10,"key":"SMITH"},{"data":"Guardian:PrimingBeam","floor":13,"key":"SMITH"}],"circlet_count":0,"master_deck":["Guardian:Strike_Guardian","Guardian:Strike_Guardian","Guardian:Strike_Guardian","Guardian:Defend_Guardian","Guardian:Defend_Guardian","Guardian:Defend_Guardian","Guardian:Defend_Guardian","Guardian:CurlUp","Guardian:TwinSlam+1","Guardian:TimeBomb+1","Guardian:SpikerProtocol","Guardian:PolyBeam","Guardian:FloatingOrbs","Guardian:TemporalStrike","Guardian:DecasProtection","Guardian:TemporalShield","downfall:Icky","Guardian:PrimingBeam+1","Guardian:PiercingHide","Guardian:Gem_Blue","Guardian:Gem_Orange","Guardian:Gem_Cyan"],"relics":["Guardian:ModeShifter","Bag of Marbles","Regal Pillow"],"acts_visited":["Exordium"],"potions_floor_usage":[11,15,15,16,16],"damage_taken":[{"damage":2,"enemies":"Small Slimes","floor":2,"turns":4},{"damage":3,"enemies":"Jaw Worm","floor":3,"turns":5},{"damage":5,"enemies":"downfall:FleeingMerchant","floor":5,"turns":4},{"damage":31,"enemies":"Gremlin Nob","floor":6,"turns":5},{"damage":8,"enemies":"2 Louse","floor":8,"turns":3},{"damage":0,"enemies":"Exordium Wildlife","floor":11,"turns":4},{"damage":9,"enemies":"3 Louse","floor":12,"turns":4},{"damage":0,"enemies":"Blue Slaver","floor":15,"turns":6},{"damage":2,"enemies":"IC_STATUS_ARCHETYPE","floor":16,"turns":1}],"seed_played":"3813355650862675638","potions_obtained":[{"floor":3,"key":"CultistPotion"},{"floor":6,"key":"Swift Potion"},{"floor":8,"key":"Energy Potion"},{"floor":12,"key":"Dexterity Potion"},{"floor":15,"key":"sneckomod:MuddlingPotion"}],"is_trial":false,"path_per_floor":["R","M","M","?","$","E","T","M","?","R","M","M","R","?","M","B"],"character_chosen":"GUARDIAN","items_purchased":["Guardian:PolyBeam","Guardian:FloatingOrbs","Guardian:TemporalStrike","Guardian:Gem_Cyan"],"campfire_rested":0,"item_purchase_floors":[5,5,5,5],"current_hp_per_floor":[72,70,67,67,62,31,31,23,23,23,23,14,14,2,2,0,0,0],"gold":287,"neow_bonus":"HUNDRED_GOLD","is_daily":false,"chose_seed":false,"campfire_upgraded":3,"win_rate":0.0,"timestamp":1614192983,"path_taken":["R","M","M","?","$","E","T","M","?","R","M","M","R","?","M","BOSS"],"items_purchased_type":["Card","Card","Card","Card"],"build_version":"2020-12-22","purchased_purges":1,"victory":false,"max_hp_per_floor":[80,80,80,80,80,80,80,80,80,80,80,80,80,80,80,80,80,80],"card_choices":[{"not_picked":["Guardian:TemporalStrike","Guardian:Gem_Cyan"],"picked":"Guardian:TimeBomb","floor":2},{"not_picked":["Guardian:PiercingHide","Guardian:CrystalBeam"],"picked":"Guardian:SpikerProtocol","floor":3},{"not_picked":["Guardian:Emergency","Guardian:SentryBeam"],"picked":"Guardian:Gem_Orange","floor":5},{"not_picked":["Guardian:Emergency","Guardian:RollAttack"],"picked":"Guardian:DecasProtection","floor":6},{"not_picked":["Guardian:Planning","Guardian:Gem_Red"],"picked":"Guardian:TemporalShield","floor":8},{"not_picked":["Guardian:GuardianWhirl","Guardian:ChargeUp"],"picked":"Guardian:PrimingBeam","floor":11},{"not_picked":["Guardian:MultiBeam","Guardian:BronzeOrb"],"picked":"Guardian:PiercingHide","floor":12},{"not_picked":["Guardian:CompilePackage","Guardian:BronzeOrb"],"picked":"Guardian:Gem_Cyan","floor":15}],"player_experience":840395,"relics_obtained":[{"floor":6,"key":"Bag of Marbles"},{"floor":7,"key":"Regal Pillow"}],"event_choices":[],"is_beta":false,"boss_relics":[],"items_purged_floors":[5],"is_endless":false,"potions_floor_spawned":[3,6,8,12,15],"killed_by":"IC_STATUS_ARCHETYPE","ascension_level":7}}