{"host":"rfvxwqmjnimh09wr","time":1614144858,"event":{"mods":["BaseMod","Colored Map","Minty Spire (QoL Compilation)","StSLib"],"gold_per_floor":[113,113,125,125,143,169,169,199,199,48,68,82,82,102,102,205,205,216,47,59,75,27,38,67,67,67,67,87,17,28,28,28,127,127,147,47,57,69,85,119,119,137,137,137,149,149,181,281,281,281,281,281,5,35,35,35],"floor_reached":55,"language":"ENG","playtime":3220,"items_purged":["Strike_R","Strike_R","Bash+1"],"score":751,"play_id":"79b4a055-4506-4e92-9179-dc8a7d72ec2b","local_time":"20210224003418","is_ascension_mode":false,"campfire_choices":[{"data":"Carnage","floor":7,"key":"SMITH"},{"floor":15,"key":"REST"},{"floor":25,"key":"REST"},{"data":"Body Slam","floor":27,"key":"SMITH"},{"floor":32,"key":"REST"},{"floor":44,"key":"RECALL"},{"data":"Impervious","floor":46,"key":"SMITH"},{"data":"Fire Breathing","floor":49,"key":"SMITH"},{"data":"Bludgeon","floor":52,"key":"SMITH"}],"circlet_count":0,"master_deck":["Defend_R","Defend_R","Defend_R","Defend_R+1","Rage","Body Slam+1","Wild Strike","Carnage+1","Bludgeon+1","Fire Breathing+1","Impervious+1","Flex+1","Uppercut+1","Anger","Power Through","Ghostly Armor","Body Slam+1","Shrug It Off","Feel No Pain+1","Havoc","Metallicize","Feed","True Grit","Immolate","Necronomicurse","Immolate","Fire Breathing+1","Battle Trance+1","Shrug It Off+1"],"relics":["Burning Blood","NeowsBlessing","Self Forming Clay","Bag of Preparation","Ornamental Fan","Astrolabe","Red Skull","Pear","Necronomicon","Sozu","Meat on the Bone","Art of War","HandDrill","Blood Vial"],"acts_visited":["Exordium","TheCity","TheBeyond","TheEnding"],"potions_floor_usage":[12,16,18,28,33,38],"damage_taken":[{"damage":0,"enemies":"Cultist","floor":1,"turns":1},{"damage":0,"enemies":"Jaw Worm","floor":3,"turns":1},{"damage":0,"enemies":"2 Louse","floor":5,"turns":1},{"damage":49,"enemies":"3 Sentries","floor":6,"turns":12},{"damage":7,"enemies":"Exordium Thugs","floor":11,"turns":3},{"damage":2,"enemies":"3 Louse","floor":12,"turns":3},{"damage":7,"enemies":"Blue Slaver","floor":14,"turns":3},{"damage":0,"enemies":"Slime Boss","floor":16,"turns":6},{"damage":6,"enemies":"3 Byrds","floor":18,"turns":4},{"damage":10,"enemies":"Chosen","floor":20,"turns":3},{"damage":16,"enemies":"Shelled Parasite and Fungi","floor":21,"turns":7},{"damage":22,"enemies":"Centurion and Healer","floor":23,"turns":6},{"damage":33,"enemies":"Slavers","floor":24,"turns":8},{"damage":13,"enemies":"3 Cultists","floor":28,"turns":6},{"damage":0,"enemies":"Snake Plant","floor":30,"turns":4},{"damage":41,"enemies":"Champ","floor":33,"turns":9},{"damage":7,"enemies":"Orb Walker","floor":35,"turns":2},{"damage":5,"enemies":"3 Shapes","floor":37,"turns":2},{"damage":34,"enemies":"Maw","floor":38,"turns":8},{"damage":0,"enemies":"3 Darklings","floor":39,"turns":3},{"damage":9,"enemies":"Reptomancer","floor":40,"turns":4},{"damage":0,"enemies":"Jaw Worm Horde","floor":42,"turns":2},{"damage":0,"enemies":"4 Shapes","floor":45,"turns":1},{"damage":5,"enemies":"Nemesis","floor":47,"turns":7},{"damage":80,"enemies":"Time Eater","floor":50,"turns":10},{"damage":27,"enemies":"Shield and Spear","floor":54,"turns":5},{"damage":119,"enemies":"The Heart","floor":55,"turns":9}],"seed_played":"2070330520417710400","potions_obtained":[{"floor":6,"key":"Strength Potion"},{"floor":11,"key":"ColorlessPotion"},{"floor":16,"key":"DuplicationPotion"},{"floor":18,"key":"FairyPotion"},{"floor":24,"key":"LiquidBronze"},{"floor":30,"key":"ElixirPotion"},{"floor":33,"key":"ColorlessPotion"}],"is_trial":false,"path_per_floor":["M","?","M","$","M","E","R","?","T","$","M","M","?","M","R","B",null,"M","$","M","M","$","M","E","R","T","R","M","$","M","?","R","B",null,"M","$","M","M","M","E","?","M","T","R","M","R","E","?","R","B",null,"R","$","E","B"],"character_chosen":"IRONCLAD","items_purchased":["Bludgeon","Power Through","Ghostly Armor","Body Slam","Havoc","Immolate","HandDrill"],"campfire_rested":3,"item_purchase_floors":[10,19,19,19,22,29,53],"current_hp_per_floor":[80,64,70,70,76,33,33,33,33,33,32,36,36,35,59,65,80,80,80,76,66,66,50,23,47,57,57,53,53,59,43,70,35,93,92,92,93,65,71,68,68,74,74,74,80,80,81,81,81,19,93,93,93,72,0,0],"gold":35,"neow_bonus":"THREE_ENEMY_KILL","is_daily":false,"chose_seed":false,"campfire_upgraded":5,"win_rate":0.0,"timestamp":1614144858,"path_taken":["M","?","M","$","M","E","R","?","T","?","M","?","?","M","R","BOSS","M","$","M","M","$","M","E","R","T","R","M","$","M","?","R","BOSS","M","$","M","M","M","E","?","M","T","R","M","R","E","?","R","BOSS","R","$","E","BOSS"],"items_purchased_type":["Card","Card","Card","Card","Card","Card","Relic"],"build_version":"2020-12-22","purchased_purges":3,"victory":false,"max_hp_per_floor":[80,80,80,80,80,80,80,80,80,80,80,80,80,80,80,80,80,80,80,80,80,80,80,80,80,90,90,93,93,93,93,93,93,93,93,93,93,93,93,93,93,93,93,93,93,93,93,93,93,93,93,93,93,93,93,93],"card_choices":[{"not_picked":["Clothesline","Warcry"],"picked":"Rage","floor":1},{"not_picked":["True Grit","Reckless Charge"],"picked":"Body Slam","floor":3},{"not_picked":["Body Slam","Intimidate"],"picked":"Wild Strike","floor":5},{"not_picked":["Intimidate","Battle Trance"],"picked":"Carnage","floor":6},{"not_picked":["Havoc","True Grit"],"picked":"Fire Breathing","floor":11},{"not_picked":["Berserk","Flex","Twin Strike"],"picked":"SKIP","floor":12},{"not_picked":["Thunderclap","Dark Embrace","Body Slam"],"picked":"SKIP","floor":14},{"not_picked":["Limit Break","Feed"],"picked":"Impervious","floor":16},{"not_picked":["Twin Strike","Flex"],"picked":"Anger","floor":18},{"not_picked":["Second Wind+1","Anger"],"picked":"Shrug It Off","floor":20},{"not_picked":["Clothesline","Shrug It Off+1"],"picked":"Feel No Pain+1","floor":21},{"not_picked":["Limit Break","Bloodletting"],"picked":"Metallicize","floor":23},{"not_picked":["Wild Strike","Combust+1"],"picked":"Feed","floor":24},{"not_picked":["Intimidate","Warcry"],"picked":"True Grit","floor":28},{"not_picked":["Body Slam","Blood for Blood","Anger"],"picked":"SKIP","floor":30},{"not_picked":["Berserk","Juggernaut"],"picked":"Immolate","floor":33},{"not_picked":["Evolve+1","Warcry"],"picked":"Fire Breathing+1","floor":35},{"not_picked":["Clothesline","Whirlwind+1","Thunderclap"],"picked":"SKIP","floor":37},{"not_picked":["Uppercut+1","Heavy Blade+1"],"picked":"Battle Trance+1","floor":38},{"not_picked":["Reckless Charge+1","True Grit+1","Thunderclap"],"picked":"SKIP","floor":39},{"not_picked":["Burning Pact","Searing Blow","Disarm+1"],"picked":"SKIP","floor":40},{"not_picked":["Armaments","Searing Blow"],"picked":"Shrug It Off+1","floor":42},{"not_picked":["True Grit","Wild Strike","Bloodletting"],"picked":"SKIP","floor":45},{"not_picked":["Infernal Blade","Combust","Pommel Strike+1"],"picked":"SKIP","floor":47},{"not_picked":["Shrug It Off+1","Wild Strike+1","Reckless Charge+1"],"picked":"SKIP","floor":54}],"player_experience":216159,"relics_obtained":[{"floor":6,"key":"Self Forming Clay"},{"floor":9,"key":"Ornamental Fan"},{"floor":24,"key":"Red Skull"},{"floor":26,"key":"Pear"},{"floor":31,"key":"Necronomicon"},{"floor":40,"key":"Meat on the Bone"},{"floor":47,"key":"Art of War"},{"floor":54,"key":"Blood Vial"}],"event_choices":[{"damage_healed":0,"gold_gain":0,"player_choice":"Entered Light","damage_taken":16,"max_hp_gain":0,"max_hp_loss":0,"event_name":"Shining Light","floor":2,"gold_loss":0,"cards_upgraded":["Defend_R","Bash"]},{"damage_healed":0,"gold_gain":30,"player_choice":"Searched \u00272\u0027 times","damage_taken":0,"relics_obtained":["Bag of Preparation"],"max_hp_gain":0,"max_hp_loss":0,"event_name":"Dead Adventurer","floor":8,"gold_loss":0},{"damage_healed":0,"gold_gain":0,"player_choice":"Grow","damage_taken":0,"max_hp_gain":0,"max_hp_loss":0,"event_name":"Living Wall","floor":13,"gold_loss":0,"cards_upgraded":["Body Slam"]},{"damage_healed":0,"gold_gain":0,"player_choice":"Obtained Book","damage_taken":16,"max_hp_gain":0,"max_hp_loss":0,"event_name":"Cursed Tome","floor":31,"gold_loss":0},{"cards_removed":["Seeing Red"],"damage_healed":0,"gold_gain":0,"player_choice":"Removed Skill","damage_taken":0,"max_hp_gain":0,"max_hp_loss":0,"event_name":"Falling","floor":41,"gold_loss":0},{"damage_healed":0,"gold_gain":100,"player_choice":"Pray","damage_taken":0,"max_hp_gain":0,"max_hp_loss":0,"event_name":"Golden Shrine","floor":48,"gold_loss":0}],"is_beta":false,"boss_relics":[{"not_picked":["Runic Cube","Fusion Hammer"],"picked":"Astrolabe"},{"not_picked":["Black Star","SlaversCollar"],"picked":"Sozu"}],"items_purged_floors":[10,36,53],"is_endless":false,"potions_floor_spawned":[6,11,16,18,24,30,33,40,42,54],"killed_by":"The Heart","ascension_level":0}}