{"host":"dzvdy2cvkhifjmvi","time":1614166847,"event":{"mods":["BaseMod","Downfall","Infinite Spire","Marisa????????","Minty Spire (QoL Compilation)","Replay The Spire","StSLib","The Cursed","The Disciple","The Servant 0.9.4"],"gold_per_floor":[115,134,134,149,168,168,168,168,168,187,187,207,61,87,87,105,105],"floor_reached":16,"language":"ENG","playtime":735,"items_purged":[],"score":92,"play_id":"0d18e7fd-e418-4d0c-98ba-08db7b201c3a","local_time":"20210224044047","is_ascension_mode":false,"campfire_choices":[{"data":"Ricochet","floor":6,"key":"SMITH"},{"data":"Exchange","floor":8,"key":"SMITH"},{"data":"FloweringNight","floor":11,"key":"SMITH"},{"data":"KidneyShot","floor":15,"key":"SMITH"}],"circlet_count":0,"master_deck":["Strike_S","Strike_S","Strike_S+1","Strike_S+1","Defend_S","Defend_S","Defend_S","Defend_S","KidneyShot+1","Exchange+1","Defy","Starlight","Contraction","Ricochet+1","FloweringNight+1","Rearm"],"relics":["Uniform","NeowsBlessing","Golden Idol","Replay:Bandana","infinitespire:PuzzleCube"],"acts_visited":["Exordium"],"potions_floor_usage":[16,16,16],"damage_taken":[{"damage":0,"enemies":"Small Slimes","floor":1,"turns":1},{"damage":0,"enemies":"Jaw Worm","floor":2,"turns":1},{"damage":0,"enemies":"2 Louse","floor":4,"turns":2},{"damage":7,"enemies":"Red Slaver","floor":5,"turns":6},{"damage":0,"enemies":"Looter","floor":10,"turns":4},{"damage":9,"enemies":"Blue Slaver","floor":12,"turns":3},{"damage":36,"enemies":"Hexaghost","floor":16,"turns":13}],"seed_played":"4027402366373331924","potions_obtained":[{"floor":1,"key":"Death Potion"},{"floor":5,"key":"FearPotion"},{"floor":10,"key":"SpeedPotion"}],"is_trial":false,"path_per_floor":["M","M","?","M","M","R","?","R","T","M","R","M","$","T","R","B"],"character_chosen":"THE_SERVANT","items_purchased":["Replay:Bandana"],"campfire_rested":0,"item_purchase_floors":[13],"current_hp_per_floor":[65,65,52,52,45,45,45,45,45,45,45,36,36,36,36,0,0],"gold":105,"neow_bonus":"THREE_ENEMY_KILL","is_daily":false,"chose_seed":false,"campfire_upgraded":4,"win_rate":0.0,"timestamp":1614166847,"path_taken":["M","M","?","M","M","R","?","R","T","M","R","M","?","?","R","BOSS"],"items_purchased_type":["Relic"],"build_version":"2020-12-22","purchased_purges":0,"victory":false,"max_hp_per_floor":[65,65,65,65,65,65,60,60,60,60,60,60,60,60,60,60,60],"card_choices":[{"not_picked":["BottledTime","WasteNot"],"picked":"Defy","floor":1},{"not_picked":["Unruled","Spin"],"picked":"Starlight","floor":2},{"not_picked":["Defy","DoubleEdge"],"picked":"Contraction","floor":4},{"not_picked":["Replace","Desolation"],"picked":"Ricochet","floor":5},{"not_picked":["Spin","Unruled"],"picked":"FloweringNight","floor":10},{"not_picked":["TimeWarp","Starlight"],"picked":"Rearm","floor":12}],"player_experience":1422731,"relics_obtained":[{"floor":14,"key":"infinitespire:PuzzleCube"}],"event_choices":[{"damage_healed":0,"gold_gain":0,"player_choice":"Entered Light","damage_taken":13,"max_hp_gain":0,"max_hp_loss":0,"event_name":"Shining Light","floor":3,"gold_loss":0,"cards_upgraded":["Strike_S","Strike_S"]},{"damage_healed":0,"gold_gain":0,"player_choice":"Lose Max HP","damage_taken":0,"relics_obtained":["Golden Idol"],"max_hp_gain":0,"max_hp_loss":5,"event_name":"Golden Idol","floor":7,"gold_loss":0}],"is_beta":false,"boss_relics":[],"items_purged_floors":[],"is_endless":false,"potions_floor_spawned":[1,5,10],"killed_by":"Hexaghost","ascension_level":0}}