{"host":"px2oznrenyeljk7o","time":1614163478,"event":{"mods":["100% Spire Juice","2.2 Compatiblity","A Penny For Your Troubles","AchievementEnabler","Act Like it!","Arknights","Aspiration","Astrologer","BaseMod","Better Altar","Better Match","Better Note","Better Sensory Stone","Better Skull","Better Third Choice","BetterRewards","Bossed Relics","ChefMod","Colored Map","Conspire","Curses Come First","Energized Spire","Evolution","Fireblade Mod","Fox Events","GifTheSpireLib","GungeonMod","Hermit","KinomotoSakuraMod(????)","Koishi","LagranYue(???·?)","Lobotomy","LobotomyExtend","Luminous","Marisa????????","Minty Spire (QoL Compilation)","Nova Terra(??·??)","Poor People Problems","Potionbrewer","Prisma Mod","Quick Restart","Random Character Button","Rare Cards Sparkle","Reimu??????","Reliquary","Replay The Spire","Robot Space Explorer","Shade Mod","Shapeshifter Mod","Small Relic Pack","Somnambulant","Spicy Shops","StSLib","Stuff the Spire","The Administrix","The Alterego","The Animator","The Blackbeard","The Blue Laboratory","The Bug Knight","The Clintock","The Construct","The Cursed","The Death Knight","The Disciple","The Florist","The Gatherer","The Hayseed","The Hierophant","The Jungle","The Marked","The Mystic","The Runesmith","The Servant 0.9.4","The Trickster","TheFirefly","TheSurvivalist","TheWitcher","WarShipGirlsR/????R mod","Wide Potions","Yakumo Yukari mod","Yuri Mod","everything is the same but u backflip on backflip","slay the spire mod where everything is the same but ironclad has a cowboy hat","??????REMEMod"],"gold_per_floor":[112,31,47,7,25,25,35,53,77,89,89,109,134,56,56,159,159,176,176,191,191,207,207,219,219,219,219,61,76,76,103,103,213,213,224,224,249,275,326,326,367,367,367,367,395,432,109,139,139,149],"floor_reached":51,"language":"ENG","playtime":8096,"items_purged":[],"score":686,"play_id":"22a79e02-69fa-4acb-b525-7c057b6324a8","local_time":"20210224114438","is_ascension_mode":false,"campfire_choices":[{"floor":6.0,"key":"REST"},{"floor":15.0,"key":"REST"},{"data":"hermit:Feint","floor":27.0,"key":"SMITH"},{"floor":30.0,"key":"REST"},{"data":"Dramatic Entrance","floor":32.0,"key":"SMITH"},{"floor":40,"key":"REST"},{"floor":42,"key":"REST"},{"floor":44,"key":"REST"},{"data":"hermit:Snapshot","floor":49,"key":"SMITH"}],"circlet_count":0,"master_deck":["hermit:TrackingShot","hermit:Strike_Hermit","hermit:Strike_Hermit","hermit:Strike_Hermit","hermit:Defend_Hermit","hermit:Defend_Hermit","hermit:Defend_Hermit","hermit:Defend_Hermit","hermit:Snapshot+1","hermit:Covet","construct:MemoryTap","hermit:Combo","hermit:LowProfile+1","hermit:Glare","hermit:Enervate","hermit:BodyArmor","hermit:Feint+1","hermit:EyeOfTheStorm","hermit:Ricochet","hermit:ShadowCloak+1","hermit:BodyArmor","hermit:Brawl","hermit:Dissolve","hermit:Quickdraw","FireBladeMod:FireBarrier+1","hermit:TakeCover+1","hermit:Grudge","hermit:LuckOfTheDraw","Dramatic Entrance+1","hermit:TakeAim","hermit:Feint+1","hermit:Scavenge+1","hermit:Manifest+1","hermit:HeroicBravado+1","hermit:Glare+1","hermit:Grudge","hermit:BodyArmor+1","StuffTheSpire:BrainWave","hermit:Showdown+1","hermit:Scavenge+1","hermit:Horror+1","hermit:CalledShot+1","hermit:Ricochet+1","hermit:WideOpen","hermit:Vantage+1","hermit:Headshot+1","hermit:Snipe+1","hermit:Determination"],"relics":["hermit:Momento","EVO:Axolotl","REME_ComplimentaryCards","LagranYue:RandomDrawCardRelic","aspiration:Nostalgia","alterego_mod:MasochisticConstitution","LetterFromLob","PaintedHorse:ReiMu","Smiling Mask","StuffTheSpire:GrapeVine","potionbrewer:BhaskarasWheel","Dream Catcher","ReplayTheSpireMod:Ring of Addiction","Ring of Peace","Toy Ornithopter","White Beast Statue","Toxic Egg 2","StuffTheSpire:SapphireSignet","energizedSpire:StickyHand","hermit:RedScarf","reliquary:FerryPass","DemoMod:PartiallyEatenCheese","Replay:Baseball","StuffTheSpire:Saxophone"],"acts_visited":["Exordium","TheCity","TheBeyond"],"potions_floor_usage":[35,37,38,39,41,41,45,48,50,50,50,50],"damage_taken":[{"damage":9.0,"enemies":"conspire:RoseBush","floor":1.0,"turns":2.0},{"damage":2.0,"enemies":"ats:Genji","floor":3.0,"turns":5.0},{"damage":0.0,"enemies":"Jaw Worm","floor":5.0,"turns":2.0},{"damage":0.0,"enemies":"Exordium Thugs","floor":7.0,"turns":7.0},{"damage":1.0,"enemies":"Looter","floor":8.0,"turns":5.0},{"damage":3.0,"enemies":"Blue Slaver","floor":10.0,"turns":3.0},{"damage":0.0,"enemies":"Exordium Wildlife","floor":12.0,"turns":3.0},{"damage":2.0,"enemies":"HollowMod:MossKnight","floor":13.0,"turns":10.0},{"damage":16.0,"enemies":"Hexaghost","floor":16.0,"turns":8.0},{"damage":28.0,"enemies":"3 Byrds","floor":18.0,"turns":8.0},{"damage":2.0,"enemies":"Shell Parasite","floor":20.0,"turns":5.0},{"damage":1.0,"enemies":"Sentry and Sphere","floor":22.0,"turns":10.0},{"damage":0.0,"enemies":"Snecko","floor":24.0,"turns":6.0},{"damage":9.0,"enemies":"Centurion and Healer","floor":29.0,"turns":10.0},{"damage":5.0,"enemies":"Snake Plant","floor":31.0,"turns":5.0},{"damage":9.0,"enemies":"conspire:MysteriousRune","floor":33.0,"turns":10.0},{"damage":14,"enemies":"3 Shapes","floor":35,"turns":5},{"damage":0,"enemies":"Orb Walker","floor":37,"turns":4},{"damage":1,"enemies":"Jaw Worm Horde","floor":38,"turns":6},{"damage":13,"enemies":"2 Orb Walkers","floor":39,"turns":5},{"damage":52,"enemies":"Reptomancer","floor":41,"turns":9},{"damage":0,"enemies":"Maw","floor":45,"turns":6},{"damage":5,"enemies":"R_Hoarder","floor":46,"turns":9},{"damage":0,"enemies":"Sphere and 2 Shapes","floor":48,"turns":5},{"damage":90,"enemies":"conspire:OrnateMirror","floor":50,"turns":10}],"seed_played":"-860114178749641048","potions_obtained":[{"floor":7.0,"key":"potionbrewer:CleansingPotion"},{"floor":8.0,"key":"blueLaboratory:HummingbirdPotion"},{"floor":11.0,"key":"AttackPotion"},{"floor":13.0,"key":"DemoMod:BlankPotion"},{"floor":16.0,"key":"DemoMod:LeadSkinPotion"},{"floor":20.0,"key":"DemoMod:LeadSkinPotion"},{"floor":22.0,"key":"Regen Potion"},{"floor":23.0,"key":"potionbrewer:BlacksmithPotion"},{"floor":23.0,"key":"potionbrewer:QuicksilverPotion"},{"floor":24.0,"key":"Explosive Potion"},{"floor":29.0,"key":"blueLaboratory:PhilterOfMotion"},{"floor":31.0,"key":"potionbrewer:AcidPotion"},{"floor":33.0,"key":"Venom Potion"},{"floor":35,"key":"blueLaboratory:BubblePotion"},{"floor":37,"key":"Ancient Potion"},{"floor":38,"key":"blueLaboratory:HorrorPotion"},{"floor":39,"key":"ColorlessPotion"},{"floor":41,"key":"Explosive Potion"},{"floor":45,"key":"blueLaboratory:StoneskinPotion"},{"floor":46,"key":"Explosive Potion"},{"floor":48,"key":"blueLaboratory:FruitPunch"}],"is_trial":false,"path_per_floor":["M","$","M","?","M","R","M","M","T","M","?","M","E","$","R","B",null,"M","?","M","T","M","?","M","T","T","R","$","M","R","M","R_BF","B",null,"M","?","M","M","?","R","E","R","T","R","M","E","$","M","R","B",null],"character_chosen":"HERMIT","items_purchased":["hermit:LowProfile+1","hermit:Glare","hermit:Brawl","Dramatic Entrance","hermit:TakeAim","hermit:Determination","PowerPotion","StuffTheSpire:Saxophone"],"campfire_rested":6,"item_purchase_floors":[2,2,14,28,28,47,47,47],"current_hp_per_floor":[67,67,66,66,66,77,77,77,77,75,75,75,74,74,80,65,81,54,54,53,53,53,63,84,84,84,84,82,74,83,81,81,76,85,80,80,81,81,70,83,32,57,57,82,82,78,78,83,83,3],"gold":149,"neow_bonus":"NOSTALGIA","is_daily":false,"chose_seed":false,"campfire_upgraded":3,"win_rate":0.0,"timestamp":1614163478,"path_taken":["M","$","M","?","M","R","M","M","T","M","?","M","E","$","R","BOSS","M","?","M","?","M","?","M","?","T","R","$","M","R","M","R_BF","BOSS","M","?","M","M","?","R","E","R","T","R","M","E","$","M","R","BOSS"],"items_purchased_type":["Card","Card","Card","Card","Card","Card","Potion","Relic"],"build_version":"2020-12-22","purchased_purges":0,"victory":true,"max_hp_per_floor":[76,76,77,77,77,77,77,78,78,79,79,79,80,80,80,81,81,82,82,83,83,84,84,84,84,84,84,82,83,83,84,84,85,85,89,81,81,82,83,83,84,84,84,84,82,83,83,83,83,86],"card_choices":[{"not_picked":["hermit:NoHoldsBarred","hermit:TrackingShot"],"picked":"hermit:Combo","floor":1.0},{"not_picked":["hermit:SprayPray","hermit:HighCaliber"],"picked":"hermit:Enervate","floor":3.0},{"not_picked":["hermit:Desperado","hermit:TakeCover"],"picked":"hermit:BodyArmor","floor":5.0},{"not_picked":["hermit:Glare","hermit:NoHoldsBarred"],"picked":"hermit:Feint","floor":7.0},{"not_picked":["hermit:Feint","hermit:TakeCover"],"picked":"hermit:EyeOfTheStorm","floor":8.0},{"not_picked":["hermit:Desperado","hermit:BlackWind"],"picked":"hermit:Ricochet","floor":10.0},{"not_picked":["hermit:Desperado","hermit:DeadOrAlive"],"picked":"hermit:ShadowCloak","floor":12.0},{"not_picked":["hermit:TrackingShot","hermit:Cheat"],"picked":"hermit:BodyArmor","floor":13.0},{"not_picked":["hermit:Purgatory","hermit:EternalForm"],"picked":"hermit:Dissolve","floor":16.0},{"not_picked":["hermit:Glare","hermit:ItchyTrigger"],"picked":"hermit:Quickdraw","floor":18.0},{"not_picked":["hermit:Glare","hermit:Dive"],"picked":"hermit:TakeCover+1","floor":20.0},{"not_picked":["hermit:Ricochet+1","hermit:Glare"],"picked":"hermit:Grudge","floor":22.0},{"not_picked":["hermit:Midnight+1","hermit:Ricochet+1"],"picked":"hermit:LuckOfTheDraw","floor":24.0},{"not_picked":["hermit:TakeAim","hermit:ShadowCloak+1"],"picked":"hermit:Feint+1","floor":29.0},{"not_picked":["hermit:Coalescence+1","hermit:Headshot"],"picked":"hermit:Scavenge+1","floor":30.0},{"not_picked":["hermit:Shortfuse","hermit:TrackingShot"],"picked":"hermit:Manifest+1","floor":31.0},{"not_picked":["hermit:RoundhouseKick","hermit:Magnum"],"picked":"hermit:HeroicBravado+1","floor":33.0},{"not_picked":["hermit:Glare+1","hermit:Grudge"],"picked":"hermit:BodyArmor+1","floor":35},{"not_picked":["hermit:Showdown+1","hermit:Horror+1"],"picked":"hermit:Scavenge+1","floor":37},{"not_picked":["hermit:LowProfile+1","hermit:ItchyTrigger","hermit:CalledShot"],"picked":"SKIP","floor":38},{"not_picked":["hermit:CalledShot+1","hermit:WideOpen"],"picked":"hermit:Ricochet+1","floor":39},{"not_picked":["hermit:Vantage+1","hermit:ItchyTrigger+1","hermit:Purgatory"],"picked":"SKIP","floor":41},{"not_picked":["hermit:Vantage+1","hermit:Snipe+1"],"picked":"hermit:Headshot+1","floor":45},{"not_picked":["hermit:Midnight+1","hermit:Desperado+1","hermit:Showdown"],"picked":"SKIP","floor":46},{"not_picked":["hermit:CalledShot","hermit:Dive+1","hermit:HighCaliber"],"picked":"SKIP","floor":48}],"player_experience":661649,"relics_obtained":[{"floor":1.0,"key":"LetterFromLob"},{"floor":9.0,"key":"Smiling Mask"},{"floor":13.0,"key":"StuffTheSpire:GrapeVine"},{"floor":21.0,"key":"Dream Catcher"},{"floor":23.0,"key":"ReplayTheSpireMod:Ring of Addiction"},{"floor":23.0,"key":"Ring of Peace"},{"floor":23.0,"key":"Toy Ornithopter"},{"floor":23.0,"key":"White Beast Statue"},{"floor":25.0,"key":"Toxic Egg 2"},{"floor":26.0,"key":"StuffTheSpire:SapphireSignet"},{"floor":39,"key":"hermit:RedScarf"},{"floor":41,"key":"reliquary:FerryPass"},{"floor":43,"key":"DemoMod:PartiallyEatenCheese"},{"floor":46,"key":"Replay:Baseball"}],"event_choices":[{"damage_healed":0.0,"max_hp_gain":0.0,"max_hp_loss":0.0,"gold_gain":0.0,"event_name":"yidonshenshe","player_choice":"Donate","floor":4.0,"gold_loss":40.0,"damage_taken":0.0,"relics_obtained":["PaintedHorse:ReiMu"]},{"damage_healed":0.0,"max_hp_gain":0.0,"max_hp_loss":0.0,"gold_gain":0.0,"event_name":"Lab","player_choice":"Got Potions","floor":11.0,"gold_loss":0.0,"damage_taken":0.0},{"cards_removed":["hermit:BodyArmor"],"damage_healed":0.0,"max_hp_gain":0.0,"max_hp_loss":0.0,"gold_gain":0.0,"event_name":"betterNote:BetterNote","player_choice":"Take \u0026 Give","floor":19.0,"gold_loss":0.0,"damage_taken":0.0,"cards_obtained":["FireBladeMod:FireBarrier"]},{"damage_healed":0,"gold_gain":0,"player_choice":"Fight","damage_taken":0,"max_hp_gain":0,"max_hp_loss":0,"event_name":"Mysterious Sphere","floor":39,"gold_loss":0}],"is_beta":false,"boss_relics":[{"not_picked":["aspiration:WatcherSkillbook","reliquary:RedPaperclip"],"picked":"potionbrewer:BhaskarasWheel"},{"not_picked":["relicPack:ShieldShield","aspiration:RitualDagger"],"picked":"energizedSpire:StickyHand"}],"items_purged_floors":[],"is_endless":false,"potions_floor_spawned":[7,8,13,16,18,20,22,24,29,31,33,35,37,38,39,41,45,46,48],"ascension_level":0}}