{"host":"sr8h12zimc8zi8zs","time":1614165707,"event":{"mods":["100% Spire Juice","2.2 Compatiblity","AchievementEnabler","BaseMod","CapriCore","Colored Map","GifTheSpireLib","Minty Spire (QoL Compilation)","Permanent Neow","StSLib"],"gold_per_floor":[111,111,123,123,136,16,16,16,16,41,41,55,55,70,70,167,47,57,157,172,70,88,121,140,140,140,140,20,20,30,49,49,147,27,45,57,57,74,74,74,87,87,87,362,362,373,373,393,393,393,393,393,21,21,21],"floor_reached":56,"language":"KOR","playtime":4299,"items_purged":["Regret"],"score":1171,"play_id":"175cc483-c36d-4340-9a8e-f7b53d9166c5","local_time":"20210224202147","is_ascension_mode":false,"campfire_choices":[{"data":"Moonworks:AnotherUltimateWeapon","floor":6.0,"key":"SMITH"},{"data":"Moonworks:IndiscriminateFireSupport","floor":8.0,"key":"SMITH"},{"data":"Moonworks:LongDistanceShot","floor":11.0,"key":"SMITH"},{"floor":13.0,"key":"RECALL"},{"data":"Moonworks:MiracleWalker","floor":15.0,"key":"SMITH"},{"data":"Moonworks:ExtendedPhotonRifle","floor":25.0,"key":"SMITH"},{"floor":27.0,"key":"REST"},{"data":"Moonworks:MiracleWalker","floor":32.0,"key":"SMITH"},{"data":"Moonworks:LeapThroughSpace","floor":40.0,"key":"SMITH"},{"data":"Moonworks:ShieldCounter","floor":42.0,"key":"SMITH"},{"data":"Moonworks:LulusLuckyEgg","floor":45.0,"key":"SMITH"},{"floor":47.0,"key":"REST"},{"data":"Moonworks:NicePresent","floor":49.0,"key":"SMITH"},{"data":"Moonworks:NicePresent","floor":52.0,"key":"SMITH"}],"circlet_count":0,"master_deck":["Moonworks:Defend","Moonworks:Defend","Moonworks:Defend","Moonworks:Ambush+1","Moonworks:LongDistanceShot+1","Moonworks:AnotherUltimateWeapon+1","Moonworks:FullSpeedAlicianrone","Moonworks:IndiscriminateFireSupport+1","Moonworks:MiracleWalker+1","Moonworks:ShieldCounter+1","Moonworks:MixPhenomenon+1","Moonworks:StiffCrystal+1","Moonworks:MetallicMonocoque+1","Moonworks:NicePresent+1","Moonworks:ExtendedPhotonRifle+1","Moonworks:FullSpeedAlicianrone","Moonworks:NicePresent+1","Moonworks:LulusLuckyEgg+1","Moonworks:MiracleWalker+1","Moonworks:TacticalRetreat+1","Moonworks:NicePresent","Moonworks:LeapThroughSpace+1","Moonworks:BigBangBell+1","Moonworks:SakisCookie+1","Moonworks:ExtendedPhotonRifle+1"],"relics":["Moonworks:BrokenBomb","Moonworks:Homemark","Du-Vu Doll","Astrolabe","StoneCalendar","HornCleat","Empty Cage","Bottled Lightning","ClockworkSouvenir"],"acts_visited":["Exordium","TheCity","TheBeyond","TheEnding"],"potions_floor_usage":[55,55,55],"damage_taken":[{"damage":0.0,"enemies":"Cultist","floor":1.0,"turns":4.0},{"damage":0.0,"enemies":"2 Louse","floor":3.0,"turns":3.0},{"damage":1.0,"enemies":"Jaw Worm","floor":5.0,"turns":3.0},{"damage":9.0,"enemies":"3 Sentries","floor":10.0,"turns":3.0},{"damage":0.0,"enemies":"Red Slaver","floor":12.0,"turns":1.0},{"damage":0.0,"enemies":"2 Fungi Beasts","floor":14.0,"turns":1.0},{"damage":36.0,"enemies":"Hexaghost","floor":16.0,"turns":8.0},{"damage":0.0,"enemies":"Chosen","floor":18.0,"turns":4.0},{"damage":0.0,"enemies":"Spheric Guardian","floor":20.0,"turns":3.0},{"damage":6.0,"enemies":"Snecko","floor":21.0,"turns":4.0},{"damage":0.0,"enemies":"Shelled Parasite and Fungi","floor":22.0,"turns":3.0},{"damage":23.0,"enemies":"Book of Stabbing","floor":23.0,"turns":5.0},{"damage":0.0,"enemies":"Snake Plant","floor":24.0,"turns":3.0},{"damage":0.0,"enemies":"Centurion and Healer","floor":30.0,"turns":3.0},{"damage":0.0,"enemies":"Cultist and Chosen","floor":31.0,"turns":4.0},{"damage":0.0,"enemies":"Champ","floor":33.0,"turns":5.0},{"damage":0.0,"enemies":"3 Shapes","floor":35.0,"turns":3.0},{"damage":0.0,"enemies":"Orb Walker","floor":36.0,"turns":4.0},{"damage":7.0,"enemies":"4 Shapes","floor":38.0,"turns":3.0},{"damage":11.0,"enemies":"3 Darklings","floor":41.0,"turns":3.0},{"damage":22.0,"enemies":"Writhing Mass","floor":46.0,"turns":7.0},{"damage":2.0,"enemies":"Sphere and 2 Shapes","floor":48.0,"turns":3.0},{"damage":33.0,"enemies":"Donu and Deca","floor":50.0,"turns":7.0},{"damage":6.0,"enemies":"Shield and Spear","floor":54.0,"turns":3.0},{"damage":17,"enemies":"The Heart","floor":55,"turns":6}],"seed_played":"7489186275000357559","potions_obtained":[{"floor":10.0,"key":"Fire Potion"},{"floor":12.0,"key":"GamblersBrew"},{"floor":14.0,"key":"AttackPotion"},{"floor":18.0,"key":"LiquidBronze"},{"floor":23.0,"key":"Energy Potion"},{"floor":31.0,"key":"SkillPotion"},{"floor":36.0,"key":"Regen Potion"},{"floor":48.0,"key":"BlessingOfTheForge"}],"is_trial":false,"path_per_floor":["M","$","M","?","M","R","?","R","T","E","R","M","R","M","R","B",null,"M","?","M","M","M","E","M","R","T","R","$","?","M","M","R","B",null,"M","M","?","M","$","R","M","R","T","?","R","M","R","M","R","B",null,"R","$","E","B",null],"character_chosen":"THE_STARBREAKER","items_purchased":["ClockworkSouvenir","SmokeBomb","PowerPotion"],"campfire_rested":2,"item_purchase_floors":[53,53,53],"current_hp_per_floor":[60,60,60,60,59,59,53,53,53,44,44,44,44,44,44,8,60,60,60,60,54,54,31,31,31,31,49,49,49,49,49,49,49,60,60,60,60,53,53,53,51,51,51,51,51,24,42,43,43,30,60,60,60,54,48],"gold":21,"neow_bonus":"ONE_RANDOM_RARE_CARD","is_daily":false,"chose_seed":false,"campfire_upgraded":11,"win_rate":0.0,"timestamp":1614165707,"path_taken":["M","?","?","?","?","R","?","R","T","E","R","?","R","M","R","BOSS","M","?","M","M","M","E","?","R","T","R","$","?","M","?","R","BOSS","M","M","?","M","$","R","?","R","T","?","R","M","R","M","R","BOSS","R","$","E","BOSS"],"items_purchased_type":["Relic","Potion","Potion"],"build_version":"2020-12-22","purchased_purges":1,"victory":true,"max_hp_per_floor":[60,60,60,60,60,60,60,60,60,60,60,60,60,60,60,60,60,60,60,60,60,60,60,60,60,60,60,60,60,60,60,60,60,60,60,60,60,60,60,60,60,60,60,60,60,60,60,60,60,60,60,60,60,60,60],"card_choices":[{"not_picked":["Moonworks:EvilSpyWorkPreparation","Moonworks:Assault","Moonworks:DeployBits"],"picked":"SKIP","floor":1.0},{"not_picked":["Moonworks:ImOnFire","Moonworks:JonathanRush"],"picked":"Moonworks:FullSpeedAlicianrone","floor":3.0},{"not_picked":["Moonworks:BigMagnum","Moonworks:LulusLuckyEgg"],"picked":"Moonworks:IndiscriminateFireSupport","floor":5.0},{"not_picked":["Moonworks:SakisCookie","Moonworks:DeployBits","Moonworks:CastOff"],"picked":"SKIP","floor":10.0},{"not_picked":["Moonworks:Gamble","Moonworks:DeployBits","Moonworks:SelfDestruct"],"picked":"SKIP","floor":12.0},{"not_picked":["Moonworks:Flamethrower","Moonworks:SelfDestruct"],"picked":"Moonworks:MiracleWalker","floor":14.0},{"not_picked":["Moonworks:Accelerator","Moonworks:OutOfAmmo"],"picked":"Moonworks:ShieldCounter","floor":16.0},{"not_picked":["Moonworks:EvilSpyWorkPreparation","Moonworks:CastOff","Moonworks:ImOnFire"],"picked":"SKIP","floor":18.0},{"not_picked":["Moonworks:ImmovableObject","Moonworks:Poppoformation"],"picked":"Moonworks:NicePresent","floor":20.0},{"not_picked":["Moonworks:SakisCookie","Moonworks:TreasureThief"],"picked":"Moonworks:ExtendedPhotonRifle","floor":21.0},{"not_picked":["Moonworks:BigMagnum","Moonworks:Accelerator"],"picked":"Moonworks:FullSpeedAlicianrone","floor":22.0},{"not_picked":["Moonworks:JonathanRush","Moonworks:Poppoformation"],"picked":"Moonworks:NicePresent","floor":23.0},{"not_picked":["Moonworks:Heat300Percent","Moonworks:SakisCookie"],"picked":"Moonworks:LulusLuckyEgg","floor":24.0},{"not_picked":["Moonworks:BigMagnum","Moonworks:DeployBits"],"picked":"Moonworks:TacticalRetreat+1","floor":30.0},{"not_picked":["Moonworks:Assault","Moonworks:JonathanRush"],"picked":"Moonworks:NicePresent","floor":31.0},{"not_picked":["Moonworks:CrystalBarrier","Moonworks:SinkOrSwim"],"picked":"Moonworks:LeapThroughSpace","floor":33.0},{"not_picked":["Moonworks:EvilSpyWorkPreparation+1","Moonworks:FinalSurgery"],"picked":"Moonworks:BigBangBell+1","floor":35.0},{"not_picked":["Moonworks:EvilSpyWorkPreparation+1","Moonworks:SelfDestruct","Moonworks:ForcedRevival+1"],"picked":"SKIP","floor":36.0},{"not_picked":["Moonworks:SakisCookie","Moonworks:Assault","Moonworks:JonathanRush"],"picked":"SKIP","floor":38.0},{"not_picked":["Moonworks:ForcedRevival+1","Moonworks:CloudOfSeagulls","Moonworks:JonathanRush+1"],"picked":"SKIP","floor":41.0},{"not_picked":["Moonworks:EvilSpyWorkPreparation","Moonworks:Assault"],"picked":"Moonworks:SakisCookie+1","floor":46.0},{"not_picked":["Moonworks:SakisCookie+1","Moonworks:ImOnFire"],"picked":"Moonworks:ExtendedPhotonRifle+1","floor":48.0}],"player_experience":170732,"relics_obtained":[{"floor":10.0,"key":"Du-Vu Doll"},{"floor":23.0,"key":"StoneCalendar"},{"floor":26.0,"key":"HornCleat"},{"floor":43.0,"key":"Bottled Lightning"}],"event_choices":[{"damage_healed":0.0,"max_hp_gain":0.0,"max_hp_loss":0.0,"gold_gain":0.0,"event_name":"Upgrade Shrine","player_choice":"Upgraded","floor":4.0,"gold_loss":0.0,"damage_taken":0.0,"cards_upgraded":["Moonworks:Ambush"]},{"damage_healed":0.0,"max_hp_gain":0.0,"max_hp_loss":0.0,"gold_gain":0.0,"event_name":"Wheel of Change","player_choice":"Damaged","floor":7.0,"gold_loss":0.0,"damage_taken":6.0},{"damage_healed":0.0,"max_hp_gain":0.0,"max_hp_loss":0.0,"gold_gain":100.0,"event_name":"Golden Shrine","player_choice":"Pray","floor":19.0,"gold_loss":0.0,"damage_taken":0.0},{"damage_healed":0.0,"max_hp_gain":0.0,"max_hp_loss":0.0,"gold_gain":0.0,"event_name":"Match and Keep!","player_choice":"1 cards matched","floor":29.0,"gold_loss":0.0,"damage_taken":0.0,"cards_obtained":["Moonworks:MiracleWalker"]},{"damage_healed":0.0,"max_hp_gain":0.0,"max_hp_loss":0.0,"gold_gain":0.0,"event_name":"WeMeetAgain","player_choice":"Ignored","floor":37.0,"gold_loss":0.0,"damage_taken":0.0},{"damage_healed":0.0,"max_hp_gain":0.0,"max_hp_loss":0.0,"gold_gain":275.0,"event_name":"Golden Shrine","player_choice":"Desecrate","floor":44.0,"gold_loss":0.0,"damage_taken":0.0,"cards_obtained":["Regret"]}],"is_beta":false,"boss_relics":[{"not_picked":["Tiny House","Busted Crown"],"picked":"Astrolabe"},{"not_picked":["Black Star","SacredBark"],"picked":"Empty Cage"}],"items_purged_floors":[53],"is_endless":false,"potions_floor_spawned":[10,12,14,18,23,30,31,36,38,48],"ascension_level":0}}