{"host":"IMPacifista","time":1614138563,"event":{"mods":["BaseMod","Minty Spire (QoL Compilation)"],"gold_per_floor":[114,114,37,55,65,96,96,129,129,129,149,181,211,230,230,330,330,344,355,207,207,207,207,224,101,101,101,101,136,136,169,181,193,193],"floor_reached":33,"language":"ENG","playtime":1473,"items_purged":["Decay"],"score":461,"play_id":"0c4be723-5f99-40d1-9a52-6fc9298ab972","local_time":"20210223194923","is_ascension_mode":true,"campfire_choices":[{"data":"Shockwave","floor":7.0,"key":"SMITH"},{"floor":10.0,"key":"REST"},{"floor":15.0,"key":"REST"},{"data":"Whirlwind","floor":23.0,"key":"SMITH"},{"data":"Immolate","floor":28.0,"key":"SMITH"},{"floor":30.0,"key":"REST"},{"floor":32.0,"key":"REST"}],"circlet_count":0,"master_deck":["Defend_R","Defend_R","Defend_R","Bash","Cleave","Feed","Shockwave+1","Clothesline","Evolve","Whirlwind+1","Thunderclap","Wild Strike","Immolate+1","Limit Break+1","Pummel+1","Iron Wave+1","Twin Strike","Clothesline+1","Shrug It Off","Shrug It Off","Bite","Bite","Bite","Bite","Bite","Pommel Strike+1","Uppercut"],"relics":["Burning Blood","NeowsBlessing","Pen Nib","Pantograph","Blue Candle","PreservedInsect","Odd Mushroom","Astrolabe","Akabeko","Darkstone Periapt","Happy Flower","MawBank"],"acts_visited":["Exordium","TheCity"],"potions_floor_usage":[],"damage_taken":[{"damage":0.0,"enemies":"2 Louse","floor":1.0,"turns":2.0},{"damage":0.0,"enemies":"Cultist","floor":4.0,"turns":1.0},{"damage":0.0,"enemies":"Jaw Worm","floor":5.0,"turns":2.0},{"damage":31.0,"enemies":"Lagavulin","floor":6.0,"turns":8.0},{"damage":30.0,"enemies":"3 Sentries","floor":8.0,"turns":8.0},{"damage":12.0,"enemies":"Exordium Wildlife","floor":11.0,"turns":4.0},{"damage":42.0,"enemies":"Lagavulin","floor":12.0,"turns":7.0},{"damage":6.0,"enemies":"The Mushroom Lair","floor":13.0,"turns":4.0},{"damage":11.0,"enemies":"Blue Slaver","floor":14.0,"turns":3.0},{"damage":54.0,"enemies":"The Guardian","floor":16.0,"turns":13.0},{"damage":28.0,"enemies":"Chosen","floor":18.0,"turns":5.0},{"damage":22.0,"enemies":"2 Thieves","floor":19.0,"turns":2.0},{"damage":5.0,"enemies":"Centurion and Healer","floor":24.0,"turns":3.0},{"damage":44.0,"enemies":"Book of Stabbing","floor":29.0,"turns":5.0},{"damage":39.0,"enemies":"Gremlin Leader","floor":31.0,"turns":5.0},{"damage":80,"enemies":"Champ","floor":33,"turns":12}],"seed_played":"-1547447677511150381","potions_obtained":[{"floor":1.0,"key":"EssenceOfSteel"},{"floor":6.0,"key":"Explosive Potion"},{"floor":11.0,"key":"Energy Potion"},{"floor":13.0,"key":"Ancient Potion"},{"floor":18.0,"key":"DistilledChaos"},{"floor":24.0,"key":"GamblersBrew"}],"is_trial":false,"path_per_floor":["M","?","$","M","M","E","R","E","T","R","M","E","?","M","R","B",null,"M","M","$","?","?","R","M","$","T","?","R","E","R","E","R","B"],"character_chosen":"IRONCLAD","items_purchased":["Feed","Akabeko","Shrug It Off"],"campfire_rested":4,"item_purchase_floors":[3,20,25],"current_hp_per_floor":[78,78,78,83,86,64,64,43,43,70,67,31,34,32,62,39,86,64,48,48,81,81,81,82,82,82,70,70,40,61,37,58,0,0],"gold":193,"neow_bonus":"THREE_ENEMY_KILL","is_daily":false,"chose_seed":false,"campfire_upgraded":3,"win_rate":0.0,"timestamp":1614138563,"path_taken":["M","?","$","M","?","E","R","E","T","R","M","E","?","M","R","BOSS","M","M","$","?","?","R","M","$","T","?","R","E","R","E","R","BOSS"],"items_purchased_type":["Card","Relic","Card"],"build_version":"2020-12-18","purchased_purges":1,"victory":false,"max_hp_per_floor":[80,80,80,83,86,89,89,92,92,92,95,95,98,101,101,101,101,101,101,101,101,101,101,101,101,101,70,70,70,70,73,73,73,73],"card_choices":[{"not_picked":["Inflame","Thunderclap"],"picked":"Cleave","floor":1.0},{"not_picked":["Body Slam","Wild Strike"],"picked":"Shockwave","floor":4.0},{"not_picked":["Heavy Blade","Armaments"],"picked":"Clothesline","floor":5.0},{"not_picked":["Searing Blow","Dark Embrace","Body Slam"],"picked":"SKIP","floor":6.0},{"not_picked":["True Grit","Battle Trance"],"picked":"Evolve","floor":8.0},{"not_picked":["Limit Break","Rage"],"picked":"Whirlwind","floor":11.0},{"not_picked":["Flex","Armaments"],"picked":"Thunderclap","floor":12.0},{"not_picked":["Havoc","Anger"],"picked":"Wild Strike","floor":13.0},{"not_picked":["Combust","Dark Embrace","Flex"],"picked":"SKIP","floor":14.0},{"not_picked":["Exhume","Berserk"],"picked":"Immolate","floor":16.0},{"not_picked":["Bloodletting","Body Slam"],"picked":"Twin Strike","floor":18.0},{"not_picked":["True Grit","Iron Wave"],"picked":"Clothesline+1","floor":19.0},{"not_picked":["Pommel Strike","Cleave"],"picked":"Shrug It Off","floor":24.0},{"not_picked":["Body Slam","Blood for Blood"],"picked":"Pommel Strike+1","floor":29.0},{"not_picked":["Clash","Warcry"],"picked":"Uppercut","floor":31.0}],"player_experience":330679,"relics_obtained":[{"floor":6.0,"key":"Pen Nib"},{"floor":8.0,"key":"Pantograph"},{"floor":9.0,"key":"Blue Candle"},{"floor":12.0,"key":"PreservedInsect"},{"floor":13.0,"key":"Odd Mushroom"},{"floor":26.0,"key":"Darkstone Periapt"},{"floor":29.0,"key":"Happy Flower"},{"floor":31.0,"key":"MawBank"}],"event_choices":[{"cards_removed":["Strike_R"],"damage_healed":0.0,"max_hp_gain":0.0,"max_hp_loss":0.0,"gold_gain":0.0,"event_name":"Purifier","player_choice":"Purged","floor":2.0,"gold_loss":0.0,"damage_taken":0.0},{"damage_healed":0.0,"max_hp_gain":0.0,"max_hp_loss":0.0,"gold_gain":0.0,"event_name":"Mushrooms","player_choice":"Fought Mushrooms","floor":13.0,"gold_loss":0.0,"damage_taken":0.0},{"damage_healed":33.0,"max_hp_gain":0.0,"max_hp_loss":0.0,"gold_gain":0.0,"event_name":"The Library","player_choice":"Heal","floor":21.0,"gold_loss":0.0,"damage_taken":0.0},{"damage_healed":0.0,"max_hp_gain":0.0,"max_hp_loss":0.0,"gold_gain":0.0,"event_name":"Forgotten Altar","player_choice":"Smashed Altar","floor":22.0,"gold_loss":0.0,"damage_taken":0.0,"cards_obtained":["Decay"]},{"damage_healed":0.0,"max_hp_gain":0.0,"max_hp_loss":31.0,"gold_gain":0.0,"event_name":"Vampires","player_choice":"Became a vampire","floor":27.0,"gold_loss":0.0,"damage_taken":0.0,"cards_obtained":["Bite","Bite","Bite","Bite","Bite"]}],"is_beta":true,"boss_relics":[{"not_picked":["Tiny House","Snecko Eye"],"picked":"Astrolabe"}],"items_purged_floors":[25],"is_endless":false,"potions_floor_spawned":[1,6,11,13,18,24],"killed_by":"Champ","ascension_level":9}}