{"host":"t6r1isv2bex5ovch","time":1614139960,"event":{"mods":["AchievementEnabler","Act Like it!","Aspiration","BaseMod","Better Altar","Better Match","Better Note","Better Sensory Stone","Better Skull","Better Third Choice","Better Vampires","Bossed Relics","Colored Powertips","Displayed Cursed Tome","Evolution","Fox Events","Hubris","Minty Spire (QoL Compilation)","Reliquary","Ruina","StSLib"],"gold_per_floor":[109,109,119,44,64,98,98,133,133,149,149,163,187,217,217,313,313,326,79,97,97,112,144,144,144,144,162,112,112,112,130,130,234,234,249,249,299,249,249,249,263,294,318,318,14,24,52,66,66,66,66,66,16,49,49],"floor_reached":56,"language":"ENG","playtime":3785,"items_purged":["Decay","Strike_R","Strike_R","Strike_R","Strike_R","Defend_R"],"score":1548,"play_id":"795688f2-7b8b-42c8-a067-969a80d4ff84","local_time":"20210224151240","is_ascension_mode":true,"campfire_choices":[{"floor":7.0,"key":"RECALL"},{"data":"Pommel Strike","floor":11.0,"key":"SMITH"},{"data":"Rampage","floor":15.0,"key":"SMITH"},{"data":"RitualDagger","floor":25.0,"key":"SMITH"},{"data":"Ghostly","floor":30.0,"key":"SMITH"},{"data":"Ghostly","floor":32.0,"key":"SMITH"},{"data":"Madness","floor":40.0,"key":"SMITH"},{"data":"Ghostly","floor":49.0,"key":"SMITH"},{"data":"Ghostly","floor":52.0,"key":"SMITH"}],"circlet_count":0,"master_deck":["Cleave","Defend_R","Defend_R","Defend_R","Bash","Pommel Strike+1","Shrug It Off","Rampage+1","Fiend Fire","RitualDagger+1","Ghostly+1","Ghostly+1","Ghostly+1","Ghostly+1","Ghostly","Madness+1","Madness","Feed"],"relics":["Burning Blood","EVO:Axolotl","aspiration:Nostalgia","PureWater","reliquary:SharkskinSheath","reliquary:Stiletto","hubris:Zylophone","hubris:ScarierMask","reliquary:FingerTrap","Smiling Mask","Pantograph","hubris:SphereOfDissonance","Busted Crown","hubris:PeanutButter","reliquary:Knoch","Singing Bowl","Omamori","Bottled Flame"],"acts_visited":["Exordium","TheCity","TheBeyond","TheEnding"],"potions_floor_usage":[55],"damage_taken":[{"damage":1.0,"enemies":"Cultist","floor":1.0,"turns":4.0},{"damage":6.0,"enemies":"2 Louse","floor":3.0,"turns":3.0},{"damage":2.0,"enemies":"Jaw Worm","floor":5.0,"turns":3.0},{"damage":40.0,"enemies":"Lagavulin","floor":6.0,"turns":5.0},{"damage":20.0,"enemies":"3 Sentries","floor":8.0,"turns":7.0},{"damage":6.0,"enemies":"Exordium Wildlife","floor":10.0,"turns":4.0},{"damage":4.0,"enemies":"Red Slaver","floor":12.0,"turns":3.0},{"damage":23.0,"enemies":"Gremlin Nob","floor":14.0,"turns":4.0},{"damage":0.0,"enemies":"Slime Boss","floor":16.0,"turns":6.0},{"damage":4.0,"enemies":"Chosen","floor":18.0,"turns":3.0},{"damage":3.0,"enemies":"2 Thieves","floor":20.0,"turns":2.0},{"damage":22.0,"enemies":"Centurion and Healer","floor":22.0,"turns":3.0},{"damage":40.0,"enemies":"Gremlin Leader","floor":23.0,"turns":4.0},{"damage":4.0,"enemies":"3 Cultists","floor":27.0,"turns":5.0},{"damage":6.0,"enemies":"Snake Plant","floor":31.0,"turns":5.0},{"damage":4.0,"enemies":"Champ","floor":33.0,"turns":9.0},{"damage":1.0,"enemies":"3 Shapes","floor":35.0,"turns":3.0},{"damage":8.0,"enemies":"Mind Bloom Boss Battle","floor":37.0,"turns":5.0},{"damage":3.0,"enemies":"3 Darklings","floor":41.0,"turns":4.0},{"damage":7.0,"enemies":"Nemesis","floor":42.0,"turns":5.0},{"damage":0.0,"enemies":"Sphere and 2 Shapes","floor":46.0,"turns":4.0},{"damage":0.0,"enemies":"Giant Head","floor":47.0,"turns":6.0},{"damage":0.0,"enemies":"Jaw Worm Horde","floor":48.0,"turns":4.0},{"damage":23.0,"enemies":"hubris:GrandSnecko","floor":50.0,"turns":8.0},{"damage":2.0,"enemies":"Shield and Spear","floor":54.0,"turns":6.0},{"damage":21,"enemies":"The Heart","floor":55,"turns":8}],"seed_played":"-4092241362481854373","potions_obtained":[{"floor":5.0,"key":"DuplicationPotion"},{"floor":6.0,"key":"DistilledChaos"},{"floor":10.0,"key":"CultistPotion"},{"floor":20.0,"key":"ColorlessPotion"},{"floor":22.0,"key":"LiquidMemories"},{"floor":23.0,"key":"SpeedPotion"},{"floor":33.0,"key":"Weak Potion"},{"floor":41.0,"key":"Weak Potion"},{"floor":46.0,"key":"Strength Potion"},{"floor":48.0,"key":"CultistPotion"},{"floor":54.0,"key":"LiquidBronze"}],"is_trial":false,"path_per_floor":["M","?","M","$","M","E","R","E","T","M","R","M","T","E","R","B",null,"M","$","M","?","M","E","?","R","T","M","$","T","R","M","R","B",null,"M","?","?","$","?","R","M","E","T","?","$","M","E","M","R","B",null,"R","$","E","B",null],"character_chosen":"IRONCLAD","items_purchased":["reliquary:FingerTrap","Singing Bowl"],"campfire_rested":0,"item_purchase_floors":[19,45],"current_hp_per_floor":[80,80,80,80,80,46,46,32,32,32,32,34,34,17,17,23,66,68,68,71,65,49,15,15,15,15,17,17,17,17,17,17,40,40,40,40,38,38,33,33,36,35,35,35,35,42,44,44,44,27,40,40,40,46,31],"gold":49,"neow_bonus":"NOSTALGIA","is_daily":false,"chose_seed":false,"campfire_upgraded":8,"win_rate":0.0,"timestamp":1614139960,"path_taken":["M","?","M","$","?","E","R","E","T","M","R","M","?","E","R","BOSS","M","$","M","?","M","E","?","R","T","?","$","?","R","M","R","BOSS","M","?","?","$","?","R","M","E","T","?","$","M","E","M","R","BOSS","R","$","E","BOSS"],"items_purchased_type":["Relic","Relic"],"build_version":"2020-12-22","purchased_purges":6,"victory":true,"max_hp_per_floor":[80,80,80,80,80,80,80,80,80,80,80,80,80,80,80,80,80,80,80,80,80,80,80,40,40,40,40,40,40,40,40,40,40,40,40,40,40,40,40,40,40,40,40,40,40,42,44,44,44,44,44,44,44,46,46],"card_choices":[{"not_picked":["Armaments","Thunderclap","Twin Strike"],"picked":"SKIP","floor":1.0},{"not_picked":["Thunderclap","Uppercut"],"picked":"Pommel Strike","floor":3.0},{"not_picked":["Headbutt","Dual Wield","Perfected Strike"],"picked":"SKIP","floor":5.0},{"not_picked":["Ghostly Armor","Body Slam","Wild Strike"],"picked":"SKIP","floor":6.0},{"not_picked":["Wild Strike","Clothesline","Clash"],"picked":"SKIP","floor":8.0},{"not_picked":["Sentinel","Sword Boomerang","Heavy Blade"],"picked":"SKIP","floor":10.0},{"not_picked":["Body Slam","Warcry"],"picked":"Shrug It Off","floor":12.0},{"not_picked":["Immolate","Twin Strike"],"picked":"Rampage","floor":14.0},{"not_picked":["hubris:StunningStrike","Brutality"],"picked":"Fiend Fire","floor":16.0},{"not_picked":["Whirlwind+1","Battle Trance","Sword Boomerang"],"picked":"SKIP","floor":18.0},{"not_picked":["Anger","Ghostly Armor","Armaments"],"picked":"SKIP","floor":20.0},{"not_picked":["Whirlwind","Cleave","hubris:ReadiedAction"],"picked":"SKIP","floor":22.0},{"not_picked":["Pommel Strike","Armaments","Sword Boomerang+1"],"picked":"SKIP","floor":23.0},{"not_picked":["Warcry+1","Dark Embrace","Anger"],"picked":"SKIP","floor":27.0},{"not_picked":["Ghostly Armor","Exhume","Iron Wave"],"picked":"SKIP","floor":31.0},{"not_picked":["Spot Weakness"],"picked":"SKIP","floor":35.0},{"not_picked":["Warcry"],"picked":"SKIP","floor":41.0},{"not_picked":["Warcry"],"picked":"SKIP","floor":42.0},{"not_picked":["Clothesline+1"],"picked":"Singing Bowl","floor":46.0},{"not_picked":["Perfected Strike+1"],"picked":"Singing Bowl","floor":47.0},{"not_picked":[],"picked":"Feed","floor":48.0},{"not_picked":["Thunderclap+1"],"picked":"Singing Bowl","floor":54.0}],"player_experience":391523,"relics_obtained":[{"floor":8.0,"key":"reliquary:SharkskinSheath"},{"floor":9.0,"key":"reliquary:Stiletto"},{"floor":14.0,"key":"hubris:Zylophone"},{"floor":23.0,"key":"Smiling Mask"},{"floor":26.0,"key":"Pantograph"},{"floor":29.0,"key":"hubris:SphereOfDissonance"},{"floor":42.0,"key":"hubris:PeanutButter"},{"floor":43.0,"key":"reliquary:Knoch"},{"floor":47.0,"key":"Omamori"},{"floor":54.0,"key":"Bottled Flame"}],"event_choices":[{"damage_healed":0.0,"max_hp_gain":0.0,"max_hp_loss":0.0,"gold_gain":0.0,"event_name":"Wheel of Change","player_choice":"Cursed","floor":2.0,"gold_loss":0.0,"damage_taken":0.0,"cards_obtained":["Decay"]},{"damage_healed":0.0,"max_hp_gain":0.0,"max_hp_loss":0.0,"gold_gain":0.0,"event_name":"betterThird:BetterNest","player_choice":"Dagger","floor":21.0,"gold_loss":0.0,"damage_taken":6.0,"cards_obtained":["RitualDagger"]},{"damage_healed":0.0,"max_hp_gain":0.0,"max_hp_loss":40.0,"gold_gain":0.0,"event_name":"Ghosts","player_choice":"Became a Ghost","floor":24.0,"gold_loss":0.0,"damage_taken":0.0,"cards_obtained":["Ghostly","Ghostly","Ghostly","Ghostly","Ghostly"]},{"damage_healed":0.0,"max_hp_gain":0.0,"max_hp_loss":0.0,"gold_gain":0.0,"event_name":"MindBloom","player_choice":"Fight","floor":37.0,"gold_loss":0.0,"damage_taken":0.0},{"damage_healed":0.0,"max_hp_gain":0.0,"max_hp_loss":0.0,"gold_gain":0.0,"event_name":"Winding Halls","player_choice":"Embrace Madness","floor":39.0,"gold_loss":0.0,"damage_taken":5.0,"cards_obtained":["Madness","Madness"]},{"damage_healed":0.0,"max_hp_gain":0.0,"max_hp_loss":0.0,"gold_gain":0.0,"event_name":"Tomb of Lord Red Mask","player_choice":"Ignored","floor":44.0,"gold_loss":0.0,"damage_taken":0.0}],"is_beta":false,"boss_relics":[{"not_picked":["Snecko Eye","SlaversCollar"],"picked":"hubris:ScarierMask"},{"not_picked":["reliquary:Ember","reliquary:ThirdArm"],"picked":"Busted Crown"}],"items_purged_floors":[4,19,28,38,45,53],"is_endless":false,"potions_floor_spawned":[5,6,10,20,22,23,33,41,46,48,54],"ascension_level":5}}