{"host":"emqr263yqun247y7","time":1614178289,"event":{"mods":["Aspiration","BaseMod","Bestiary","BetterRewards","Colored Map","Curses Come First","Downfall","Hubris","Infinite Spire","Jorbs\u0027s Wanderer Trilogy","Marisa????????","Minty Spire (QoL Compilation)","READ ME - Guardian Mod","Replay The Spire","Robot Space Explorer","Spire Arcade","StSLib","The Bug Knight","The Cursed","The Disciple","The Hierophant","The Runesmith","The Servant 0.9.4","Yuri Mod","slay the spire mod where everything is the same but ironclad has a cowboy hat"],"gold_per_floor":[99,115,127,144,244,275,275,75,94,94,111,126,137,150,167,167,167,167],"floor_reached":16,"language":"ENG","playtime":1636,"items_purged":[],"score":133,"play_id":"50b28959-fbd1-4536-89fc-ebde98f615b0","local_time":"20210224065129","is_ascension_mode":false,"campfire_choices":[{"floor":1,"key":"RECALL"},{"data":"Guardian:TwinSlam","floor":8,"key":"SMITH"},{"data":"Guardian:ShieldCharger","floor":10,"key":"SMITH"}],"circlet_count":0,"master_deck":["Guardian:Strike_Guardian","Guardian:Strike_Guardian","Guardian:Strike_Guardian","Guardian:Strike_Guardian","Guardian:Defend_Guardian","Guardian:Defend_Guardian","Guardian:Defend_Guardian","Guardian:Defend_Guardian","Guardian:CurlUp","Guardian:TwinSlam+1","Guardian:SentryBeam","Guardian:Gem_Cyan","Guardian:ShieldCharger+1","Guardian:PiercingHide","Guardian:ChargeCore","Guardian:MultiBeam","Guardian:Suspension","Guardian:GuardianWhirl"],"relics":["Guardian:ModeShifter","Replay:Kaleidoscope","downfall:HeartBlessingRed","downfall:HeartBlessingBlue"],"acts_visited":["Exordium"],"potions_floor_usage":[16,16],"damage_taken":[{"damage":0,"enemies":"Small Slimes","floor":2,"turns":4},{"damage":0,"enemies":"Cultist","floor":3,"turns":5},{"damage":3,"enemies":"Jaw Worm","floor":4,"turns":5},{"damage":25,"enemies":"3 Sentries","floor":6,"turns":12},{"damage":5,"enemies":"Gremlin Gang","floor":9,"turns":4},{"damage":7,"enemies":"3 Louse","floor":11,"turns":4},{"damage":4,"enemies":"Exordium Thugs","floor":12,"turns":3},{"damage":0,"enemies":"Blue Slaver","floor":13,"turns":3},{"damage":4,"enemies":"2 Fungi Beasts","floor":14,"turns":3},{"damage":11,"enemies":"Exordium Thugs","floor":15,"turns":5},{"damage":44,"enemies":"WA_ARCHETYPE_RETAIN","floor":16,"turns":12}],"seed_played":"-1779179303310325451","potions_obtained":[{"floor":3,"key":"Dexterity Potion"},{"floor":4,"key":"hexamod:SoulburnPotion"},{"floor":13,"key":"sneckomod:MuddlingPotion"},{"floor":14,"key":"Guardian:BlockOnCardUsePotion"}],"is_trial":false,"path_per_floor":["R_BF","M","M","M","?","E","T","R","M","R","M","M","M","M","M","B"],"character_chosen":"GUARDIAN","items_purchased":[],"campfire_rested":0,"item_purchase_floors":[],"current_hp_per_floor":[88,88,88,85,85,60,60,70,65,65,58,54,54,50,39,0,0,0],"gold":167,"neow_bonus":"TEN_PERCENT_HP_BONUS","is_daily":false,"chose_seed":false,"campfire_upgraded":2,"win_rate":0.0,"timestamp":1614178289,"path_taken":["R_BF","M","M","M","?","E","T","R","M","R","M","M","M","M","M","BOSS"],"items_purchased_type":[],"build_version":"2020-12-22","purchased_purges":0,"victory":false,"max_hp_per_floor":[88,88,88,88,88,88,88,98,98,98,98,98,98,98,98,98,98,98],"card_choices":[{"not_picked":["Guardian:RollAttack","Guardian:PolyBeam"],"picked":"Guardian:Gem_Lightblue","floor":2},{"not_picked":["Guardian:DecasProtection","Guardian:Gem_Lightblue"],"picked":"Guardian:Gem_Green","floor":3},{"not_picked":["Guardian:WalkerClaw","Guardian:DonusPower"],"picked":"Guardian:SentryBeam","floor":4},{"not_picked":["Guardian:BronzeOrb","Guardian:WalkerClaw"],"picked":"Guardian:Gem_Cyan","floor":6},{"not_picked":["Guardian:Suspension","Guardian:Reroute"],"picked":"Guardian:ShieldCharger","floor":9},{"not_picked":["Guardian:Gem_Fragmented","Guardian:Recover"],"picked":"Guardian:PiercingHide","floor":11},{"not_picked":["Guardian:ShieldSpikes","Guardian:Gem_Yellow"],"picked":"Guardian:ChargeCore","floor":12},{"not_picked":["Guardian:EvasiveProtocol","Guardian:Harden"],"picked":"Guardian:MultiBeam","floor":13},{"not_picked":["Guardian:Emergency","Guardian:RefractedBeam"],"picked":"Guardian:Suspension","floor":14},{"not_picked":["Guardian:Gem_Fragmented","Guardian:ShieldCharger"],"picked":"Guardian:GuardianWhirl","floor":15}],"player_experience":700836,"relics_obtained":[{"floor":6,"key":"Replay:Kaleidoscope"}],"event_choices":[],"is_beta":false,"boss_relics":[],"items_purged_floors":[],"is_endless":false,"potions_floor_spawned":[3,4,13,14],"killed_by":"WA_ARCHETYPE_RETAIN","ascension_level":0}}