{"host":"g907ck67u7c3hrs6","time":1614141253,"event":{"mods":["BaseMod","Colored Map","DeckTracker","Force Act Four","Highlight Path","Keyboard Shortcuts","Minty Spire (QoL Compilation)","Permanent Neow","Say the Spire","SuperFastMode"],"gold_per_floor":[118,136,155,169,180,207,239,267,267,293,218,4,33,59,59,135,135,154,171,171,171,199,227,259,287,287,312,344,369,397,425,425,499,499,512,327,220,245,245,277,310,337,364,389,420,446,772,790,790,790,790,790,790,488,514,514],"floor_reached":57,"language":"KOR","playtime":1856,"items_purged":["Warcry","Warcry","Warcry","Rampage+1"],"score":5131,"play_id":"07b2061c-a01a-4d0b-b415-f14c2d188f10","local_time":"20210224133413","daily_mods":["SealedDeck","Heirloom","Time Dilation","Flight","DeadlyEvents","Elite Swarm"],"is_ascension_mode":true,"campfire_choices":[{"data":"Corruption","floor":15,"key":"SMITH"},{"data":"Offering","floor":32,"key":"SMITH"},{"floor":49,"key":"RECALL"},{"data":"Burning Pact","floor":53,"key":"SMITH"}],"circlet_count":0,"master_deck":["AscendersBane","Shrug It Off+1","Body Slam+1","Second Wind","Burning Pact+1","Ghostly Armor+1","Second Wind","Sentinel","Entrench","Impervious","Corruption+1","Dark Embrace","Impervious","Impervious","Sentinel","Second Wind","Inflame","Offering+1","Barricade+1","Offering","Offering","Offering","Power Through","Feel No Pain","Master of Strategy","Power Through","Impervious","Impervious","Impervious","Impervious"],"relics":["Burning Blood","Dead Branch","Incense Burner","Dream Catcher","War Paint","Toy Ornithopter","Pen Nib","Membership Card","InkBottle","Eternal Feather","Coffee Dripper","Whetstone","Meat on the Bone","Strawberry","Tiny Chest","Bottled Lightning","Singing Bowl","Ginger","Nunchaku","Molten Egg 2","Regal Pillow","Sozu","Gambling Chip","Kunai","Blood Vial","Mango","Boot","Potion Belt","Pear","Old Coin","Bag of Preparation","Paper Frog","Du-Vu Doll"],"acts_visited":["Exordium","TheCity","TheBeyond","TheEnding"],"potions_floor_usage":[23],"damage_taken":[{"damage":5,"enemies":"Cultist","floor":1,"turns":5},{"damage":8,"enemies":"Small Slimes","floor":2,"turns":2},{"damage":3,"enemies":"2 Louse","floor":3,"turns":3},{"damage":3,"enemies":"Blue Slaver","floor":4,"turns":3},{"damage":12,"enemies":"Exordium Thugs","floor":5,"turns":5},{"damage":6,"enemies":"Gremlin Nob","floor":6,"turns":2},{"damage":0,"enemies":"Lagavulin","floor":7,"turns":5},{"damage":0,"enemies":"Gremlin Nob","floor":8,"turns":2},{"damage":1,"enemies":"Lagavulin","floor":10,"turns":3},{"damage":7,"enemies":"3 Sentries","floor":13,"turns":2},{"damage":0,"enemies":"Lagavulin","floor":14,"turns":3},{"damage":1,"enemies":"Hexaghost","floor":16,"turns":3},{"damage":4,"enemies":"3 Byrds","floor":18,"turns":2},{"damage":0,"enemies":"Spheric Guardian","floor":19,"turns":1},{"damage":0,"enemies":"Gremlin Leader","floor":22,"turns":2},{"damage":2,"enemies":"Slavers","floor":23,"turns":3},{"damage":8,"enemies":"Book of Stabbing","floor":24,"turns":3},{"damage":1,"enemies":"Gremlin Leader","floor":25,"turns":1},{"damage":6,"enemies":"Slavers","floor":27,"turns":2},{"damage":6,"enemies":"Gremlin Leader","floor":28,"turns":1},{"damage":6,"enemies":"Slavers","floor":29,"turns":1},{"damage":12,"enemies":"Gremlin Leader","floor":30,"turns":3},{"damage":6,"enemies":"Book of Stabbing","floor":31,"turns":1},{"damage":24,"enemies":"Automaton","floor":33,"turns":1},{"damage":12,"enemies":"3 Darklings","floor":35,"turns":1},{"damage":14,"enemies":"Mind Bloom Boss Battle","floor":38,"turns":1},{"damage":2,"enemies":"Reptomancer","floor":40,"turns":1},{"damage":6,"enemies":"Nemesis","floor":41,"turns":1},{"damage":12,"enemies":"Giant Head","floor":42,"turns":1},{"damage":12,"enemies":"Nemesis","floor":44,"turns":3},{"damage":2,"enemies":"Reptomancer","floor":45,"turns":1},{"damage":12,"enemies":"Giant Head","floor":46,"turns":1},{"damage":12,"enemies":"Nemesis","floor":47,"turns":1},{"damage":6,"enemies":"Orb Walker","floor":48,"turns":1},{"damage":9,"enemies":"Awakened One","floor":50,"turns":3},{"damage":18,"enemies":"Time Eater","floor":51,"turns":3},{"damage":18,"enemies":"Shield and Spear","floor":55,"turns":2},{"damage":3,"enemies":"The Heart","floor":56,"turns":4}],"seed_played":"-7969098922478533379","potions_obtained":[{"floor":4,"key":"FearPotion"},{"floor":6,"key":"DistilledChaos"},{"floor":7,"key":"PowerPotion"},{"floor":24,"key":"DistilledChaos"}],"is_trial":true,"path_per_floor":["M","M","M","M","M","E","E","E","T","E","$","$","E","E","R","B",null,"M","M","?","T","E","E","E","E","T","E","E","E","E","E","R","B",null,"M","$","$","?","?","E","E","E","T","E","E","E","E","M","R","B","B",null,"R","$","E","B",null],"character_chosen":"IRONCLAD","items_purchased":["Membership Card","Dark Embrace","Feel No Pain","Master of Strategy","Power Through","Bag of Preparation","Paper Frog"],"campfire_rested":0,"item_purchase_floors":[12,12,36,36,37,54,54],"current_hp_per_floor":[69,67,70,73,67,67,73,75,75,75,75,75,74,75,75,75,75,75,75,75,75,75,75,80,82,82,84,86,86,80,80,86,70,84,78,78,78,72,72,78,78,88,88,86,104,100,98,102,120,119,109,120,124,124,112,117],"gold":514,"neow_bonus":"","is_daily":false,"chose_seed":false,"campfire_upgraded":3,"win_rate":0.0,"timestamp":1614141253,"path_taken":["M","M","M","M","M","E","E","E","T","E","?","$","E","E","R","BOSS","M","?","?","?","?","E","E","E","T","E","E","E","E","E","R","BOSS","M","$","$","?","?","E","E","E","T","E","E","E","E","M","R","BOSS","BOSS","R","$","E","BOSS"],"items_purchased_type":["Relic","Card","Card","Card","Card","Relic","Relic"],"build_version":"2020-12-22","purchased_purges":4,"victory":true,"max_hp_per_floor":[75,75,75,75,75,75,75,75,75,75,75,75,75,75,75,75,75,75,75,75,75,75,75,82,82,82,84,86,86,86,86,86,88,88,88,88,88,90,90,92,92,106,106,108,120,120,122,124,124,124,124,124,124,124,124,124],"card_choices":[{"not_picked":["Armaments","Perfected Strike"],"picked":"Second Wind","floor":1},{"not_picked":["Inflame","Sword Boomerang"],"picked":"Sentinel","floor":2},{"not_picked":["Warcry","Twin Strike"],"picked":"Rampage","floor":3},{"not_picked":["Clothesline","Heavy Blade","Spot Weakness"],"picked":"SKIP","floor":4},{"not_picked":["Second Wind","Headbutt"],"picked":"Entrench","floor":5},{"not_picked":["Double Tap","Fiend Fire"],"picked":"Impervious","floor":6},{"not_picked":["Double Tap","Barricade"],"picked":"Corruption","floor":7},{"not_picked":["Corruption","Exhume","Feed"],"picked":"SKIP","floor":8},{"not_picked":["Fiend Fire","Juggernaut","Brutality"],"picked":"SKIP","floor":10},{"not_picked":["Fiend Fire","Brutality"],"picked":"Impervious","floor":13},{"not_picked":["Demon Form","Bludgeon"],"picked":"Impervious","floor":14},{"not_picked":["Sword Boomerang","Rage+1"],"picked":"Sentinel","floor":18},{"not_picked":["Heavy Blade","Flex","Clothesline"],"picked":"SKIP","floor":19},{"not_picked":["Limit Break","Brutality","Immolate"],"picked":"SKIP","floor":22},{"not_picked":["Brutality","Corruption"],"picked":"Offering","floor":23},{"not_picked":["Offering","Berserk"],"picked":"Barricade","floor":24},{"not_picked":["Feed","Fiend Fire","Immolate"],"picked":"SKIP","floor":25},{"not_picked":["Limit Break","Corruption","Double Tap"],"picked":"Singing Bowl","floor":27},{"not_picked":["Reaper","Berserk","Exhume"],"picked":"Singing Bowl","floor":28},{"not_picked":["Brutality","Barricade"],"picked":"Offering","floor":29},{"not_picked":["Limit Break","Exhume"],"picked":"Offering","floor":30},{"not_picked":["Demon Form","Limit Break"],"picked":"Offering","floor":31},{"not_picked":["Berserk","Immolate+1","Exhume"],"picked":"Singing Bowl","floor":33},{"not_picked":["Hemokinesis+1","Flex"],"picked":"Power Through","floor":35},{"not_picked":["Combust+1","Hemokinesis+1","Clash+1"],"picked":"Singing Bowl","floor":38},{"not_picked":["Barricade","Immolate+1","Demon Form"],"picked":"Singing Bowl","floor":40},{"not_picked":["Reaper+1","Feed+1"],"picked":"Impervious","floor":41},{"not_picked":["Juggernaut","Fiend Fire+1"],"picked":"Impervious","floor":42},{"not_picked":["Feed+1","Brutality","Corruption"],"picked":"Singing Bowl","floor":44},{"not_picked":["Juggernaut","Berserk","Bludgeon+1"],"picked":"Singing Bowl","floor":45},{"not_picked":["Bludgeon+1","Immolate+1"],"picked":"Impervious","floor":46},{"not_picked":["Double Tap","Bludgeon+1","Brutality"],"picked":"Singing Bowl","floor":47},{"not_picked":["Iron Wave+1","Clash+1","Heavy Blade+1"],"picked":"Singing Bowl","floor":48},{"not_picked":["Limit Break","Feed+1"],"picked":"Impervious","floor":55}],"player_experience":357952,"relics_obtained":[{"floor":6,"key":"Incense Burner"},{"floor":7,"key":"Dream Catcher"},{"floor":8,"key":"War Paint"},{"floor":9,"key":"Toy Ornithopter"},{"floor":10,"key":"Pen Nib"},{"floor":13,"key":"InkBottle"},{"floor":14,"key":"Eternal Feather"},{"floor":22,"key":"Whetstone"},{"floor":23,"key":"Meat on the Bone"},{"floor":24,"key":"Strawberry"},{"floor":25,"key":"Tiny Chest"},{"floor":26,"key":"Bottled Lightning"},{"floor":27,"key":"Singing Bowl"},{"floor":28,"key":"Ginger"},{"floor":29,"key":"Nunchaku"},{"floor":30,"key":"Molten Egg 2"},{"floor":31,"key":"Regal Pillow"},{"floor":38,"key":"Gambling Chip"},{"floor":40,"key":"Kunai"},{"floor":41,"key":"Blood Vial"},{"floor":42,"key":"Mango"},{"floor":43,"key":"Boot"},{"floor":44,"key":"Potion Belt"},{"floor":45,"key":"Pear"},{"floor":47,"key":"Old Coin"},{"floor":55,"key":"Du-Vu Doll"}],"event_choices":[{"damage_healed":0,"gold_gain":0,"cards_transformed":["Warcry","Warcry"],"player_choice":"Became Test Subject","damage_taken":0,"max_hp_gain":0,"max_hp_loss":0,"event_name":"Drug Dealer","floor":20,"gold_loss":0,"cards_obtained":["Second Wind","Inflame"]},{"damage_healed":0,"gold_gain":0,"player_choice":"Fight","damage_taken":0,"max_hp_gain":0,"max_hp_loss":0,"event_name":"MindBloom","floor":38,"gold_loss":0},{"damage_healed":0,"gold_gain":0,"player_choice":"Forge","damage_taken":0,"max_hp_gain":0,"max_hp_loss":0,"event_name":"Accursed Blacksmith","floor":39,"gold_loss":0,"cards_upgraded":["Barricade"]}],"is_beta":false,"boss_relics":[{"not_picked":["Black Blood","SlaversCollar"],"picked":"Coffee Dripper"},{"not_picked":["Snecko Eye","Velvet Choker"],"picked":"Sozu"}],"items_purged_floors":[11,36,37,54],"is_endless":false,"potions_floor_spawned":[4,6,7,13,16,18,19,22,24,33,35,40,42,46,47,55],"ascension_level":20}}