{"host":"xsuxkwaivmtd234a","time":1614203741,"event":{"mods":["BaseMod","Bestiary","Colored Map","Minty Spire (QoL Compilation)","Relic Stats","StSLib"],"gold_per_floor":[13,23,23,38,113,113,142,142,142,142,142,157,157,188,188,308,308,334,346,358,370,382,429,460,507,519,531,543,584,615,627,639,651,651],"floor_reached":33,"language":"ENG","playtime":1312,"items_purged":[],"score":514,"play_id":"3665836f-f28e-49af-bb4e-515654d290b5","local_time":"20210224165541","is_ascension_mode":true,"campfire_choices":[{"data":"Flex","floor":6.0,"key":"SMITH"},{"data":"Fiend Fire","floor":8.0,"key":"SMITH"},{"data":"Heavy Blade","floor":13.0,"key":"SMITH"},{"floor":15.0,"key":"REST"},{"floor":27,"key":"REST"},{"floor":32,"key":"REST"}],"circlet_count":0,"master_deck":["AscendersBane","Strike_R","Strike_R","Strike_R","Defend_R","Defend_R","Defend_R","Defend_R","Bash","Warcry","Heavy Blade+1","Iron Wave","Hemokinesis+1","Flex+1","Fiend Fire+1","Injury","Spot Weakness","Blood for Blood","Armaments+1","Immolate","CurseOfTheBell","Shame","Shrug It Off+1","Battle Trance","Intimidate+1"],"relics":["Burning Blood","Singing Bowl","Anchor","Bloody Idol","Dream Catcher","Calling Bell","MawBank","Darkstone Periapt","Mango","InkBottle","NlothsMask","Toy Ornithopter","Juzu Bracelet","Blue Candle"],"acts_visited":["Exordium","TheCity"],"potions_floor_usage":[25,29],"damage_taken":[{"damage":0.0,"enemies":"2 Louse","floor":1.0,"turns":2.0},{"damage":8.0,"enemies":"Small Slimes","floor":2.0,"turns":6.0},{"damage":9.0,"enemies":"Jaw Worm","floor":4.0,"turns":2.0},{"damage":34.0,"enemies":"3 Sentries","floor":7.0,"turns":6.0},{"damage":2.0,"enemies":"3 Louse","floor":12.0,"turns":3.0},{"damage":46.0,"enemies":"Lagavulin","floor":14.0,"turns":4.0},{"damage":37.0,"enemies":"The Guardian","floor":16.0,"turns":9.0},{"damage":19.0,"enemies":"2 Thieves","floor":18.0,"turns":4.0},{"damage":38.0,"enemies":"Slavers","floor":23.0,"turns":5.0},{"damage":36.0,"enemies":"3 Byrds","floor":24.0,"turns":6.0},{"damage":71,"enemies":"Gremlin Leader","floor":25,"turns":9},{"damage":62,"enemies":"Slavers","floor":29,"turns":5},{"damage":25,"enemies":"Sentry and Sphere","floor":30,"turns":5},{"damage":89,"enemies":"Collector","floor":33,"turns":6}],"seed_played":"-2921973646011162505","potions_obtained":[{"floor":2.0,"key":"Dexterity Potion"},{"floor":12.0,"key":"Swift Potion"},{"floor":16.0,"key":"BloodPotion"},{"floor":24.0,"key":"FearPotion"},{"floor":30,"key":"Fire Potion"}],"is_trial":false,"path_per_floor":["M","M","?","M","?","R","E","R","T","?","?","M","R","E","R","B",null,"M","?","?","$","?","E","M","E","T","R","?","E","M","?","R","B"],"character_chosen":"IRONCLAD","items_purchased":[],"campfire_rested":3,"item_purchase_floors":[],"current_hp_per_floor":[78,76,76,73,62,62,34,34,34,60,60,64,64,24,48,17,78,67,67,78,83,88,68,73,25,30,68,73,32,25,30,68,0,0],"gold":651,"neow_bonus":"TRANSFORM_TWO_CARDS","is_daily":false,"chose_seed":false,"campfire_upgraded":3,"win_rate":0.0,"timestamp":1614203741,"path_taken":["M","M","?","M","?","R","E","R","T","?","?","M","R","E","R","BOSS","M","?","?","?","?","E","?","E","T","R","?","E","M","?","R","BOSS"],"items_purchased_type":[],"build_version":"2020-12-22","purchased_purges":0,"victory":false,"max_hp_per_floor":[80,80,80,80,80,80,80,80,80,80,80,80,80,80,80,80,94,96,96,102,102,102,104,104,106,106,108,108,108,110,110,110,110,110],"relic_stats":{"Darkstone Periapt":6,"Dream Catcher":3,"Singing Bowl":10,"counters":[14,72],"Bloody Idol":95,"Blue Candle":[2],"Juzu Bracelet":0,"MawBank":192,"obtain_stats":[{"Darkstone Periapt":17,"Singing Bowl":7,"Golden Idol":11,"Blue Candle":29,"Mango":17,"Juzu Bracelet":25,"MawBank":17,"Burning Blood":0,"Calling Bell":17,"Anchor":9,"Dream Catcher":14,"Bloody Idol":19,"InkBottle":20,"Toy Ornithopter":23,"NlothsMask":22},{"Darkstone Periapt":7,"Singing Bowl":4,"Golden Idol":4,"Blue Candle":12,"Mango":7,"Juzu Bracelet":11,"MawBank":7,"Burning Blood":0,"Calling Bell":7,"Anchor":4,"Dream Catcher":6,"Bloody Idol":8,"InkBottle":8,"Toy Ornithopter":9,"NlothsMask":8},{"Darkstone Periapt":32,"Singing Bowl":16,"Golden Idol":16,"Blue Candle":61,"Mango":32,"Juzu Bracelet":56,"MawBank":32,"Burning Blood":0,"Calling Bell":32,"Anchor":16,"Dream Catcher":23,"Bloody Idol":36,"InkBottle":36,"Toy Ornithopter":41,"NlothsMask":36}],"Burning Blood":78,"InkBottle":[9],"Toy Ornithopter":15},"card_choices":[{"not_picked":["Infernal Blade","Warcry"],"picked":"Iron Wave","floor":1.0},{"not_picked":["Clothesline","Body Slam"],"picked":"Hemokinesis","floor":2.0},{"not_picked":["Flex","Sword Boomerang","Seeing Red"],"picked":"SKIP","floor":4.0},{"not_picked":["Sword Boomerang","Seeing Red"],"picked":"Flex","floor":4.0},{"not_picked":["Heavy Blade","Combust"],"picked":"Fiend Fire","floor":7.0},{"not_picked":["Clothesline","Cleave"],"picked":"Spot Weakness","floor":12.0},{"not_picked":["Body Slam","Carnage"],"picked":"Blood for Blood","floor":14.0},{"not_picked":["Wild Strike","Flex"],"picked":"Armaments","floor":15.0},{"not_picked":["Fiend Fire","Juggernaut"],"picked":"Immolate","floor":16.0},{"not_picked":["Wild Strike","Body Slam+1","Rage+1"],"picked":"Singing Bowl","floor":18.0},{"not_picked":["Entrench","Fiend Fire","Metallicize"],"picked":"Singing Bowl","floor":23.0},{"not_picked":["True Grit","Perfected Strike"],"picked":"Shrug It Off+1","floor":24.0},{"not_picked":["Fiend Fire","Infernal Blade+1","Pommel Strike"],"picked":"Singing Bowl","floor":25},{"not_picked":["Cleave+1","Twin Strike","Thunderclap"],"picked":"Singing Bowl","floor":27},{"not_picked":["Heavy Blade","Havoc"],"picked":"Battle Trance","floor":29},{"not_picked":["Rampage","Havoc","Dark Embrace"],"picked":"Singing Bowl","floor":30},{"not_picked":["Clothesline+1","Heavy Blade"],"picked":"Intimidate+1","floor":32}],"player_experience":1370035,"relics_obtained":[{"floor":7.0,"key":"Singing Bowl"},{"floor":9.0,"key":"Anchor"},{"floor":14.0,"key":"Dream Catcher"},{"floor":17.0,"key":"MawBank"},{"floor":17.0,"key":"Darkstone Periapt"},{"floor":17.0,"key":"Mango"},{"floor":23.0,"key":"Toy Ornithopter"},{"floor":25,"key":"Juzu Bracelet"},{"floor":29,"key":"Blue Candle"}],"event_choices":[{"damage_healed":0.0,"max_hp_gain":0.0,"max_hp_loss":0.0,"gold_gain":0.0,"event_name":"Living Wall","player_choice":"Grow","floor":3.0,"gold_loss":0.0,"damage_taken":0.0,"cards_upgraded":["Hemokinesis"]},{"damage_healed":0.0,"max_hp_gain":0.0,"max_hp_loss":0.0,"gold_gain":75.0,"event_name":"World of Goop","player_choice":"Gather Gold","floor":5.0,"gold_loss":0.0,"damage_taken":11.0},{"damage_healed":26.0,"max_hp_gain":0.0,"max_hp_loss":0.0,"gold_gain":0.0,"event_name":"Big Fish","player_choice":"Banana","floor":10.0,"gold_loss":0.0,"damage_taken":0.0},{"damage_healed":0.0,"max_hp_gain":0.0,"max_hp_loss":0.0,"gold_gain":0.0,"event_name":"Golden Idol","player_choice":"Take Wound","floor":11.0,"gold_loss":0.0,"damage_taken":0.0,"relics_obtained":["Golden Idol"],"cards_obtained":["Injury"]},{"damage_healed":0.0,"max_hp_gain":0.0,"max_hp_loss":0.0,"gold_gain":0.0,"event_name":"Forgotten Altar","player_choice":"Gave Idol","floor":19.0,"relics_lost":["Golden Idol"],"gold_loss":0.0,"damage_taken":0.0,"relics_obtained":["Bloody Idol"]},{"damage_healed":0.0,"max_hp_gain":0.0,"max_hp_loss":0.0,"gold_gain":0.0,"event_name":"Addict","player_choice":"Stole Relic","floor":20.0,"gold_loss":0.0,"damage_taken":0.0,"relics_obtained":["InkBottle"],"cards_obtained":["Shame"]},{"damage_healed":0.0,"max_hp_gain":0.0,"max_hp_loss":0.0,"gold_gain":0.0,"event_name":"FaceTrader","player_choice":"Trade","floor":22.0,"gold_loss":0.0,"damage_taken":0.0,"relics_obtained":["NlothsMask"]},{"damage_healed":0,"gold_gain":0,"player_choice":"Ignored","damage_taken":0,"max_hp_gain":0,"max_hp_loss":0,"event_name":"Vampires","floor":28,"gold_loss":0},{"damage_healed":0,"gold_gain":0,"player_choice":"Forge","damage_taken":0,"max_hp_gain":0,"max_hp_loss":0,"event_name":"Accursed Blacksmith","floor":31,"gold_loss":0,"cards_upgraded":["Armaments"]}],"is_beta":false,"boss_relics":[{"not_picked":["Sozu","Astrolabe"],"picked":"Calling Bell"}],"items_purged_floors":[],"is_endless":false,"potions_floor_spawned":[2,12,16,24,30],"killed_by":"Collector","ascension_level":10}}