{"host":"sav7uxregyirlf69","time":1614157696,"event":{"mods":["AchievementEnabler","BaseMod","Colored Map","DeckTracker","Keyboard Shortcuts","Minty Spire (QoL Compilation)","READ ME - Guardian Mod","StSLib","SuperFastMode"],"gold_per_floor":[114,114,114,133,182,182,225,225,225,225,249,249,263,125,125,125,125],"floor_reached":16,"language":"KOR","playtime":189,"items_purged":[],"score":196,"play_id":"106c927a-f928-467d-a9c5-310282651afa","local_time":"20210224180816","is_ascension_mode":true,"campfire_choices":[{"data":"Perfected Strike","floor":6,"key":"SMITH"},{"floor":8,"key":"REST"},{"data":"Bash","floor":10,"key":"SMITH"},{"data":"Perfected Strike","floor":15,"key":"SMITH"}],"circlet_count":0,"master_deck":["AscendersBane","Strike_R","Strike_R","Strike_R","Strike_R","Strike_R","Defend_R","Defend_R","Defend_R","Bash+1","Perfected Strike+1","Pommel Strike","Wild Strike","Wild Strike","Shockwave","Perfected Strike+1","Shrug It Off","Warcry"],"relics":["Burning Blood","Unceasing Top","Golden Idol","Toy Ornithopter","Bag of Preparation","Matryoshka"],"acts_visited":["Exordium"],"potions_floor_usage":[7],"damage_taken":[{"damage":4,"enemies":"2 Louse","floor":1,"turns":4},{"damage":9,"enemies":"Jaw Worm","floor":4,"turns":4},{"damage":29,"enemies":"3 Sentries","floor":7,"turns":8},{"damage":0,"enemies":"Cultist","floor":11,"turns":2},{"damage":12,"enemies":"3 Louse","floor":13,"turns":4},{"damage":43,"enemies":"Slime Boss","floor":16,"turns":7}],"seed_played":"7539859661841059492","potions_obtained":[{"floor":1,"key":"BlessingOfTheForge"},{"floor":4,"key":"SmokeBomb"}],"is_trial":false,"path_per_floor":["M","?","?","M","T","R","E","R","T","R","M","?","M","$","R","B"],"character_chosen":"IRONCLAD","items_purchased":["Perfected Strike","Shrug It Off","Warcry"],"campfire_rested":1,"item_purchase_floors":[14,14,14],"current_hp_per_floor":[68,61,38,35,35,35,17,37,37,37,43,43,37,37,37,0,0],"gold":125,"neow_bonus":"ONE_RARE_RELIC","is_daily":false,"chose_seed":false,"campfire_upgraded":3,"win_rate":0.0,"timestamp":1614157696,"path_taken":["M","?","?","M","?","R","E","R","T","R","M","?","?","$","R","BOSS"],"items_purchased_type":["Card","Card","Card"],"build_version":"2020-12-22","purchased_purges":0,"victory":false,"max_hp_per_floor":[68,68,68,68,68,68,68,68,68,68,68,68,68,68,68,68,68],"card_choices":[{"not_picked":["Rampage","Twin Strike"],"picked":"Perfected Strike","floor":1},{"not_picked":["Clash","Power Through"],"picked":"Pommel Strike","floor":4},{"not_picked":["Body Slam","Feel No Pain"],"picked":"Wild Strike","floor":7},{"not_picked":["Warcry","Thunderclap"],"picked":"Wild Strike","floor":11},{"not_picked":["Sever Soul","Metallicize"],"picked":"Shockwave","floor":13}],"player_experience":1688541,"relics_obtained":[{"floor":5,"key":"Toy Ornithopter"},{"floor":7,"key":"Bag of Preparation"},{"floor":9,"key":"Matryoshka"}],"event_choices":[{"cards_removed":["Defend_R"],"damage_healed":0,"gold_gain":0,"player_choice":"Card Removal","damage_taken":7,"max_hp_gain":0,"max_hp_loss":0,"event_name":"Golden Wing","floor":2,"gold_loss":0},{"damage_healed":0,"gold_gain":0,"player_choice":"Take Damage","damage_taken":23,"relics_obtained":["Golden Idol"],"max_hp_gain":0,"max_hp_loss":0,"event_name":"Golden Idol","floor":3,"gold_loss":0},{"damage_healed":0,"gold_gain":0,"player_choice":"Ignored","damage_taken":0,"max_hp_gain":0,"max_hp_loss":0,"event_name":"Liars Game","floor":12,"gold_loss":0}],"is_beta":false,"boss_relics":[],"items_purged_floors":[],"is_endless":false,"potions_floor_spawned":[1,4],"killed_by":"Slime Boss","ascension_level":20}}