{"host":"emqr263yqun247y7","time":1614205866,"event":{"mods":["Aspiration","BaseMod","Bestiary","BetterRewards","Colored Map","Curses Come First","Downfall","Hubris","Infinite Spire","Jorbs\u0027s Wanderer Trilogy","Marisa????????","Minty Spire (QoL Compilation)","READ ME - Guardian Mod","Replay The Spire","Robot Space Explorer","Spire Arcade","StSLib","The Bug Knight","The Cursed","The Disciple","The Hierophant","The Runesmith","The Servant 0.9.4","Yuri Mod","slay the spire mod where everything is the same but ironclad has a cowboy hat"],"gold_per_floor":[114,126,140,154,173,173,202,202,202,166,185,185,220,233,233,334,334,351,361,381,259,270,270,290,290,290],"floor_reached":25,"language":"ENG","playtime":1841,"items_purged":[],"score":369,"play_id":"d73d2559-9978-46f1-a3a1-90910e8fa4f8","local_time":"20210224143106","is_ascension_mode":false,"campfire_choices":[{"data":"Searing Blow","floor":6,"key":"SMITH"},{"data":"Searing Blow+2","floor":12,"key":"SMITH"},{"data":"Searing Blow+3","floor":15,"key":"SMITH"},{"floor":23,"key":"REST"}],"circlet_count":0,"master_deck":["Strike_R","Strike_R","Strike_R","Strike_R","Strike_R","Defend_R","Defend_R","Defend_R","Defend_R","Bash","Clothesline","Searing Blow+4","Wild Strike","Heavy Blade","Run Through","Battle Trance","ReplayTheSpireMod:Strike From Hell","Perfected Strike+1","Armaments","ReplayTheSpireMod:Limb From Limb","Metallicize","Demon Form","Flex","infinitespire:OneForAll","Shrug It Off+1","Inflame","Perfected Strike","Combust+1","Perfected Strike"],"relics":["Burning Blood","ClockworkSouvenir","Nunchaku","Replay:Bottled Steam","aspiration:HiddenCompartment","Cursed Key"],"acts_visited":["Exordium","TheCity"],"potions_floor_usage":[7,16,24,25,25,25],"damage_taken":[{"damage":2,"enemies":"Small Slimes","floor":1,"turns":4},{"damage":15,"enemies":"infinitespire:Voidling","floor":2,"turns":4},{"damage":4,"enemies":"Cultist","floor":3,"turns":3},{"damage":22,"enemies":"Exordium Thugs","floor":4,"turns":8},{"damage":0,"enemies":"Large Slime","floor":5,"turns":5},{"damage":14,"enemies":"Gremlin Nob","floor":7,"turns":4},{"damage":5,"enemies":"3 Louse","floor":11,"turns":3},{"damage":12,"enemies":"3 Sentries","floor":13,"turns":7},{"damage":0,"enemies":"Blue Slaver","floor":14,"turns":3},{"damage":0,"enemies":"Slime Boss","floor":16,"turns":7},{"damage":19,"enemies":"Shell Parasite","floor":18,"turns":4},{"damage":3,"enemies":"Chosen","floor":19,"turns":3},{"damage":28,"enemies":"Sentry and Sphere","floor":20,"turns":5},{"damage":25,"enemies":"3 Cultists","floor":22,"turns":4},{"damage":19,"enemies":"Snake Plant","floor":24,"turns":6},{"damage":45,"enemies":"Nightmare","floor":25,"turns":8}],"seed_played":"-201375917877224011","potions_obtained":[{"floor":1,"key":"Dexterity Potion"},{"floor":3,"key":"ElixirPotion"},{"floor":5,"key":"DistilledChaos"},{"floor":13,"key":"DuplicationPotion"},{"floor":16,"key":"hexamod:SoulburnPotion"},{"floor":20,"key":"Weak Potion"},{"floor":24,"key":"Energy Potion"}],"is_trial":false,"path_per_floor":["M","M","M","M","M","R","E","?","T","$","M","R","E","M","R","B",null,"M","M","M","$","M","R","M","NM"],"character_chosen":"IRONCLAD","items_purchased":["ClockworkSouvenir","Clothesline","Perfected Strike+1","Inflame","Perfected Strike"],"campfire_rested":1,"item_purchase_floors":[0,0,10,21,21],"current_hp_per_floor":[80,78,80,64,70,70,62,62,62,62,63,63,57,63,63,69,80,67,70,48,48,29,53,40,0,0],"gold":290,"neow_bonus":"","is_daily":false,"chose_seed":false,"campfire_upgraded":3,"win_rate":0.0,"timestamp":1614205866,"path_taken":["M","M","M","M","M","R","E","?","T","$","M","R","E","M","R","BOSS","M","M","M","$","M","R","?","NM"],"items_purchased_type":["Relic","Card","Card","Card","Card"],"build_version":"2020-12-22","purchased_purges":0,"victory":false,"max_hp_per_floor":[80,80,80,80,80,80,80,80,80,80,80,80,80,80,80,80,80,80,80,80,80,80,80,80,80,80],"card_choices":[{"not_picked":["Anger","Flex"],"picked":"Searing Blow","floor":1},{"not_picked":["Intimidate","Havoc"],"picked":"Wild Strike","floor":2},{"not_picked":["Warcry","Armaments"],"picked":"Heavy Blade","floor":3},{"not_picked":["ReplayTheSpireMod:Strike From Hell","Infernal Blade"],"picked":"Run Through","floor":4},{"not_picked":["Pummel","Headbutt"],"picked":"Battle Trance","floor":5},{"not_picked":["Battle Trance","Limit Break"],"picked":"ReplayTheSpireMod:Strike From Hell","floor":7},{"not_picked":["Infernal Blade","Havoc"],"picked":"Armaments","floor":11},{"not_picked":["Corruption","Cleave"],"picked":"ReplayTheSpireMod:Limb From Limb","floor":13},{"not_picked":["True Grit","Ghostly Armor"],"picked":"Metallicize","floor":14},{"not_picked":["Bludgeon","Fiend Fire"],"picked":"Demon Form","floor":16},{"not_picked":["ReplayTheSpireMod:Strike From Hell","Havoc"],"picked":"Flex","floor":18},{"not_picked":["True Grit+1","Perfected Strike+1"],"picked":"infinitespire:OneForAll","floor":19},{"not_picked":["Intimidate","Warcry"],"picked":"Shrug It Off+1","floor":20},{"not_picked":["Dual Wield+1","Shockwave"],"picked":"Combust+1","floor":22},{"not_picked":["True Grit+1","Feel No Pain"],"picked":"Perfected Strike","floor":24}],"player_experience":724948,"relics_obtained":[{"floor":7,"key":"Nunchaku"},{"floor":9,"key":"Replay:Bottled Steam"},{"floor":13,"key":"aspiration:HiddenCompartment"}],"event_choices":[{"damage_healed":0,"gold_gain":0,"player_choice":"Upgraded","damage_taken":0,"max_hp_gain":0,"max_hp_loss":0,"event_name":"Upgrade Shrine","floor":8,"gold_loss":0,"cards_upgraded":["Searing Blow"]}],"is_beta":false,"boss_relics":[{"not_picked":["hubris:GrandSneckoEye","hubris:BlackHole"],"picked":"Cursed Key"}],"items_purged_floors":[],"is_endless":false,"potions_floor_spawned":[1,3,5,13,14,16,20,24],"killed_by":"Nightmare","ascension_level":0}}