{"host":"qheym18ww6mhskxf","time":1614128236,"event":{"mods":["100% Spire Juice","BaseMod","CapriCore","Friendly Minions","GungeonMod","KOR Keyword Fix","Kiyohime£¨?ýï£©","Minty Spire (QoL Compilation)","Prisma Mod","Quick Restart","RRrroohrrRGHHhhh!!","Rare Cards Sparkle","Shop Mod","Spicy Shops","StSLib","Td1madao Mod","The Dragon Tamer","The Immortal","Username Fix"],"gold_per_floor":[116,191,191,204,217,217,235,568,568,568,568,10,28,71,71,167,167,181,181,106,246,246,371,251,251,251],"floor_reached":25,"language":"KOR","playtime":1623,"items_purged":["Defend_C","Defend_C","Doubt","Defend_C"],"score":959,"play_id":"d3410a26-93c3-4abe-96ce-9aa5ecf6227a","local_time":"20210224095716","daily_mods":["Heirloom","Time Dilation","DeadlyEvents","Elite Swarm"],"is_ascension_mode":true,"campfire_choices":[{"data":"Floating Swing Kick","floor":6.0,"key":"SMITH"},{"data":"Fixing","floor":10.0,"key":"SMITH"},{"floor":15.0,"key":"REST"}],"circlet_count":0,"master_deck":["AscendersBane","Strike_C","Strike_C","Strike_C","Strike_C","Knight Kick","Chip","Fixing+1","Fixing","Floating Swing Kick+1","Black Hand","Provocative+1","PrismaMod:ChloeCarnivalDefend"],"relics":["Apod","DemoMod:GundromedaStrain","Gremlin Horn","Golden Idol","MerchantsRug","ClockworkSouvenir","Blood Vial","rorgmod:Black Star","Potion Belt","DemoMod:GlassGuonStoneRelic","DemoMod:SevenLeafClover","Torii","Calipers","Singing Bowl","StoneCalendar","Thread and Needle","Shuriken"],"acts_visited":["Exordium","TheCity"],"potions_floor_usage":[],"damage_taken":[{"damage":3.0,"enemies":"2 Louse","floor":1.0,"turns":3.0},{"damage":0.0,"enemies":"Jaw Worm","floor":4.0,"turns":4.0},{"damage":0.0,"enemies":"Cultist","floor":5.0,"turns":3.0},{"damage":0.0,"enemies":"2 Fungi Beasts","floor":7.0,"turns":3.0},{"damage":7.0,"enemies":"3 Sentries","floor":8.0,"turns":5.0},{"damage":2.0,"enemies":"Looter","floor":13.0,"turns":2.0},{"damage":12.0,"enemies":"Gremlin Nob","floor":14.0,"turns":4.0},{"damage":0.0,"enemies":"The Guardian","floor":16.0,"turns":12.0},{"damage":3.0,"enemies":"Chosen","floor":18.0,"turns":4.0},{"damage":45.0,"enemies":"Book of Stabbing","floor":21.0,"turns":5.0},{"damage":0.0,"enemies":"Slavers","floor":23.0,"turns":1.0},{"damage":0,"enemies":"Gremlin Leader","floor":25,"turns":4}],"seed_played":"-3394620344152710410","potions_obtained":[{"floor":5.0,"key":"Explosive Potion"},{"floor":8.0,"key":"SkillPotion"},{"floor":14.0,"key":"ColorlessPotion"},{"floor":18.0,"key":"SkillPotion"}],"is_trial":true,"path_per_floor":["M","?","?","M","M","R","M","E","T","R","?","$","M","E","R","B",null,"M","?","?","E","T","E","$","E"],"character_chosen":"TD1MADAO_CLASS","items_purchased":["MerchantsRug","ClockworkSouvenir","Black Hand","Shuriken"],"campfire_rested":1,"item_purchase_floors":[12,12,12,24],"current_hp_per_floor":[57,46,46,46,46,46,46,39,39,39,39,39,37,25,43,45,57,56,56,56,13,13,31,31,33,33],"gold":251,"neow_bonus":"","is_daily":false,"chose_seed":false,"campfire_upgraded":2,"win_rate":0.0,"timestamp":1614128236,"path_taken":["M","?","?","?","M","R","M","E","T","R","?","$","M","?","R","BOSS","M","?","?","?","?","E","$","E"],"items_purchased_type":["Relic","Relic","Card","Relic"],"build_version":"2020-12-22","purchased_purges":4,"victory":false,"max_hp_per_floor":[67,67,67,67,67,67,67,67,67,67,61,61,61,61,61,61,61,61,61,61,61,61,77,77,77,77],"card_choices":[{"not_picked":["Twin Teeth","Here Defend Chip"],"picked":"Fixing","floor":1.0},{"not_picked":["E MP","Fire Up"],"picked":"Fixing","floor":4.0},{"not_picked":["Machining","Fire Blade"],"picked":"Floating Swing Kick","floor":5.0},{"not_picked":["Judgment","Bugfix","Preparedness"],"picked":"SKIP","floor":7.0},{"not_picked":["Format All Data","Bursts","Black Warm Hole"],"picked":"SKIP","floor":8.0},{"not_picked":["Resistance","Fixing","Provocative"],"picked":"SKIP","floor":13.0},{"not_picked":["Format All Data","Bursts","Shockwave Tdmadao"],"picked":"SKIP","floor":14.0},{"not_picked":["Lunge","Preloading"],"picked":"Provocative+1","floor":18.0},{"not_picked":["Shockwave Tdmadao","Memory Alloy","Chip Synthesis"],"picked":"SKIP","floor":21.0},{"not_picked":["PrismaMod:ChloeGreatTracePools","PrismaMod:ChloeDevil"],"picked":"PrismaMod:ChloeCarnivalDefend","floor":22.0},{"not_picked":["PrismaMod:ChloeCarnivalAOEAttack","PrismaMod:ChloeDevil","Pod Laser"],"picked":"Singing Bowl","floor":23}],"player_experience":514855,"relics_obtained":[{"floor":8.0,"key":"Old Coin"},{"floor":9.0,"key":"Gremlin Horn"},{"floor":14.0,"key":"Blood Vial"},{"floor":21.0,"key":"Lizard Tail"},{"floor":21.0,"key":"DemoMod:PartiallyEatenCheese"},{"floor":21.0,"key":"DemoMod:SevenLeafClover"},{"floor":21.0,"key":"Torii"},{"floor":22.0,"key":"Calipers"},{"floor":22.0,"key":"Singing Bowl"},{"floor":23,"key":"StoneCalendar"},{"floor":23,"key":"Mango"},{"floor":23,"key":"Thread and Needle"},{"floor":23,"key":"DemoMod:ResourcefulSack"}],"event_choices":[{"damage_healed":0.0,"max_hp_gain":0.0,"max_hp_loss":0.0,"gold_gain":75.0,"event_name":"World of Goop","player_choice":"Gather Gold","floor":2.0,"gold_loss":0.0,"damage_taken":11.0},{"cards_removed":["Defend_C"],"damage_healed":0.0,"max_hp_gain":0.0,"max_hp_loss":0.0,"gold_gain":0.0,"event_name":"Purifier","player_choice":"Purged","floor":3.0,"gold_loss":0.0,"damage_taken":0.0},{"damage_healed":0.0,"max_hp_gain":0.0,"max_hp_loss":6.0,"gold_gain":0.0,"event_name":"Golden Idol","player_choice":"Lose Max HP","floor":11.0,"gold_loss":0.0,"damage_taken":0.0,"relics_obtained":["Golden Idol"]},{"damage_healed":0.0,"max_hp_gain":0.0,"max_hp_loss":0.0,"gold_gain":0.0,"event_name":"The Mausoleum","player_choice":"Opened","floor":19.0,"gold_loss":0.0,"damage_taken":0.0,"relics_obtained":["DemoMod:WeirdEgg"],"cards_obtained":["Writhe"]},{"cards_removed":["Writhe"],"damage_healed":0.0,"max_hp_gain":0.0,"max_hp_loss":0.0,"gold_gain":0.0,"event_name":"Beggar","player_choice":"Gave Gold","floor":20.0,"gold_loss":75.0,"damage_taken":0.0}],"is_beta":false,"boss_relics":[{"not_picked":["Black Star","Calling Bell"],"picked":"rorgmod:Black Star"}],"items_purged_floors":[12,12,24,24],"is_endless":true,"potions_floor_spawned":[5,8,14,18,25],"killed_by":"Gremlin Leader","ascension_level":20}}