{"host":"ep8i7b8n5hbu63rl","time":1614179891,"event":{"mods":["AchievementEnabler","BaseMod","Colored Map","DeckTracker","Keyboard Shortcuts","Minty Spire (QoL Compilation)","Permanent Neow","Quick Restart","SuperFastMode"],"gold_per_floor":[369,385,385,385,397,427,438,465,545,564,529,529,541,573,573,676,676,664,402,420,420,420],"floor_reached":21,"language":"KOR","playtime":1561,"items_purged":["Defend_B"],"score":261,"play_id":"15574746-1237-40d0-991e-7c9104e15fdd","local_time":"20210225001811","is_ascension_mode":true,"campfire_choices":[{"floor":12.0,"key":"REST"},{"data":"Dualcast","floor":15.0,"key":"SMITH"}],"circlet_count":0,"master_deck":["Strike_B+1","Strike_B","Strike_B","Strike_B+1","Defend_B","Defend_B","Defend_B","Zap","Dualcast+1","Defragment","Coolheaded+1","Conserve Battery","Coolheaded","Cold Snap","Rebound","Melter","BootSequence","Master of Strategy","Sweeping Beam"],"relics":["Cracked Core","MealTicket","Du-Vu Doll","Whetstone","Bottled Flame","Girya","Inserter"],"acts_visited":["Exordium","TheCity"],"potions_floor_usage":[16],"damage_taken":[{"damage":0.0,"enemies":"2 Louse","floor":1.0,"turns":2.0},{"damage":0.0,"enemies":"Small Slimes","floor":2.0,"turns":2.0},{"damage":0.0,"enemies":"Jaw Worm","floor":5.0,"turns":5.0},{"damage":30.0,"enemies":"Lagavulin","floor":6.0,"turns":9.0},{"damage":2.0,"enemies":"Blue Slaver","floor":7.0,"turns":4.0},{"damage":15.0,"enemies":"Gremlin Nob","floor":8.0,"turns":5.0},{"damage":2.0,"enemies":"Looter","floor":10.0,"turns":4.0},{"damage":9.0,"enemies":"Large Slime","floor":13.0,"turns":6.0},{"damage":7.0,"enemies":"Lagavulin","floor":14.0,"turns":10.0},{"damage":15,"enemies":"The Guardian","floor":16,"turns":12},{"damage":28,"enemies":"2 Thieves","floor":18,"turns":4},{"damage":2,"enemies":"Chosen","floor":20,"turns":5},{"damage":46,"enemies":"Masked Bandits","floor":21,"turns":5}],"seed_played":"-8871614206480376656","potions_obtained":[{"floor":2.0,"key":"SteroidPotion"},{"floor":6.0,"key":"DuplicationPotion"},{"floor":7.0,"key":"Strength Potion"},{"floor":10.0,"key":"FocusPotion"},{"floor":13.0,"key":"Swift Potion"}],"is_trial":false,"path_per_floor":["M","M","?","?","M","E","M","E","T","M","?","R","M","E","R","B",null,"M","$","M","?"],"character_chosen":"DEFECT","items_purchased":["Master of Strategy"],"campfire_rested":1,"item_purchase_floors":[19],"current_hp_per_floor":[68,68,68,65,65,35,33,18,18,16,33,53,44,37,37,22,57,29,44,42,0,0],"gold":420,"neow_bonus":"TWO_FIFTY_GOLD","is_daily":false,"chose_seed":false,"campfire_upgraded":1,"win_rate":0.0,"timestamp":1614179891,"path_taken":["M","M","?","?","M","E","M","E","T","M","?","R","?","E","R","BOSS","M","$","M","?"],"items_purchased_type":["Card"],"build_version":"2020-12-22","purchased_purges":1,"victory":false,"max_hp_per_floor":[68,68,68,68,68,68,68,68,68,68,68,68,68,68,68,68,68,68,68,68,68,68],"card_choices":[{"not_picked":["Ball Lightning","Barrage"],"picked":"Defragment","floor":1.0},{"not_picked":["Recycle","Heatsinks"],"picked":"Coolheaded","floor":2.0},{"not_picked":["Redo","FTL"],"picked":"Conserve Battery","floor":5.0},{"not_picked":["Amplify","Fission"],"picked":"Coolheaded","floor":6.0},{"not_picked":["Stack","Beam Cell"],"picked":"Cold Snap","floor":7.0},{"not_picked":["Cold Snap","Sunder"],"picked":"Rebound","floor":8.0},{"not_picked":["Hello World","Redo","Gash"],"picked":"SKIP","floor":10.0},{"not_picked":["Aggregate","Ball Lightning"],"picked":"Melter","floor":13.0},{"not_picked":["Beam Cell","Multi-Cast","Redo"],"picked":"SKIP","floor":14.0},{"not_picked":["Cold Snap","Beam Cell+1"],"picked":"BootSequence","floor":18},{"not_picked":["Turbo","Compile Driver"],"picked":"Sweeping Beam","floor":20}],"player_experience":176715,"relics_obtained":[{"floor":6.0,"key":"Du-Vu Doll"},{"floor":8.0,"key":"Whetstone"},{"floor":9.0,"key":"Bottled Flame"},{"floor":14.0,"key":"Girya"}],"event_choices":[{"damage_healed":0.0,"max_hp_gain":0.0,"max_hp_loss":0.0,"gold_gain":0.0,"event_name":"Living Wall","player_choice":"Grow","floor":3.0,"gold_loss":0.0,"damage_taken":0.0,"cards_upgraded":["Coolheaded"]},{"damage_healed":0.0,"max_hp_gain":0.0,"max_hp_loss":0.0,"gold_gain":0.0,"event_name":"Scrap Ooze","player_choice":"Success","floor":4.0,"gold_loss":0.0,"damage_taken":3.0,"relics_obtained":["MealTicket"]},{"damage_healed":17.0,"max_hp_gain":0.0,"max_hp_loss":0.0,"gold_gain":0.0,"event_name":"The Cleric","player_choice":"Healed","floor":11.0,"gold_loss":35.0,"damage_taken":0.0},{"damage_healed":0,"gold_gain":0,"player_choice":"Fought Bandits","damage_taken":0,"max_hp_gain":0,"max_hp_loss":0,"event_name":"Masked Bandits","floor":21,"gold_loss":0}],"is_beta":false,"boss_relics":[{"not_picked":["Runic Pyramid","Runic Dome"],"picked":"Inserter"}],"items_purged_floors":[19],"is_endless":false,"potions_floor_spawned":[2,6,7,10,13],"killed_by":"Masked Bandits","ascension_level":6}}