{"host":"f5n4tidiz2n5sooh","time":1614158354,"event":{"mods":["BaseMod","Colored Map","Minty Spire (QoL Compilation)","Relic Stats","StSLib"],"gold_per_floor":[114,126,6,18,29,29,64,79,79,79,113,177,177,252,252,252,252],"floor_reached":16,"language":"ENG","playtime":575,"items_purged":[],"score":220,"play_id":"04fc8ed1-164e-4ab0-a1d2-a61a13818b93","local_time":"20210224031914","is_ascension_mode":true,"campfire_choices":[{"data":"Inflame","floor":6,"key":"SMITH"},{"data":"Uppercut","floor":10,"key":"SMITH"},{"data":"True Grit","floor":13,"key":"SMITH"},{"data":"Inflame","floor":15,"key":"SMITH"}],"circlet_count":0,"master_deck":["AscendersBane","Strike_R","Strike_R","Strike_R","Strike_R","Strike_R","Defend_R","Defend_R","Defend_R","Defend_R","Bash","Headbutt","Inflame+1","Uppercut+1","Bloodletting","Cleave","Fiend Fire","Inflame+1","True Grit+1"],"relics":["Burning Blood","Mummified Hand","Ornamental Fan","Mercury Hourglass","Boot"],"acts_visited":["Exordium"],"potions_floor_usage":[11,12,16,16],"damage_taken":[{"damage":9,"enemies":"2 Louse","floor":1,"turns":4},{"damage":13,"enemies":"Jaw Worm","floor":2,"turns":5},{"damage":7,"enemies":"Small Slimes","floor":4,"turns":3},{"damage":11,"enemies":"Blue Slaver","floor":5,"turns":4},{"damage":33,"enemies":"Lagavulin","floor":7,"turns":7},{"damage":5,"enemies":"Red Slaver","floor":8,"turns":3},{"damage":16,"enemies":"3 Sentries","floor":11,"turns":7},{"damage":3,"enemies":"Gremlin Nob","floor":12,"turns":3},{"damage":17,"enemies":"Hexaghost","floor":16,"turns":7}],"seed_played":"4317900518109524158","potions_obtained":[{"floor":7,"key":"Explosive Potion"},{"floor":8,"key":"GamblersBrew"},{"floor":11,"key":"PowerPotion"},{"floor":12,"key":"Fire Potion"}],"is_trial":false,"path_per_floor":["M","M","$","M","M","R","E","M","T","R","E","?","R","?","R","B"],"character_chosen":"IRONCLAD","items_purchased":["Inflame","Uppercut"],"campfire_rested":0,"item_purchase_floors":[3,3],"current_hp_per_floor":[72,65,65,64,59,59,32,33,33,33,23,26,26,15,15,0,0],"gold":252,"neow_bonus":"TEN_PERCENT_HP_BONUS","is_daily":false,"chose_seed":false,"campfire_upgraded":4,"win_rate":0.0,"timestamp":1614158354,"path_taken":["M","M","$","M","M","R","E","M","T","R","E","?","R","?","R","BOSS"],"items_purchased_type":["Card","Card"],"build_version":"2020-12-22","purchased_purges":0,"victory":false,"max_hp_per_floor":[82,82,82,82,82,82,82,82,82,82,82,82,82,82,82,82,82],"relic_stats":{"counters":[9,43],"Mummified Hand":[6],"Ornamental Fan":[4],"Boot":[0],"obtain_stats":[{"Mummified Hand":7,"Ornamental Fan":9,"Boot":12,"Burning Blood":0,"Mercury Hourglass":11},{"Mummified Hand":5,"Ornamental Fan":6,"Boot":8,"Burning Blood":0,"Mercury Hourglass":7},{"Mummified Hand":23,"Ornamental Fan":26,"Boot":36,"Burning Blood":0,"Mercury Hourglass":33}],"Burning Blood":48,"Mercury Hourglass":[27]},"card_choices":[{"not_picked":["Flex","Havoc"],"picked":"Headbutt","floor":1},{"not_picked":["Wild Strike","Warcry","Thunderclap"],"picked":"SKIP","floor":2},{"not_picked":["Flex","Twin Strike"],"picked":"Bloodletting","floor":4},{"not_picked":["Sentinel","Heavy Blade"],"picked":"Cleave","floor":5},{"not_picked":["Iron Wave","Perfected Strike"],"picked":"Fiend Fire","floor":7},{"not_picked":["Bloodletting","Twin Strike","Reckless Charge"],"picked":"SKIP","floor":8},{"not_picked":["Cleave","Shockwave"],"picked":"Inflame","floor":11},{"not_picked":["Rampage","Dropkick"],"picked":"True Grit","floor":12}],"player_experience":2082728,"relics_obtained":[{"floor":7,"key":"Mummified Hand"},{"floor":9,"key":"Ornamental Fan"},{"floor":11,"key":"Mercury Hourglass"},{"floor":12,"key":"Boot"}],"event_choices":[{"damage_healed":0,"gold_gain":0,"player_choice":"Searched \u00271\u0027 times","damage_taken":0,"max_hp_gain":0,"max_hp_loss":0,"event_name":"Dead Adventurer","floor":12,"gold_loss":0},{"damage_healed":0,"gold_gain":75,"player_choice":"Gather Gold","damage_taken":11,"max_hp_gain":0,"max_hp_loss":0,"event_name":"World of Goop","floor":14,"gold_loss":0}],"is_beta":false,"boss_relics":[],"items_purged_floors":[],"is_endless":false,"potions_floor_spawned":[7,8,11,12],"killed_by":"Hexaghost","ascension_level":20}}