{"host":"5mo0809oo9tcrmpl","time":1614139946,"event":{"mods":["BaseMod","Highlight Path","Minty Spire (QoL Compilation)","Relic Stats","Slay the Relics Exporter"],"gold_per_floor":[113,128,140,160,160,203,203,247,324,324,344,269,287,315,315,315,315],"floor_reached":16,"language":"ENG","playtime":425,"items_purged":[],"score":224,"play_id":"58c35e14-424a-440c-b9b6-1a8d3fb22160","local_time":"20210223221226","is_ascension_mode":true,"campfire_choices":[{"data":"Fiend Fire","floor":7.0,"key":"SMITH"},{"data":"Dark Embrace","floor":10.0,"key":"SMITH"},{"floor":15,"key":"REST"}],"circlet_count":0,"master_deck":["AscendersBane","Strike_R","Strike_R","Strike_R","Strike_R","Defend_R","Defend_R","Defend_R","Defend_R","Bash","Cleave","Intimidate","Spot Weakness","Clothesline","Fiend Fire+1","Dark Embrace+1","Perfected Strike","Pommel Strike","Ghostly Armor","Iron Wave"],"relics":["Burning Blood","NeowsBlessing","Golden Idol","Dream Catcher","TungstenRod","Frozen Egg 2","Odd Mushroom"],"acts_visited":["Exordium"],"potions_floor_usage":[13,16,16],"damage_taken":[{"damage":0.0,"enemies":"2 Louse","floor":1.0,"turns":1.0},{"damage":0.0,"enemies":"Jaw Worm","floor":2.0,"turns":1.0},{"damage":0.0,"enemies":"Small Slimes","floor":3.0,"turns":1.0},{"damage":20.0,"enemies":"Looter","floor":4.0,"turns":4.0},{"damage":30.0,"enemies":"Lagavulin","floor":6.0,"turns":5.0},{"damage":6.0,"enemies":"Gremlin Nob","floor":8.0,"turns":3.0},{"damage":11.0,"enemies":"3 Louse","floor":11.0,"turns":4.0},{"damage":27,"enemies":"Gremlin Gang","floor":13,"turns":4},{"damage":11,"enemies":"The Mushroom Lair","floor":14,"turns":4},{"damage":35,"enemies":"The Guardian","floor":16,"turns":2}],"seed_played":"2206967927236614956","potions_obtained":[{"floor":1.0,"key":"LiquidBronze"},{"floor":3.0,"key":"ColorlessPotion"},{"floor":11.0,"key":"Fruit Juice"},{"floor":13,"key":"Strength Potion"}],"is_trial":false,"path_per_floor":["M","M","M","M","?","E","R","E","T","R","M","?","M","?","R","B"],"character_chosen":"IRONCLAD","items_purchased":[],"campfire_rested":1,"item_purchase_floors":[],"current_hp_per_floor":[74,75,75,61,61,37,37,37,37,37,32,32,16,11,32,0,0],"gold":315,"neow_bonus":"THREE_ENEMY_KILL","is_daily":false,"chose_seed":false,"campfire_upgraded":2,"win_rate":0.0,"timestamp":1614139946,"path_taken":["M","M","M","M","?","E","R","E","T","R","M","?","M","?","R","BOSS"],"items_purchased_type":[],"build_version":"2020-12-22","purchased_purges":0,"victory":false,"max_hp_per_floor":[75,75,75,75,68,68,68,68,68,68,68,68,73,73,73,73,73],"relic_stats":{"Dream Catcher":1,"counters":[10,29],"Golden Idol":32,"obtain_stats":[{"Dream Catcher":6,"NeowsBlessing":0,"Golden Idol":5,"Frozen Egg 2":9,"Odd Mushroom":14,"Burning Blood":0,"TungstenRod":8},{"Dream Catcher":5,"NeowsBlessing":0,"Golden Idol":4,"Frozen Egg 2":6,"Odd Mushroom":9,"Burning Blood":0,"TungstenRod":6},{"Dream Catcher":12,"NeowsBlessing":0,"Golden Idol":7,"Frozen Egg 2":15,"Odd Mushroom":27,"Burning Blood":0,"TungstenRod":15}],"Burning Blood":43,"TungstenRod":13},"card_choices":[{"not_picked":["Blood for Blood","Iron Wave"],"picked":"Cleave","floor":1.0},{"not_picked":["Dark Embrace","Thunderclap"],"picked":"Intimidate","floor":2.0},{"not_picked":["Reckless Charge","Body Slam"],"picked":"Spot Weakness","floor":3.0},{"not_picked":["Iron Wave","Searing Blow"],"picked":"Clothesline","floor":4.0},{"not_picked":["Pummel","Shockwave"],"picked":"Fiend Fire","floor":6.0},{"not_picked":["Entrench","Clash"],"picked":"Dark Embrace","floor":8.0},{"not_picked":["Warcry","Headbutt"],"picked":"Perfected Strike","floor":11.0},{"not_picked":["Sword Boomerang","Clothesline"],"picked":"Pommel Strike","floor":13},{"not_picked":["Cleave","Reckless Charge"],"picked":"Ghostly Armor","floor":14},{"not_picked":["Wild Strike","Double Tap"],"picked":"Iron Wave","floor":15}],"player_experience":1321448,"relics_obtained":[{"floor":6.0,"key":"Dream Catcher"},{"floor":8.0,"key":"TungstenRod"},{"floor":9.0,"key":"Frozen Egg 2"},{"floor":14,"key":"Odd Mushroom"}],"event_choices":[{"damage_healed":0.0,"max_hp_gain":0.0,"max_hp_loss":7.0,"gold_gain":0.0,"event_name":"Golden Idol","player_choice":"Lose Max HP","floor":5.0,"gold_loss":0.0,"damage_taken":0.0,"relics_obtained":["Golden Idol"]},{"cards_removed":["Strike_R"],"damage_healed":0.0,"max_hp_gain":0.0,"max_hp_loss":0.0,"gold_gain":0.0,"event_name":"The Cleric","player_choice":"Card Removal","floor":12.0,"gold_loss":75.0,"damage_taken":0.0},{"damage_healed":0,"gold_gain":0,"player_choice":"Fought Mushrooms","damage_taken":0,"max_hp_gain":0,"max_hp_loss":0,"event_name":"Mushrooms","floor":14,"gold_loss":0}],"is_beta":false,"boss_relics":[],"items_purged_floors":[],"is_endless":false,"potions_floor_spawned":[1,3,4,11,13,14],"killed_by":"The Guardian","ascension_level":20}}