{"host":"0cm5wy4nhuju7tij","time":1614154998,"event":{"mods":["2.2 Compatiblity","AchievementEnabler","BaseMod","Better Third Choice","BetterRewards","Colored Powertips","Curses Come First","Custom Start","Displayed Cursed Tome","Downfall","Energized Spire","Evolution","Filter the Spire","Fireblade Mod","Hermit","Highlight Path","Jess\u0027s Bottle","Minty Spire (QoL Compilation)","Permanent Neow","Poor People Problems","Relic Filter Mod","Shop Mod","Spicy Shops","StSLib","The Cursed","The Servant 0.9.4","TheSwordswoman","TheVacant","Weighted Paths"],"gold_per_floor":[112,187,187,198,208,208,233,233,233,248,279,291,8,25,25,130,130,147,160,179,81,97,97,97],"floor_reached":23,"language":"ENG","playtime":1203,"items_purged":[],"score":230,"play_id":"9fcc9e6a-1002-4f50-9caa-a0a59adf2ff0","local_time":"20210224032318","is_ascension_mode":false,"campfire_choices":[{"data":"FireBladeMod:SoulSword","floor":6,"key":"SMITH"},{"floor":8,"key":"REST"},{"floor":15,"key":"REST"}],"circlet_count":0,"master_deck":["FireBladeMod:ComboCleave+1","FireBladeMod:ComboCleave","FireBladeMod:ComboCleave","FireBladeMod:ComboCleave","FireBladeMod:DefendFireBlade","FireBladeMod:DefendFireBlade","FireBladeMod:DefendFireBlade","FireBladeMod:DefendFireBlade","FireBladeMod:FlamingSword","FireBladeMod:FireBarrier","FireBladeMod:ScorchingCleave","DevaForm+1","FireBladeMod:SteadyEndurance","FireBladeMod:SoulSword+1","FireBladeMod:ThirdDegree","FireBladeMod:Arson","FireBladeMod:BasicSmash","FireBladeMod:Speed","FireBladeMod:ThirdDegree","FireBladeMod:Flames","FireBladeMod:SteadyEndurance","FireBladeMod:ThirstForBlood","FireBladeMod:LayeredDefense","FireBladeMod:ThirdDegree","FireBladeMod:StingingSlash+1","FireBladeMod:IronEndurance"],"relics":["FireBladeMod:DuelistLocket","EVO:Axolotl","Orichalcum","Bottled Lightning","Pen Nib","Sling","Busted Crown","TheAbacus"],"acts_visited":["Exordium","TheCity"],"potions_floor_usage":[23],"damage_taken":[{"damage":6,"enemies":"Jaw Worm","floor":1,"turns":4},{"damage":0,"enemies":"2 Louse","floor":4,"turns":2},{"damage":0,"enemies":"Cultist","floor":5,"turns":4},{"damage":12,"enemies":"Lagavulin","floor":7,"turns":8},{"damage":0,"enemies":"2 Fungi Beasts","floor":10,"turns":3},{"damage":14,"enemies":"3 Sentries","floor":11,"turns":4},{"damage":9,"enemies":"Exordium Thugs","floor":12,"turns":3},{"damage":8,"enemies":"3 Louse","floor":14,"turns":2},{"damage":5,"enemies":"Hexaghost","floor":16,"turns":8},{"damage":29,"enemies":"2 Thieves","floor":18,"turns":4},{"damage":9,"enemies":"Chosen","floor":19,"turns":5},{"damage":9,"enemies":"Shelled Parasite and Fungi","floor":20,"turns":4},{"damage":16,"enemies":"Sentry and Sphere","floor":22,"turns":4},{"damage":8,"enemies":"Slavers","floor":23,"turns":2}],"seed_played":"-8218969378522361766","potions_obtained":[{"floor":10,"key":"FireBladeMod:VigorPotion"},{"floor":11,"key":"Block Potion"},{"floor":14,"key":"LiquidBronze"}],"is_trial":false,"path_per_floor":["M","?","?","M","M","R","E","R","T","M","E","M","$","M","R","B",null,"M","M","M","$","M","E"],"character_chosen":"THE_FIREBLADE","items_purchased":["FireBladeMod:ThirdDegree","FireBladeMod:Flames","Sling","FireBladeMod:SteadyEndurance","TheAbacus","FireBladeMod:IronEndurance"],"campfire_rested":2,"item_purchase_floors":[13,13,13,13,21,21],"current_hp_per_floor":[64,53,36,36,36,36,24,45,45,45,31,22,22,14,35,30,70,41,32,23,23,7,0,0],"gold":97,"neow_bonus":"UPGRADE_CARD","is_daily":false,"chose_seed":false,"campfire_upgraded":1,"win_rate":0.0,"timestamp":1614154998,"path_taken":["M","?","?","?","M","R","E","R","T","M","E","M","$","M","R","BOSS","M","M","M","$","M","E"],"items_purchased_type":["Card","Card","Relic","Card","Relic","Card"],"build_version":"2020-12-22","purchased_purges":0,"victory":false,"max_hp_per_floor":[70,70,70,70,70,70,70,70,70,70,70,70,70,70,70,70,70,70,70,70,70,70,70,70],"card_choices":[{"not_picked":["FireBladeMod:SoulStrike","FireBladeMod:BasicSmash"],"picked":"FireBladeMod:ScorchingCleave","floor":1},{"not_picked":["FireBladeMod:AbsorbEnergy","FireBladeMod:BackhandSwing"],"picked":"FireBladeMod:SteadyEndurance","floor":4},{"not_picked":["FireBladeMod:Shove","FireBladeMod:ComboSlashes"],"picked":"FireBladeMod:SoulSword","floor":5},{"not_picked":["FireBladeMod:ThirstForBlood","FireBladeMod:Ignition"],"picked":"FireBladeMod:ThirdDegree","floor":7},{"not_picked":["FireBladeMod:RollWithTheBlow","FireBladeMod:Flames"],"picked":"FireBladeMod:Arson","floor":10},{"not_picked":["FireBladeMod:Robust","FireBladeMod:EternalEndurance"],"picked":"FireBladeMod:BasicSmash","floor":11},{"not_picked":["FireBladeMod:SmashingEndurance","FireBladeMod:Shove"],"picked":"FireBladeMod:Speed","floor":12},{"not_picked":["FireBladeMod:Shove","FireBladeMod:StunningBlow"],"picked":"FireBladeMod:ThirstForBlood","floor":14},{"not_picked":["FireBladeMod:LightningCombo","FireBladeMod:AntiMagic"],"picked":"FireBladeMod:LayeredDefense","floor":16},{"not_picked":[],"picked":"FireBladeMod:ThirdDegree","floor":18},{"not_picked":["FireBladeMod:WellPrepared"],"picked":"SKIP","floor":19},{"not_picked":[],"picked":"FireBladeMod:StingingSlash+1","floor":20},{"not_picked":["FireBladeMod:SoulStrike"],"picked":"SKIP","floor":22}],"player_experience":460748,"relics_obtained":[{"floor":7,"key":"Bottled Lightning"},{"floor":11,"key":"Pen Nib"}],"event_choices":[{"damage_healed":0,"gold_gain":75,"player_choice":"Gold","damage_taken":11,"max_hp_gain":0,"max_hp_loss":0,"event_name":"betterThird:BetterGoop","floor":2,"gold_loss":0}],"is_beta":false,"boss_relics":[{"not_picked":["FireBladeMod:TigerClaw","Philosopher\u0027s Stone"],"picked":"Busted Crown"}],"items_purged_floors":[],"is_endless":false,"potions_floor_spawned":[1,10,11,14],"killed_by":"Slavers","ascension_level":0}}