{"host":"75f7vpxw7p171fvt","time":1614147564,"event":{"mods":["100% Spire Juice","Act Like it!","Arknights","Astrologer","Bard","BaseMod","CapriCore","ChefMod","Clockwork Mod","Communication Mod","Downfall","Duelist Mod","Gensokyo","Gremlin Mod","Jorbs\u0027s Wanderer Trilogy","Minty Spire (QoL Compilation)","Potionbrewer","Reliquary","Robot Space Explorer","Shapeshifter Mod","StS++","StSLib","The Administrix","The Animator","The Blackbeard","The Dragon Tamer","The Gatherer","The Immortal","The Mystic","The Poker Player"],"gold_per_floor":[110,129,6,6,26,38,15,15,94,113,129,129,155,173,173,173,173],"floor_reached":16,"language":"ENG","playtime":2469,"items_purged":["Clockwork:Strike"],"score":104,"play_id":"bfc6deeb-d1c8-420e-b26f-7c81d36d4008","local_time":"20210223221924","is_ascension_mode":false,"campfire_choices":[{"floor":12,"key":"REST"},{"floor":15,"key":"REST"}],"circlet_count":0,"master_deck":["Clockwork:Strike+1","Clockwork:Strike+1","Clockwork:Strike","Clockwork:Shield+1","Clockwork:Shield","Clockwork:Tinker+1","Clockwork:WarmUp","Clockwork:AdaptiveShield+1","Clockwork:Pluck+1","Clockwork:Pluck+1","Clockwork:ChargingBlade+1","Clockwork:SmithsMallet","Clockwork:SmithsMallet+1","Clockwork:Randomization","Clockwork:ChargingBlade"],"relics":["Clockwork:MomentumEngine","Matryoshka","reliquary:PorcupineQuills"],"acts_visited":["Exordium"],"potions_floor_usage":[14,16],"damage_taken":[{"damage":1,"enemies":"Jaw Worm","floor":1,"turns":10},{"damage":0,"enemies":"Small Slimes","floor":2,"turns":7},{"damage":1,"enemies":"2 Louse","floor":5,"turns":5},{"damage":3,"enemies":"Large Slime","floor":6,"turns":9},{"damage":21,"enemies":"3 Louse","floor":10,"turns":5},{"damage":3,"enemies":"2 Fungi Beasts","floor":11,"turns":5},{"damage":9,"enemies":"Lagavulin","floor":13,"turns":10},{"damage":9,"enemies":"Gremlin Gang","floor":14,"turns":7},{"damage":101,"enemies":"Hexaghost","floor":16,"turns":14}],"seed_played":"-5563342916904941173","potions_obtained":[{"floor":1,"key":"Regen Potion"},{"floor":5,"key":"StSpp:InhibitionPotion"},{"floor":6,"key":"BlessingOfTheForge"}],"is_trial":false,"path_per_floor":["M","M","$","?","M","M","$","?","T","M","M","R","E","M","R","B"],"character_chosen":"CLOCKWORK","items_purchased":["Clockwork:Pluck","Clockwork:ChargingBlade"],"campfire_rested":2,"item_purchase_floors":[3,7],"current_hp_per_floor":[92,92,92,85,84,81,81,81,81,60,57,84,75,66,93,0,0],"gold":173,"neow_bonus":"TEN_PERCENT_HP_BONUS","is_daily":false,"chose_seed":false,"campfire_upgraded":0,"win_rate":0.0,"timestamp":1614147564,"path_taken":["M","M","$","?","M","M","$","?","T","M","M","R","E","M","R","BOSS"],"items_purchased_type":["Card","Card"],"build_version":"2020-12-22","purchased_purges":1,"victory":false,"max_hp_per_floor":[93,93,93,93,93,93,93,93,93,93,93,93,93,93,93,93,93],"card_choices":[{"not_picked":["Clockwork:SearchingStrike","Clockwork:CogShield"],"picked":"Clockwork:AdaptiveShield","floor":1},{"not_picked":["Clockwork:ChargingShield","Clockwork:ReserveSystems"],"picked":"Clockwork:SmithsMallet","floor":2},{"not_picked":["Clockwork:SnapKeep","Clockwork:LogisticRegression"],"picked":"Clockwork:Pluck","floor":5},{"not_picked":["Clockwork:Friction","Clockwork:Minimalism"],"picked":"Clockwork:SmithsMallet","floor":6},{"not_picked":["Clockwork:Minimalism","Clockwork:AdaptiveShield"],"picked":"Clockwork:SmithsMallet","floor":10},{"not_picked":["Clockwork:Improve","Clockwork:PerfectedShield"],"picked":"Clockwork:SmithsMallet","floor":11},{"not_picked":["Clockwork:SnapKeep","Clockwork:CogShield"],"picked":"Clockwork:Randomization","floor":13},{"not_picked":["Clockwork:AdaptiveShield","Clockwork:Friction"],"picked":"Clockwork:ChargingBlade","floor":14}],"player_experience":17787,"relics_obtained":[{"floor":9,"key":"Matryoshka"},{"floor":13,"key":"reliquary:PorcupineQuills"}],"event_choices":[{"cards_removed":["Clockwork:Shield"],"damage_healed":0,"gold_gain":0,"player_choice":"Card Removal","damage_taken":7,"max_hp_gain":0,"max_hp_loss":0,"event_name":"Golden Wing","floor":4,"gold_loss":0},{"cards_removed":["Clockwork:Shield"],"damage_healed":0,"gold_gain":0,"player_choice":"Forget","damage_taken":0,"max_hp_gain":0,"max_hp_loss":0,"event_name":"Living Wall","floor":8,"gold_loss":0}],"is_beta":false,"boss_relics":[],"items_purged_floors":[3],"is_endless":false,"potions_floor_spawned":[1,5,6,10],"killed_by":"Hexaghost","ascension_level":0}}