{"host":"aycnbidq9d24owrh","time":1614151720,"event":{"mods":["Bard","BaseMod","BetterRewards","Colored Map","Downfall","Infinite Spire","Minty Spire (QoL Compilation)","Replay The Spire","Shop Mod","Spire Arcade","StSLib","The Cursed","The Disciple","The Hierophant","The Jungle","The Runesmith","TheBandit"],"gold_per_floor":[118,118,141,164,173,173,209,235,235,262,291,40,58,78,78,182,209,235,258,218,0,26,66,75,99,99,143,46,70,70,90,90,198,198,232,0,9,38,64,64,15,15,15,51,73,73,97,143,143,143,143],"floor_reached":50,"language":"ENG","playtime":1990,"items_purged":[],"score":821,"play_id":"d741466e-5df2-4fba-b58c-fd269cda5c83","local_time":"20210223232840","is_ascension_mode":false,"campfire_choices":[{"data":"infinitespire:FinalStrike","floor":6,"key":"SMITH"},{"floor":15,"key":"DIG"},{"floor":30,"key":"DIG"},{"floor":32,"key":"DIG"},{"floor":40,"key":"DIG"},{"floor":42,"key":"DIG"},{"floor":46,"key":"REST"},{"floor":49,"key":"DIG"}],"circlet_count":0,"master_deck":["Strike_R","Strike_R","Strike_R","Strike_R+1","Defend_R+1","Defend_R+1","Defend_R","Defend_R","Bash","Thunderclap","Iron Wave","Twin Strike+1","infinitespire:FinalStrike+1","Thunderclap","Reckless Charge","Clash","Body Slam","Reaper+1","Shrug It Off+1","Impervious+1","ReplayTheSpireMod:LeadingStrike+1","Heavy Blade+1","ReplayTheSpireMod:Stacked+1","Body Slam+1","Intimidate+1","Jack Of All Trades+1","Immolate+1","Immolate+1","Clothesline+1","ReplayTheSpireMod:Muscle Training","Bloodletting","Apotheosis+1","PanicButton+1","Mind Blast+1","Hemokinesis+1","ReplayTheSpireMod:LeadingStrike+1","Feed+1","Dark Embrace+1","Iron Wave","Flex+1","Wild Strike","Wild Strike+1","Flex+1","Dual Wield+1","Whirlwind+1"],"relics":["Burning Blood","NeowsBlessing","CeramicFish","Bottled Flame","Golden Egg","HandDrill","infinitespire:WardingShard","Astrolabe","Shovel","MealTicket","infinitespire:BottledMercury","Toy Ornithopter","ReplayTheSpireMod:ShopPack","Question Card","War Paint","Empty Cage","infinitespire:EvilPickle","Red Mask","Molten Egg 2","Whetstone","infinitespire:FocusingShard","infinitespire:Lychee Nut","PreservedInsect","Replay:Accelerometer"],"acts_visited":["Exordium","TheCity","TheBeyond"],"potions_floor_usage":[8,23,27,27,33,33,39,44,44,48],"damage_taken":[{"damage":0.0,"enemies":"2 Louse","floor":1.0,"turns":1.0},{"damage":0.0,"enemies":"Jaw Worm","floor":3.0,"turns":1.0},{"damage":0.0,"enemies":"Cultist","floor":4.0,"turns":1.0},{"damage":0,"enemies":"Gremlin Nob","floor":7,"turns":2},{"damage":0,"enemies":"Lots of Slimes","floor":8,"turns":2},{"damage":0,"enemies":"Looter","floor":10,"turns":1},{"damage":0,"enemies":"Exordium Wildlife","floor":11,"turns":2},{"damage":0,"enemies":"Large Slime","floor":14,"turns":2},{"damage":44,"enemies":"Slime Boss","floor":16,"turns":10},{"damage":0,"enemies":"Spheric Guardian","floor":18,"turns":1},{"damage":3,"enemies":"3 Byrds","floor":19,"turns":5},{"damage":2,"enemies":"Cultist and Chosen","floor":22,"turns":3},{"damage":0,"enemies":"Gremlin Leader","floor":23,"turns":4},{"damage":18,"enemies":"Centurion and Healer","floor":25,"turns":4},{"damage":5,"enemies":"Slavers","floor":27,"turns":3},{"damage":0,"enemies":"Snake Plant","floor":29,"turns":1},{"damage":19,"enemies":"3 Cultists","floor":31,"turns":6},{"damage":65,"enemies":"Pondfish","floor":33,"turns":17},{"damage":0,"enemies":"3 Shapes","floor":35,"turns":3},{"damage":7,"enemies":"Orb Walker","floor":38,"turns":2},{"damage":54,"enemies":"Maw","floor":39,"turns":9},{"damage":46,"enemies":"Nemesis","floor":44,"turns":5},{"damage":7,"enemies":"Jaw Worm Horde","floor":45,"turns":4},{"damage":11,"enemies":"4 Shapes","floor":47,"turns":5},{"damage":18,"enemies":"Reptomancer","floor":48,"turns":2},{"damage":60,"enemies":"Replay:Hell Engine","floor":50,"turns":8}],"seed_played":"2685123535301771124","potions_obtained":[{"floor":1.0,"key":"Swift Potion"},{"floor":4,"key":"LifebloodPotion"},{"floor":10,"key":"Dexterity Potion"},{"floor":25,"key":"Toxic Potion"},{"floor":27,"key":"ElixirPotion"},{"floor":31,"key":"BloodPotion"},{"floor":39,"key":"LiquidBronze"},{"floor":45,"key":"PowerPotion"},{"floor":47,"key":"SneckoOil"}],"is_trial":false,"path_per_floor":["M","?","M","M","?","R","E","M","T","M","M","$","?","M","R_BF","B",null,"M","M","?","$","M","E","?","M","T","E","$","M","R","M","R","B",null,"M","?","?","M","M","R","$","R","T","E","M","R","M","E","R","B"],"character_chosen":"IRONCLAD","items_purchased":["HandDrill","Reaper","Shrug It Off","Jack Of All Trades","Immolate","Dexterity Potion","ReplayTheSpireMod:ShopPack","AttackPotion"],"campfire_rested":1,"item_purchase_floors":[12,12,12,21,21,21,28,41],"current_hp_per_floor":[80,80,80,80,60,60,66,72,72,78,80,80,80,80,80,47,80,80,80,80,80,80,80,80,68,68,69,80,80,80,67,67,33,80,80,80,80,79,52,52,67,67,67,37,42,60,60,55,55,6,6],"gold":143,"neow_bonus":"THREE_ENEMY_KILL","is_daily":false,"chose_seed":false,"campfire_upgraded":1,"win_rate":0.0,"timestamp":1614151720,"path_taken":["M","?","M","M","?","R","E","M","T","M","M","$","?","M","R_BF","BOSS","M","M","?","$","?","E","?","M","T","E","?","M","R","M","R","BOSS","M","?","?","M","M","R","$","R","T","E","M","R","?","E","R","BOSS"],"items_purchased_type":["Relic","Card","Card","Card","Card","Potion","Relic","Potion"],"build_version":"2020-12-22","purchased_purges":0,"victory":false,"max_hp_per_floor":[80,80,80,80,80,80,80,80,80,80,80,80,80,80,80,80,80,80,80,80,80,80,80,80,80,80,80,80,80,80,80,80,80,80,80,80,80,80,80,80,80,80,80,60,60,60,60,60,60,60,60],"card_choices":[{"not_picked":["Flex","Headbutt"],"picked":"Thunderclap","floor":1.0},{"not_picked":["Power Through","Battle Trance"],"picked":"Iron Wave","floor":3.0},{"not_picked":["Sever Soul","Reckless Charge"],"picked":"Twin Strike","floor":4},{"not_picked":["infinitespire:NeuralNetwork","infinitespire:Oblivion"],"picked":"infinitespire:FinalStrike","floor":5},{"not_picked":["Bludgeon","Replay:Undeath\u0027s Touch"],"picked":"Thunderclap","floor":7},{"not_picked":["True Grit","Sword Boomerang"],"picked":"Reckless Charge","floor":8},{"not_picked":["Headbutt","Iron Wave"],"picked":"Clash","floor":10},{"not_picked":["Burning Pact","Dark Embrace"],"picked":"Body Slam","floor":11},{"not_picked":["Run Through","Body Slam"],"picked":"Metallicize","floor":14},{"not_picked":["Fiend Fire","Juggernaut"],"picked":"Brutality","floor":16},{"not_picked":["Replay:Undeath\u0027s Touch+1","Searing Blow+1"],"picked":"Body Slam+1","floor":18},{"not_picked":["Massacre+1","Clothesline+1"],"picked":"Intimidate","floor":19},{"not_picked":["Thunderclap+1","Reaper"],"picked":"Clothesline+1","floor":22},{"not_picked":["Pommel Strike+1","Clothesline+1"],"picked":"ReplayTheSpireMod:Muscle Training","floor":23},{"not_picked":["Headbutt","True Grit"],"picked":"Reckless Charge","floor":25},{"not_picked":["Replay:Undeath\u0027s Touch","Berserk"],"picked":"Bloodletting","floor":27},{"not_picked":["Metamorphosis","Chrysalis"],"picked":"Apotheosis","floor":28},{"not_picked":["ReplayTheSpireMod:Trickstab","Specialist"],"picked":"PanicButton","floor":28},{"not_picked":["Swift Strike","Impatience"],"picked":"Mind Blast","floor":28},{"not_picked":["infinitespire:OneForAll","Sword Boomerang"],"picked":"Hemokinesis+1","floor":29},{"not_picked":["Pommel Strike","Clash","Immolate"],"picked":"ReplayTheSpireMod:LeadingStrike+1","floor":31},{"not_picked":["Demon Form","Eclipse","Bludgeon"],"picked":"Feed","floor":33},{"not_picked":["Clothesline","Second Wind+1","Armaments"],"picked":"Dark Embrace+1","floor":35},{"not_picked":["Heavy Blade+1","Pommel Strike","Burning Pact+1"],"picked":"Flex+1","floor":38},{"not_picked":["Body Slam+1","Rupture","Ghostly Armor+1"],"picked":"Wild Strike","floor":39},{"not_picked":["Sever Soul+1","Anger+1","Headbutt+1"],"picked":"Wild Strike+1","floor":44},{"not_picked":["Metallicize+1","Heavy Blade+1","Iron Wave+1"],"picked":"Flex+1","floor":45},{"not_picked":["Run Through+1","Bloodletting","Demon Form"],"picked":"Dual Wield+1","floor":47},{"not_picked":["Searing Blow+1","Clash+1","Metallicize"],"picked":"Whirlwind+1","floor":48}],"player_experience":9399,"relics_obtained":[{"floor":2.0,"key":"CeramicFish"},{"floor":7,"key":"Bottled Flame"},{"floor":9,"key":"Golden Egg"},{"floor":15,"key":"infinitespire:WardingShard"},{"floor":23,"key":"Shovel"},{"floor":26,"key":"infinitespire:BottledMercury"},{"floor":27,"key":"Toy Ornithopter"},{"floor":30,"key":"Question Card"},{"floor":32,"key":"War Paint"},{"floor":40,"key":"Molten Egg 2"},{"floor":42,"key":"Whetstone"},{"floor":43,"key":"infinitespire:FocusingShard"},{"floor":44,"key":"infinitespire:Lychee Nut"},{"floor":48,"key":"PreservedInsect"},{"floor":49,"key":"Replay:Accelerometer"}],"event_choices":[{"damage_healed":0,"gold_gain":0,"player_choice":"2 cards matched","damage_taken":0,"max_hp_gain":0,"max_hp_loss":0,"event_name":"Match and Keep!","floor":13,"gold_loss":0,"cards_obtained":["Bash","Impervious"]},{"damage_healed":0,"gold_gain":0,"player_choice":"Upgrade","damage_taken":0,"max_hp_gain":0,"max_hp_loss":0,"event_name":"Designer","floor":20,"gold_loss":40,"cards_upgraded":["Intimidate"]},{"damage_healed":0,"gold_gain":0,"player_choice":"Stole Relic","damage_taken":0,"relics_obtained":["MealTicket"],"max_hp_gain":0,"max_hp_loss":0,"event_name":"Addict","floor":24,"gold_loss":0,"cards_obtained":["Shame"]},{"damage_healed":0,"gold_gain":0,"player_choice":"Paid","damage_taken":0,"relics_obtained":["Red Mask"],"max_hp_gain":0,"max_hp_loss":0,"event_name":"Tomb of Lord Red Mask","floor":36,"gold_loss":232},{"cards_removed":["Strike_R"],"damage_healed":0,"gold_gain":0,"player_choice":"Took Card","damage_taken":0,"max_hp_gain":0,"max_hp_loss":0,"event_name":"NoteForYourself","floor":37,"gold_loss":0,"cards_obtained":["Iron Wave"]}],"is_beta":false,"boss_relics":[{"not_picked":["Ectoplasm","Honey Jar"],"picked":"Astrolabe"},{"not_picked":["Replay:Ancient Bell","Replay:Fungal Core"],"picked":"Empty Cage"}],"items_purged_floors":[],"is_endless":false,"potions_floor_spawned":[1,4,10,25,27,31,39,45,47],"killed_by":"Replay:Hell Engine","ascension_level":0}}