{"host":"4ih4fq53sefgqhvb","time":1614140456,"event":{"mods":["AchievementEnabler","Aspiration","Bard","BaseMod","BetterRewards","Colored Map","Colored Powertips","Conspire","Downfall","Googly Eyes","Hermit","Highlight Path","Hubris","Infinite Spire","Jedi Mod","Jorbs\u0027s Wanderer Trilogy","Marisa????????","Mimic Mod","Minty Spire (QoL Compilation)","Quick Restart","Relic Stats","Replay The Spire","Shop Mod","StSLib","The Animator","The Cursed","The Disciple","The Jungle","The Runesmith","The Servant 0.9.4"],"gold_per_floor":[99,113,113,129,149,49,89,89,103,130,30,45,45,76,94,198,198,98,115,127,4,27,42,112,99,99,116,116,116,116,30,52,149,149,149,170,191,193,193,207,207,237,249,249,273,124,146,162,184,184,184,219,105,105,109,119,119,119],"floor_reached":56,"language":"ENG","playtime":5471,"items_purged":["downfall:Bewildered"],"score":820,"play_id":"2c5b4f1d-14f5-4c35-a276-94320559f665","local_time":"20210223202056","is_ascension_mode":false,"campfire_choices":[{"floor":1.0,"key":"RECALL"},{"data":"Guardian:ConstructionForm","floor":6.0,"key":"SMITH"},{"floor":8.0,"key":"REST"},{"data":"Guardian:Orbwalk","floor":11.0,"key":"SMITH"},{"data":"Guardian:PolyBeam","floor":13.0,"key":"SMITH"},{"floor":18.0,"key":"DIG"},{"data":"Guardian:CompilePackage","floor":29.0,"key":"SMITH"},{"data":"Guardian:BaubleBeam","floor":35.0,"key":"SMITH"},{"floor":44.0,"key":"REST"},{"floor":54.0,"key":"REST"}],"circlet_count":0,"master_deck":["Guardian:Strike_Guardian","Guardian:Defend_Guardian","Guardian:Defend_Guardian+1","Guardian:Defend_Guardian","Guardian:Defend_Guardian+1","Guardian:CurlUp","Guardian:TwinSlam","Guardian:ConstructionForm+1","Guardian:PiercingHide","Guardian:TemporalStrike","Guardian:TemporalStrike","Guardian:VentSteam","Guardian:BronzeOrb","Guardian:ShieldCharger","Guardian:DonusPower","Guardian:Orbwalk+1","Guardian:PrismaticBeam","Guardian:PolyBeam+1","Guardian:RollAttack","Guardian:CrystalBeam","Guardian:CompilePackage+1","Guardian:HyperBeam_Guardian","Guardian:SentryBeam","Guardian:BaubleBeam+1","Guardian:DecasProtection","Guardian:StasisField","Guardian:TimeCapacitor+1","Guardian:StasisStrike","Guardian:Clone","Guardian:StasisStrike","Bandage Up","Guardian:Preprogram+1","Parasite","Guardian:Suspension+1","Guardian:Planning+1","Guardian:TimeCapacitor","Guardian:BronzeOrb"],"relics":["Guardian:ModeShifter","downfall:HeartBlessingRed","Replay:Baseball","downfall:HeartBlessingGreen","Singing Bowl","conspire:RoyalGoblet","downfall:HeartBlessingBlue","infinitespire:Midas Blood","Replay:Bottled Flurry","ReplayFunnel","sneckomod:BabySnecko","Replay:Bronze Core","infinitespire:BottledMercury","Potion Belt","conspire:DeflatedDodgeball","Guardian:BottledStasis","Simple Rune"],"acts_visited":["Exordium","TheCity","TheBeyond","TheEnding"],"potions_floor_usage":[],"damage_taken":[{"damage":2.0,"enemies":"2 Louse","floor":2.0,"turns":4.0},{"damage":0.0,"enemies":"Cultist","floor":4.0,"turns":5.0},{"damage":0.0,"enemies":"conspire:RoseBush","floor":5.0,"turns":5.0},{"damage":0.0,"enemies":"Lots of Slimes","floor":7.0,"turns":7.0},{"damage":1.0,"enemies":"Lots of Slimes","floor":9.0,"turns":4.0},{"damage":5.0,"enemies":"3 Sentries","floor":10.0,"turns":10.0},{"damage":0.0,"enemies":"Large Slime","floor":12.0,"turns":6.0},{"damage":0.0,"enemies":"Replay:BlueRogue","floor":14.0,"turns":6.0},{"damage":0.0,"enemies":"conspire:2 RoseBushes","floor":15.0,"turns":5.0},{"damage":10.0,"enemies":"IC_STATUS_ARCHETYPE","floor":16.0,"turns":5.0},{"damage":1.0,"enemies":"downfall:LooterAlt2","floor":19.0,"turns":5.0},{"damage":2.0,"enemies":"Spheric Guardian","floor":20.0,"turns":5.0},{"damage":0.0,"enemies":"downfall:FleeingMerchant","floor":21.0,"turns":5.0},{"damage":15.0,"enemies":"Snake Plant","floor":22.0,"turns":5.0},{"damage":0.0,"enemies":"Snecko","floor":23.0,"turns":5.0},{"damage":1.0,"enemies":"downfall:FleeingMerchant","floor":25.0,"turns":4.0},{"damage":0.0,"enemies":"Centurion and Healer","floor":27.0,"turns":3.0},{"damage":6.0,"enemies":"downfall:FleeingMerchant","floor":31.0,"turns":4.0},{"damage":5.0,"enemies":"Cultist and Chosen","floor":32.0,"turns":5.0},{"damage":4.0,"enemies":"WA_ARCHETYPE_CALM","floor":33.0,"turns":8.0},{"damage":5.0,"enemies":"Orb Walker","floor":36.0,"turns":3.0},{"damage":3.0,"enemies":"3 Shapes","floor":37.0,"turns":3.0},{"damage":11.0,"enemies":"infinitespire:Three Voidlings","floor":38.0,"turns":2.0},{"damage":2.0,"enemies":"Jaw Worm Horde","floor":40.0,"turns":3.0},{"damage":22.0,"enemies":"Reptomancer","floor":42.0,"turns":7.0},{"damage":5.0,"enemies":"3 Darklings","floor":43.0,"turns":3.0},{"damage":7.0,"enemies":"Transient","floor":45.0,"turns":5.0},{"damage":12.0,"enemies":"downfall:FleeingMerchant","floor":46.0,"turns":4.0},{"damage":2.0,"enemies":"Jaw Worm Horde","floor":47.0,"turns":5.0},{"damage":8.0,"enemies":"3 Darklings","floor":48.0,"turns":4.0},{"damage":37.0,"enemies":"Writhing Mass","floor":49.0,"turns":6.0},{"damage":0.0,"enemies":"SI_POISON_ARCHETYPE","floor":50.0,"turns":12.0},{"damage":31.0,"enemies":"downfall:CharBossMerchant","floor":52.0,"turns":10.0},{"damage":23.0,"enemies":"downfall:NeowBoss","floor":55.0,"turns":15.0},{"damage":90,"enemies":"downfall:NeowBossFinal","floor":56,"turns":6}],"seed_played":"2253106450800899002","potions_obtained":[{"floor":4.0,"key":"SpeedPotion"},{"floor":5.0,"key":"Dexterity Potion"},{"floor":12.0,"key":"sneckomod:MuddlingPotion"},{"floor":16.0,"key":"BlessingOfTheForge"},{"floor":19.0,"key":"Flashbang"},{"floor":23.0,"key":"Adrenaline Potion"},{"floor":27.0,"key":"hexamod:SoulburnPotion"},{"floor":32.0,"key":"DistilledChaos"},{"floor":33.0,"key":"jedi:StrikingPotion"},{"floor":37.0,"key":"champ:CounterPotion"},{"floor":42.0,"key":"Death Potion"},{"floor":48.0,"key":"ColorlessPotion"}],"is_trial":false,"path_per_floor":["R","M","?","M","M","R","MIM","R","M","E","R","M","R","E","M","B",null,"R_BF","M","M","$","M","M","T","$","?","M","T","R","?","$","M","B",null,"R","M","M","?","?","M","T","E","M","R","M","$","M","M","M","B",null,"E","$","R","B","B"],"character_chosen":"GUARDIAN","items_purchased":["Guardian:SentryBeam","Guardian:Gem_White","conspire:DeflatedDodgeball","Guardian:BottledStasis","Bandage Up","Guardian:TimeCapacitor","Guardian:BronzeOrb"],"campfire_rested":3,"item_purchase_floors":[21,21,46,46,46,53,53],"current_hp_per_floor":[56,54,54,54,54,54,54,78,77,72,72,72,72,72,72,62,80,90,89,87,87,72,72,72,71,71,71,71,71,71,67,64,60,94,94,89,88,77,77,77,77,55,50,79,72,62,64,56,23,27,100,69,69,99,80,0,0,0],"gold":119,"neow_bonus":"THREE_RARE_CARDS","is_daily":false,"chose_seed":false,"campfire_upgraded":5,"win_rate":0.0,"timestamp":1614140456,"path_taken":["R","M","?","?","M","R","MIM","R","M","E","R","M","R","E","M","BOSS","R_BF","M","M","$","M","M","T","?","?","M","?","R","?","$","M","BOSS","R","M","M","?","?","?","T","E","M","R","?","?","?","M","M","BOSS","E","$","R","BOSS","BOSS"],"items_purchased_type":["Card","Card","Relic","Relic","Card","Card","Card"],"build_version":"2020-12-22","purchased_purges":1,"victory":false,"max_hp_per_floor":[80,80,80,80,80,80,80,80,80,80,80,80,80,80,80,80,80,90,90,90,90,90,90,90,90,90,90,90,90,90,92,94,94,94,94,94,96,96,96,98,98,98,98,98,98,100,100,100,100,100,100,100,100,100,100,100,100,100],"relic_stats":{"Singing Bowl":10,"counters":[35,194],"obtain_stats":[{"ReplayFunnel":28,"Potion Belt":42,"infinitespire:BottledMercury":41,"Guardian:BottledStasis":46,"downfall:HeartBlessingRed":6,"Singing Bowl":14,"conspire:RoyalGoblet":17,"Guardian:ModeShifter":0,"downfall:HeartBlessingGreen":11,"sneckomod:BabySnecko":30,"Replay:Baseball":10,"downfall:HeartBlessingBlue":18,"Replay:Bronze Core":34,"Simple Rune":52,"Replay:Bottled Flurry":24,"conspire:DeflatedDodgeball":46,"infinitespire:Midas Blood":18},{"ReplayFunnel":17,"Potion Belt":25,"infinitespire:BottledMercury":24,"Guardian:BottledStasis":28,"downfall:HeartBlessingRed":3,"Singing Bowl":8,"conspire:RoyalGoblet":10,"Guardian:ModeShifter":0,"downfall:HeartBlessingGreen":6,"sneckomod:BabySnecko":17,"Replay:Baseball":6,"downfall:HeartBlessingBlue":10,"Replay:Bronze Core":20,"Simple Rune":33,"Replay:Bottled Flurry":15,"conspire:DeflatedDodgeball":28,"infinitespire:Midas Blood":10},{"ReplayFunnel":89,"Potion Belt":124,"infinitespire:BottledMercury":117,"Guardian:BottledStasis":136,"downfall:HeartBlessingRed":14,"Singing Bowl":47,"conspire:RoyalGoblet":57,"Guardian:ModeShifter":0,"downfall:HeartBlessingGreen":35,"sneckomod:BabySnecko":89,"Replay:Baseball":35,"downfall:HeartBlessingBlue":57,"Replay:Bronze Core":106,"Simple Rune":173,"Replay:Bottled Flurry":82,"conspire:DeflatedDodgeball":136,"infinitespire:Midas Blood":57}]},"card_choices":[{"not_picked":["Guardian:Gem_Synthetic","Guardian:GemFire"],"picked":"Guardian:ConstructionForm","floor":0.0},{"not_picked":["Guardian:PolyBeam","Guardian:Gem_Lightblue"],"picked":"Guardian:PiercingHide","floor":2.0},{"not_picked":["Guardian:VentSteam","Guardian:DonusPower"],"picked":"Guardian:BronzeOrb","floor":4.0},{"not_picked":["Guardian:TimeCapacitor","Guardian:Gem_Cyan"],"picked":"Guardian:ShieldCharger","floor":5.0},{"not_picked":["Guardian:Gem_Lightblue","Guardian:Gem_Red"],"picked":"Guardian:DonusPower","floor":7.0},{"not_picked":["Guardian:Incinerate","Guardian:Gem_Red"],"picked":"Guardian:Orbwalk","floor":9.0},{"not_picked":["Guardian:Gem_Cyan","Guardian:PiercingHide"],"picked":"Guardian:PrismaticBeam","floor":10.0},{"not_picked":["Guardian:Gem_Yellow","Guardian:PiercingHide"],"picked":"Guardian:PolyBeam","floor":12.0},{"not_picked":["Guardian:FastForward","Guardian:Incinerate"],"picked":"Guardian:RollAttack","floor":14.0},{"not_picked":["Guardian:ShieldCharger","Guardian:TemporalShield"],"picked":"Guardian:CrystalBeam","floor":15.0},{"not_picked":["Guardian:FastForward","Guardian:SphericShield"],"picked":"Guardian:CompilePackage","floor":16.0},{"not_picked":["Guardian:ShieldCharger","Guardian:FuturePlans+1"],"picked":"Guardian:Gem_Fragmented","floor":19.0},{"not_picked":["Guardian:Suspension+1","Guardian:TemporalStrike"],"picked":"Guardian:Gem_Green","floor":20.0},{"not_picked":["Guardian:Gem_Purple","Guardian:Gem_Lightblue"],"picked":"Guardian:HyperBeam_Guardian","floor":21.0},{"not_picked":["Guardian:PrimingBeam","Guardian:CrystalBeam"],"picked":"Guardian:Gem_Cyan","floor":22.0},{"not_picked":["Guardian:WalkerClaw","Guardian:PrimingBeam"],"picked":"Guardian:Gem_Lightblue","floor":23.0},{"not_picked":["Guardian:TemporalShield","Guardian:RollAttack"],"picked":"Guardian:BaubleBeam","floor":25.0},{"not_picked":["Guardian:Gem_Red","Guardian:VentSteam+1"],"picked":"Guardian:DecasProtection","floor":27.0},{"not_picked":["Guardian:Gem_Lightblue","Guardian:Gem_Green","Guardian:PiercingHide+1"],"picked":"Singing Bowl","floor":31.0},{"not_picked":["Guardian:Gem_Green","Guardian:PolyBeam","Guardian:Orbwalk"],"picked":"Singing Bowl","floor":32.0},{"not_picked":["Guardian:SphericShield","Guardian:Gem_Synthetic"],"picked":"Guardian:StasisField","floor":33.0},{"not_picked":["Guardian:CrystalBeam","Guardian:RefractedBeam"],"picked":"Guardian:TimeCapacitor+1","floor":36.0},{"not_picked":["Guardian:ChargeCore+1","Guardian:Gem_Cyan","Guardian:SpikerProtocol+1"],"picked":"Singing Bowl","floor":37.0},{"not_picked":["Guardian:PiercingHide+1","Guardian:Gem_Cyan","Guardian:Incinerate"],"picked":"Singing Bowl","floor":40.0},{"not_picked":["Guardian:ChargeUp+1","Guardian:TimeBomb"],"picked":"Guardian:Clone","floor":42.0},{"not_picked":["Guardian:VentSteam","Guardian:RollAttack+1"],"picked":"Guardian:StasisStrike","floor":43.0},{"not_picked":["Guardian:DecasProtection","Guardian:Emergency+1"],"picked":"Guardian:Gem_Red","floor":45.0},{"not_picked":["Guardian:Suspension","Guardian:BronzeArmor","Guardian:TemporalShield+1"],"picked":"Singing Bowl","floor":46.0},{"not_picked":["Guardian:SentryBeam","Guardian:Gem_Lightblue"],"picked":"Guardian:Gem_Yellow","floor":47.0},{"not_picked":["Guardian:SentryBeam+1","Guardian:PrimingBeam"],"picked":"Guardian:Preprogram+1","floor":48.0},{"not_picked":["Guardian:Gem_Cyan","Guardian:CrystalBeam"],"picked":"Guardian:Suspension+1","floor":49.0},{"not_picked":["Guardian:Gem_Red","Guardian:ChargeUp"],"picked":"Guardian:Planning+1","floor":52.0}],"player_experience":1014288,"relics_obtained":[{"floor":10.0,"key":"Replay:Baseball"},{"floor":14.0,"key":"Singing Bowl"},{"floor":18.0,"key":"infinitespire:Midas Blood"},{"floor":24.0,"key":"Replay:Bottled Flurry"},{"floor":28.0,"key":"ReplayFunnel"},{"floor":41.0,"key":"infinitespire:BottledMercury"},{"floor":42.0,"key":"Potion Belt"},{"floor":52.0,"key":"Simple Rune"}],"event_choices":[],"is_beta":false,"boss_relics":[{"not_picked":["jedi:battlestandard","infinitespire:Cupcake"],"picked":"conspire:RoyalGoblet"},{"not_picked":["bronze:MakeshiftBattery","Guardian:ModeShifterPlus"],"picked":"Replay:Bronze Core"}],"items_purged_floors":[31],"is_endless":false,"potions_floor_spawned":[4,5,12,16,19,23,27,32,33,37,38,42,48],"killed_by":"downfall:NeowBossFinal","ascension_level":0}}