{"host":"18ybagvpjbhxblmx","time":1614188280,"event":{"mods":["BaseMod","BetterRewards","Colored Map","Conspire","Friendly Minions","Hubris","Infinite Spire","Marisa????????","Minty Spire (QoL Compilation)","Quick Restart","Replay The Spire","StSLib","The Cursed","The Runesmith","The Servant 0.9.4"],"gold_per_floor":[110,110,125,173,186,186,36,36,60,93,112,128,128,148,148,253,253,269,269,269,269,94,94,94,113,113,113,113,43,43,70,70,168,268,282,301,301,313,327,353,353,378,378,378,378,395,426,442,442,442],"floor_reached":51,"language":"ENG","playtime":5202,"items_purged":["TheCursedMod:Dregs","TheCursedMod:Defend_TheCursed","TheCursedMod:Strike_TheCursed","TheCursedMod:Defend_TheCursed","TheCursedMod:Strike_TheCursed","TheCursedMod:Defend_TheCursed","TheCursedMod:Strike_TheCursed"],"score":928,"play_id":"363b3060-af5e-4419-9458-f035a23dda7b","local_time":"20210224183800","is_ascension_mode":false,"campfire_choices":[{"data":"TheCursedMod:HellfireBreathing","floor":6.0,"key":"SMITH"},{"data":"TheCursedMod:SpitefulPray","floor":13.0,"key":"SMITH"},{"data":"TheCursedMod:CircleOfWindfury","floor":15.0,"key":"SMITH"},{"data":"TheCursedMod:CleanUpWorkshop","floor":23.0,"key":"SMITH"},{"data":"TheCursedMod:OutForBlood","floor":28.0,"key":"SMITH"},{"data":"TheCursedMod:HellfireBreathing","floor":32.0,"key":"SMITH"},{"data":"TheCursedMod:SpitefulPlan","floor":41,"key":"SMITH"},{"data":"TheCursedMod:UltimatePain","floor":45,"key":"SMITH"},{"data":"TheCursedMod:StunningStrike","floor":49,"key":"SMITH"}],"circlet_count":0,"master_deck":["TheCursedMod:Defend_TheCursed","TheCursedMod:CursedWand","TheCursedMod:CleanUpWorkshop+1","TheCursedMod:Evocation","ReplayTheSpireMod:Splinters","TheCursedMod:StunningStrike+1","TheCursedMod:HellfireBreathing+1","TheCursedMod:OutForBlood+1","TheCursedMod:SpitefulPray+1","TheCursedMod:CircleOfWindfury+1","TheCursedMod:UltimatePain+1","TheCursedMod:HellfireBreathing+1","infinitespire:Gouge+1","TheCursedMod:CircleOfWindfury+1","TheCursedMod:SpitefulPlan+1","TheCursedMod:ForbiddenAlchemy","TheCursedMod:RavingStaff+1"],"relics":["TheCursedMod:BlackMagic101","infinitespire:ShieldingShard","Medical Kit","Iron Hammer","infinitespire:Lucky Rock","Orichalcum","hubris:PeanutButter","conspire:SpecialSausage","SlaversCollar","DollysMirror","hubris:Zylophone","Gremlin Horn","Pear","Replay:Wanted Poster","hubris:Backtick","Sundial","Eternal Feather","Art of War","Frozen Egg 2","Replay:Kaleidoscope"],"acts_visited":["Exordium","TheCity","TheBeyond"],"potions_floor_usage":[36,36,36,36,36,50,50,50,50],"damage_taken":[{"damage":0.0,"enemies":"Jaw Worm","floor":1.0,"turns":5.0},{"damage":0.0,"enemies":"2 Louse","floor":3.0,"turns":3.0},{"damage":0.0,"enemies":"Cultist","floor":5.0,"turns":3.0},{"damage":14.0,"enemies":"Gremlin Nob","floor":10.0,"turns":5.0},{"damage":0.0,"enemies":"3 Louse","floor":11.0,"turns":3.0},{"damage":0.0,"enemies":"Gremlin Gang","floor":12.0,"turns":5.0},{"damage":0.0,"enemies":"Exordium Wildlife","floor":14.0,"turns":4.0},{"damage":0.0,"enemies":"The Guardian","floor":16.0,"turns":8.0},{"damage":3.0,"enemies":"Shell Parasite","floor":18.0,"turns":8.0},{"damage":0.0,"enemies":"Spheric Guardian","floor":25.0,"turns":1.0},{"damage":0.0,"enemies":"Slavers","floor":31.0,"turns":1.0},{"damage":0.0,"enemies":"Collector","floor":33.0,"turns":2.0},{"damage":0,"enemies":"Orb Walker","floor":35,"turns":3},{"damage":0,"enemies":"3 Shapes","floor":36,"turns":3},{"damage":9,"enemies":"Jaw Worm Horde","floor":38,"turns":3},{"damage":0,"enemies":"4 Shapes","floor":39,"turns":3},{"damage":0,"enemies":"Giant Head","floor":40,"turns":2},{"damage":0,"enemies":"Nemesis","floor":42,"turns":1},{"damage":0,"enemies":"Maw","floor":46,"turns":2},{"damage":0,"enemies":"Nightmare","floor":47,"turns":3},{"damage":0,"enemies":"Spire Growth","floor":48,"turns":2},{"damage":56,"enemies":"hubris:GrandSnecko","floor":50,"turns":9}],"seed_played":"-8931175689029720842","potions_obtained":[{"floor":10.0,"key":"Swift Potion"},{"floor":14.0,"key":"Weak Potion"},{"floor":16.0,"key":"SpeedPotion"},{"floor":18.0,"key":"ColorlessPotion"},{"floor":40,"key":"Dexterity Potion"}],"is_trial":false,"path_per_floor":["M","$","M","?","M","R","$","?","T","E","M","M","R","M","R","B",null,"M","?","?","?","$","R","AVR","M","T","T","R","$","$","E","R","B",null,"M","M","AVR","M","M","E","R","E","T","?","R","M","NM","M","R","B",null],"character_chosen":"THE_CURSED","items_purchased":["infinitespire:ShieldingShard","Medical Kit","TheCursedMod:SpitefulPlan"],"campfire_rested":0,"item_purchase_floors":[0,0,29],"current_hp_per_floor":[40,40,40,40,40,40,40,40,40,26,26,26,26,26,26,26,75,72,54,54,54,54,54,54,54,54,54,54,54,54,64,64,64,85,85,85,85,76,76,76,85,85,85,85,85,85,85,85,85,29],"gold":442,"neow_bonus":"","is_daily":false,"chose_seed":false,"campfire_upgraded":9,"win_rate":0.0,"timestamp":1614188280,"path_taken":["M","$","M","?","?","R","$","?","T","E","M","?","R","M","R","BOSS","M","?","?","?","$","R","AVR","?","T","?","R","?","$","E","R","BOSS","M","M","AVR","M","M","E","R","E","T","?","R","M","NM","M","R","BOSS"],"items_purchased_type":["Relic","Relic","Card"],"build_version":"2020-12-22","purchased_purges":7,"victory":true,"max_hp_per_floor":[75,75,75,75,75,75,75,75,75,75,75,75,75,75,75,75,75,75,75,75,75,75,75,75,75,75,75,75,75,75,85,85,85,85,85,85,85,85,85,85,85,85,85,85,85,85,85,85,85,85],"card_choices":[{"not_picked":["TheCursedMod:VitalStrike","TheCursedMod:TacticalStrike","TheCursedMod:Stigma"],"picked":"SKIP","floor":1.0},{"not_picked":["TheCursedMod:CursedMace","TheCursedMod:CursedSpellbook"],"picked":"TheCursedMod:Evocation","floor":3.0},{"not_picked":["TheCursedMod:VitalStrike","TheCursedMod:DoubleShield"],"picked":"TheCursedMod:StunningStrike","floor":4.0},{"not_picked":["TheCursedMod:CursedAmulet","TheCursedMod:CursedBlade"],"picked":"TheCursedMod:HellfireBreathing","floor":5.0},{"not_picked":["TheCursedMod:TacticalStrike","TheCursedMod:SmokeScreen"],"picked":"TheCursedMod:OutForBlood","floor":10.0},{"not_picked":["TheCursedMod:FleshFromBone","TheCursedMod:WearCloak","TheCursedMod:CircleOfFlame"],"picked":"SKIP","floor":11.0},{"not_picked":["TheCursedMod:SmokeScreen","TheCursedMod:CursedMace"],"picked":"TheCursedMod:SpitefulPray","floor":12.0},{"not_picked":["TheCursedMod:SpreadPlague","TheCursedMod:Obscuration"],"picked":"TheCursedMod:CircleOfWindfury","floor":14.0},{"not_picked":["TheCursedMod:ShockAndAwe","TheCursedMod:ManaCirculation"],"picked":"TheCursedMod:UltimatePain","floor":16.0},{"not_picked":["TheCursedMod:Wield","TheCursedMod:Grudge+1"],"picked":"TheCursedMod:HellfireBreathing","floor":18.0},{"not_picked":["infinitespire:Execution","hubris:Fate"],"picked":"infinitespire:Gouge","floor":19.0},{"not_picked":["TheCursedMod:CircleOfBlood","TheCursedMod:SpitefulStrike","TheCursedMod:Torture"],"picked":"SKIP","floor":25.0},{"not_picked":["TheCursedMod:TacticalStrike","TheCursedMod:CursedSpellbook+1","TheCursedMod:Stigma"],"picked":"SKIP","floor":31.0},{"not_picked":["TheCursedMod:ShockAndAwe","TheCursedMod:DemonicPact"],"picked":"TheCursedMod:ForbiddenAlchemy","floor":33.0},{"not_picked":["TheCursedMod:CursedMace+1","TheCursedMod:CursedArmor+1","TheCursedMod:Stretching+1"],"picked":"SKIP","floor":35},{"not_picked":["TheCursedMod:Torture","TheCursedMod:Obscuration","TheCursedMod:LuckyCharm+1"],"picked":"SKIP","floor":36},{"not_picked":["TheCursedMod:SoulReap","TheCursedMod:VoidForm"],"picked":"TheCursedMod:RavingStaff+1","floor":38},{"not_picked":["TheCursedMod:RavingStaff","TheCursedMod:AbyssShockwave","TheCursedMod:SmokeScreen"],"picked":"SKIP","floor":39},{"not_picked":["TheCursedMod:VitalStrike","TheCursedMod:StingEye","TheCursedMod:CircleOfBlood+1"],"picked":"SKIP","floor":40},{"not_picked":["TheCursedMod:FuryStrike+1","TheCursedMod:AshesToAshes","TheCursedMod:SoulReap+1"],"picked":"SKIP","floor":42},{"not_picked":["TheCursedMod:RapidMovement","TheCursedMod:SpitefulStrike+1","TheCursedMod:Grudge+1"],"picked":"SKIP","floor":46},{"not_picked":["TheCursedMod:TroublousMinions","TheCursedMod:FleshFromBone+1","TheCursedMod:TacticalStrike+1"],"picked":"SKIP","floor":47},{"not_picked":["TheCursedMod:ReleasedKnowledge+1","TheCursedMod:VitalStrike","TheCursedMod:FleshFromBone+1"],"picked":"SKIP","floor":48}],"player_experience":285735,"relics_obtained":[{"floor":4.0,"key":"Iron Hammer"},{"floor":8.0,"key":"infinitespire:Lucky Rock"},{"floor":9.0,"key":"Orichalcum"},{"floor":10.0,"key":"hubris:PeanutButter"},{"floor":26.0,"key":"hubris:Zylophone"},{"floor":27.0,"key":"Gremlin Horn"},{"floor":31.0,"key":"Pear"},{"floor":40,"key":"Eternal Feather"},{"floor":42,"key":"Art of War"},{"floor":43,"key":"Frozen Egg 2"},{"floor":47,"key":"Replay:Kaleidoscope"}],"event_choices":[{"damage_healed":0.0,"max_hp_gain":0.0,"max_hp_loss":0.0,"gold_gain":0.0,"event_name":"Wheel of Change","player_choice":"Relic","floor":8.0,"gold_loss":0.0,"damage_taken":0.0},{"cards_removed":["TheCursedMod:Strike_TheCursed"],"damage_healed":0.0,"max_hp_gain":0.0,"max_hp_loss":0.0,"gold_gain":0.0,"event_name":"Back to Basics","player_choice":"Elegance","floor":20.0,"gold_loss":0.0,"damage_taken":0.0},{"damage_healed":0.0,"max_hp_gain":0.0,"max_hp_loss":0.0,"gold_gain":0.0,"event_name":"Vampires","player_choice":"Ignored","floor":21.0,"gold_loss":0.0,"damage_taken":0.0},{"damage_healed":0,"gold_gain":0,"player_choice":"Forge","damage_taken":0,"max_hp_gain":0,"max_hp_loss":0,"event_name":"Accursed Blacksmith","floor":44,"gold_loss":0,"cards_upgraded":["infinitespire:Gouge"]}],"is_beta":false,"boss_relics":[{"not_picked":["Painkiller Herb","ChewingGum"],"picked":"conspire:SpecialSausage"},{"not_picked":["Replay:Drink Me","Calling Bell"],"picked":"Replay:Wanted Poster"}],"items_purged_floors":[0,0,0,7,22,24,37],"is_endless":false,"potions_floor_spawned":[10,14,16,18,38,40,42,47,48],"ascension_level":0}}