{"host":"3n5xmnb54n2y5mb4","time":1614143910,"event":{"mods":["BaseMod","Colored Map","Colored Powertips","Minty Spire (QoL Compilation)","Permanent Neow","StSLib","Unceasing Turn Reminder","everything is the same but u backflip on backflip"],"gold_per_floor":[115,140,140,155,30,30,64,84,84,104,132,132,162,173,173,245,245,245,245,245,221,221,221,221,221,221,23,23,23,23,23,23,23,23,23,23,23,23,23,23,23],"floor_reached":40,"language":"ENG","playtime":1568,"items_purged":[],"score":741,"play_id":"c571ca91-5c70-4410-a003-38612ebafb62","local_time":"20210224001830","is_ascension_mode":true,"campfire_choices":[{"data":"Zap","floor":6,"key":"SMITH"},{"floor":12,"key":"REST"},{"floor":15,"key":"REST"},{"floor":24,"key":"REST"},{"floor":32,"key":"REST"}],"circlet_count":0,"master_deck":["AscendersBane","Strike_B+1","Strike_B+1","Strike_B+1","Strike_B+1","Defend_B+1","Defend_B+1","Defend_B+1","Defend_B+1","Zap+1","Dualcast","Finesse","Ball Lightning","FTL","Gash","BootSequence","Reinforced Body","Coolheaded","Coolheaded","Rebound","All For One","Multi-Cast","White Noise","Streamline","FTL","Fission","Tempest+1","Gash","Undo","Aggregate","RitualDagger","All For One","Steam+1","Madness","Violence"],"relics":["Cracked Core","Tiny Chest","Kunai","Bottled Flame","Happy Flower","Ectoplasm","DataDisk","Toy Ornithopter","Bronze Scales","Lee\u0027s Waffle","Thread and Needle","Busted Crown","TungstenRod","Mummified Hand"],"acts_visited":["Exordium","TheCity","TheBeyond"],"potions_floor_usage":[11,16,18,40],"damage_taken":[{"damage":0,"enemies":"Cultist","floor":1,"turns":4},{"damage":10,"enemies":"Small Slimes","floor":4,"turns":2},{"damage":26,"enemies":"Gremlin Nob","floor":7,"turns":4},{"damage":0,"enemies":"2 Louse","floor":8,"turns":2},{"damage":4,"enemies":"Looter","floor":10,"turns":3},{"damage":22,"enemies":"3 Sentries","floor":11,"turns":5},{"damage":0,"enemies":"2 Fungi Beasts","floor":14,"turns":3},{"damage":11,"enemies":"The Guardian","floor":16,"turns":11},{"damage":9,"enemies":"3 Byrds","floor":18,"turns":4},{"damage":0,"enemies":"Spheric Guardian","floor":22,"turns":3},{"damage":41,"enemies":"Slavers","floor":23,"turns":6},{"damage":8,"enemies":"3 Cultists","floor":25,"turns":4},{"damage":11,"enemies":"Centurion and Healer","floor":28,"turns":5},{"damage":7,"enemies":"Gremlin Leader","floor":29,"turns":7},{"damage":24,"enemies":"Cultist and Chosen","floor":30,"turns":5},{"damage":40,"enemies":"Champ","floor":33,"turns":13},{"damage":0,"enemies":"Orb Walker","floor":35,"turns":3},{"damage":53,"enemies":"2 Orb Walkers","floor":37,"turns":5},{"damage":0,"enemies":"3 Darklings","floor":39,"turns":4},{"damage":19,"enemies":"Reptomancer","floor":40,"turns":4}],"seed_played":"7756137629042859020","potions_obtained":[{"floor":1,"key":"PowerPotion"},{"floor":10,"key":"Dexterity Potion"},{"floor":16,"key":"GamblersBrew"},{"floor":23,"key":"FearPotion"},{"floor":33,"key":"Block Potion"}],"is_trial":false,"path_per_floor":["M","T","?","M","$","R","E","M","T","M","E","R","?","M","R","B",null,"M","?","T","$","M","E","R","M","T","$","M","E","M","?","R","B",null,"M","?","?","T","M","E"],"character_chosen":"DEFECT","items_purchased":["Gash","BootSequence","Streamline","Lee\u0027s Waffle","Gash"],"campfire_rested":4,"item_purchase_floors":[5,5,21,27,27],"current_hp_per_floor":[68,68,68,58,58,58,32,32,32,28,6,28,28,28,50,39,66,57,57,57,57,57,16,38,30,30,82,71,64,40,34,58,18,66,66,61,8,8,8,0,0],"gold":23,"neow_bonus":"RANDOM_COLORLESS","is_daily":false,"chose_seed":false,"campfire_upgraded":1,"win_rate":0.0,"timestamp":1614143910,"path_taken":["M","?","?","M","$","R","E","M","T","M","E","R","?","M","R","BOSS","M","?","?","$","M","E","R","M","T","$","M","E","M","?","R","BOSS","M","?","?","?","?","E"],"items_purchased_type":["Card","Card","Card","Relic","Card"],"build_version":"2020-12-22","purchased_purges":0,"victory":false,"max_hp_per_floor":[75,75,75,75,75,75,75,75,75,75,75,75,75,75,75,75,75,75,75,75,75,75,75,75,75,75,82,82,82,82,82,82,82,82,82,82,82,82,82,82,82],"card_choices":[{"not_picked":["Deep Breath","Trip"],"picked":"Finesse","floor":0},{"not_picked":["Conserve Battery","Leap"],"picked":"Ball Lightning","floor":1},{"not_picked":["Hello World","Barrage"],"picked":"FTL","floor":4},{"not_picked":["Glacier","White Noise"],"picked":"Reinforced Body","floor":7},{"not_picked":["Storm","Fusion"],"picked":"Coolheaded","floor":8},{"not_picked":["Go for the Eyes","Turbo"],"picked":"Coolheaded","floor":10},{"not_picked":["Redo","Capacitor"],"picked":"Rebound","floor":11},{"not_picked":["Steam","Stack"],"picked":"All For One","floor":14},{"not_picked":["Hyperbeam","Core Surge"],"picked":"Multi-Cast","floor":16},{"not_picked":["Reinforced Body","Genetic Algorithm"],"picked":"White Noise","floor":18},{"not_picked":["Sweeping Beam","Hello World"],"picked":"FTL","floor":22},{"not_picked":["Rebound","Redo"],"picked":"Fission","floor":23},{"not_picked":["Hologram","Steam"],"picked":"Tempest+1","floor":25},{"not_picked":["Rebound","White Noise","Redo"],"picked":"SKIP","floor":28},{"not_picked":["Coolheaded","Stack"],"picked":"Undo","floor":29},{"not_picked":["Rip and Tear","Coolheaded"],"picked":"Aggregate","floor":30},{"not_picked":["Reboot","Creative AI"],"picked":"All For One","floor":33},{"not_picked":[],"picked":"Steam+1","floor":35},{"not_picked":[],"picked":"Madness","floor":36},{"not_picked":[],"picked":"Violence","floor":36},{"not_picked":["Conserve Battery"],"picked":"SKIP","floor":39}],"player_experience":1019772,"relics_obtained":[{"floor":2,"key":"Tiny Chest"},{"floor":7,"key":"Kunai"},{"floor":9,"key":"Bottled Flame"},{"floor":11,"key":"Happy Flower"},{"floor":20,"key":"DataDisk"},{"floor":23,"key":"Toy Ornithopter"},{"floor":26,"key":"Bronze Scales"},{"floor":29,"key":"Thread and Needle"},{"floor":37,"key":"TungstenRod"},{"floor":38,"key":"Mummified Hand"}],"event_choices":[{"damage_healed":0,"gold_gain":0,"player_choice":"Leave","damage_taken":0,"max_hp_gain":0,"max_hp_loss":0,"event_name":"The Cleric","floor":3,"gold_loss":0},{"damage_healed":0,"gold_gain":30,"player_choice":"Searched \u00271\u0027 times","damage_taken":0,"max_hp_gain":0,"max_hp_loss":0,"event_name":"Dead Adventurer","floor":13,"gold_loss":0},{"damage_healed":0,"gold_gain":0,"player_choice":"Simplicity","damage_taken":0,"max_hp_gain":0,"max_hp_loss":0,"event_name":"Back to Basics","floor":19,"gold_loss":0,"cards_upgraded":["Strike_B","Strike_B","Strike_B","Strike_B","Defend_B","Defend_B","Defend_B","Defend_B"]},{"damage_healed":0,"gold_gain":0,"player_choice":"Joined the Cult","damage_taken":6,"max_hp_gain":0,"max_hp_loss":0,"event_name":"Nest","floor":31,"gold_loss":0,"cards_obtained":["RitualDagger"]},{"damage_healed":0,"gold_gain":0,"player_choice":"Memory 2","damage_taken":5,"max_hp_gain":0,"max_hp_loss":0,"event_name":"SensoryStone","floor":36,"gold_loss":0},{"damage_healed":0,"gold_gain":0,"player_choice":"Fight","damage_taken":0,"max_hp_gain":0,"max_hp_loss":0,"event_name":"Mysterious Sphere","floor":37,"gold_loss":0}],"is_beta":false,"boss_relics":[{"not_picked":["Snecko Eye","SacredBark"],"picked":"Ectoplasm"},{"not_picked":["Calling Bell","Nuclear Battery"],"picked":"Busted Crown"}],"items_purged_floors":[],"is_endless":false,"potions_floor_spawned":[1,10,16,23,33,35],"killed_by":"Reptomancer","ascension_level":13}}