{"host":"9sqwgc7o3s0c6ttp","time":1614168303,"event":{"mods":["AchievementEnabler","Act Like it!","Arknights","Aspiration","BaseMod","CapriCore","Colored Map","Colored Powertips","Dota2Spire","Friendly Minions","Gensokyo","HololiveMod","Infinite Spire","Minty Spire (QoL Compilation)","Pale of the Ancients","Replay The Spire","StSLib","Waifu the Spire","WarShipGirlsR/??á´Ò³R mod"],"gold_per_floor":[109,109,124,142,160,191,83,103,103,103,114,146,159,186,186,282,282,298,88,102,116,134,134,168,168,193,213,246,246,257,272,272,272,272],"floor_reached":33,"language":"KOR","playtime":1162,"items_purged":["ats:Defend"],"score":383,"play_id":"5026f357-e9bc-4ad4-b79e-b2b33723de5b","local_time":"20210224210503","is_ascension_mode":true,"campfire_choices":[{"data":"ats:Literary Storm","floor":10,"key":"SMITH"},{"floor":15,"key":"REST"},{"floor":23,"key":"REST"},{"data":"ats:Serious Mode","floor":25,"key":"SMITH"}],"circlet_count":0,"master_deck":["ats:Strike C","ats:Strike G","ats:Strike S","ats:Strike V","ats:Armor Crushing Shot+1","ats:Defend","ats:Defend","ats:Defend","ats:Emotion Absorption","ats:Calcification","ats:Powerful Strike","ats:Flexible Camouflage","ats:Demon Strength+1","ats:True Silver Slash+1","ats:Flexible Camouflage","ats:Flexible Camouflage","ats:Literary Storm+1","ats:Soul Absorption","ats:Sashimi Platter","ats:Support Order","ats:Shadow Assault","ats:Wolf Pack+1","ats:Apocalypse","ats:Apocalypse+1","ats:Cat Scratch+1","ats:Serious Mode+1","ats:Blood Oath"],"relics":["ats:Sanity","ats:Originium","aspiration:TomeofQuesting","Dota2Spire:MagicBottle","aspiration:HiddenCompartment","Dota2Spire:UrnOfShadows","Dota2Spire:RefresherOrb","Guide Book","Letter Opener","The Courier","ats:Rhine Circuitry","Ancient Tea Set"],"acts_visited":["Exordium","Gensokyo:Gensokyoer"],"potions_floor_usage":[6,12,12,12,28,28,33,33],"damage_taken":[{"damage":0,"enemies":"Small Slimes","floor":1,"turns":5},{"damage":0,"enemies":"Cultist","floor":3,"turns":3},{"damage":5,"enemies":"2 Louse","floor":4,"turns":2},{"damage":0,"enemies":"2 Fungi Beasts","floor":5,"turns":2},{"damage":21,"enemies":"Lagavulin","floor":6,"turns":4},{"damage":16,"enemies":"Gremlin Gang","floor":8,"turns":5},{"damage":24,"enemies":"Lots of Slimes","floor":11,"turns":3},{"damage":0,"enemies":"Gremlin Nob","floor":12,"turns":1},{"damage":11,"enemies":"Red Slaver","floor":13,"turns":2},{"damage":12,"enemies":"Replay:BlueRogue","floor":14,"turns":5},{"damage":19,"enemies":"Slime Boss","floor":16,"turns":8},{"damage":22,"enemies":"Gensokyo:AngelMirror","floor":18,"turns":3},{"damage":34,"enemies":"Gensokyo:3_Dogs","floor":20,"turns":4},{"damage":18,"enemies":"Gensokyo:Wraith","floor":21,"turns":4},{"damage":25,"enemies":"Gensokyo:Swordslinger","floor":22,"turns":4},{"damage":23,"enemies":"Gensokyo:Reisen","floor":24,"turns":5},{"damage":31,"enemies":"Gensokyo:Mirror_and_Dog","floor":27,"turns":4},{"damage":35,"enemies":"Gensokyo:Tenshi","floor":28,"turns":4},{"damage":56,"enemies":"Gensokyo:Chomper_and_Gloop","floor":30,"turns":5},{"damage":9,"enemies":"Gensokyo:3_Gloops","floor":31,"turns":3},{"damage":96,"enemies":"Gensokyo:Eternal_Rivals","floor":33,"turns":6}],"seed_played":"2640073229515750577","potions_obtained":[{"floor":3,"key":"Dota2Spire:Clarity"},{"floor":5,"key":"Block Potion"},{"floor":6,"key":"AttackPotion"},{"floor":8,"key":"SteroidPotion"},{"floor":11,"key":"Strength Potion"},{"floor":16,"key":"Fire Potion"},{"floor":18,"key":"BlessingOfTheForge"},{"floor":22,"key":"LiquidMemories"},{"floor":30,"key":"Dexterity Potion"},{"floor":31,"key":"Dexterity Potion"}],"is_trial":false,"path_per_floor":["M","?","M","M","M","E","$","M","T","R","M","E","M","E","R","B",null,"M","COS","M","M","M","R","E","R","T","M","E","?","M","M","R_BF","B"],"character_chosen":"DOCTOR_CLASS","items_purchased":["ats:Flexible Camouflage"],"campfire_rested":2,"item_purchase_floors":[7],"current_hp_per_floor":[72,72,72,67,67,47,47,32,32,32,8,8,11,15,36,34,72,56,56,35,22,14,35,34,34,34,20,54,54,17,21,42,0,0],"gold":272,"neow_bonus":"ONE_RANDOM_RARE_CARD","is_daily":false,"chose_seed":false,"campfire_upgraded":2,"win_rate":0.0,"timestamp":1614168303,"path_taken":["M","?","M","M","?","E","$","M","T","R","M","E","M","E","R","BOSS","M","COS","M","M","M","R","E","R","T","M","E","?","M","M","R_BF","BOSS"],"items_purchased_type":["Card"],"build_version":"2020-12-22","purchased_purges":1,"victory":false,"max_hp_per_floor":[72,72,72,72,72,72,72,72,72,72,72,72,72,72,72,72,72,72,72,72,72,72,72,72,72,72,72,72,72,72,72,72,72,72],"card_choices":[{"not_picked":["ats:Shell Defense","ats:Consecutive Shot Auto"],"picked":"ats:Powerful Strike","floor":1},{"not_picked":["ats:Blood Oath","ats:Powerful Strike"],"picked":"ats:Flexible Camouflage","floor":3},{"not_picked":["ats:Cat Scratch","ats:Burning Ground"],"picked":"ats:Demon Strength","floor":4},{"not_picked":["ats:Flexible Camouflage","ats:Sword Rain","ats:Directed Diagnosis"],"picked":"SKIP","floor":5},{"not_picked":["ats:Cat Scratch","ats:Mental Burst"],"picked":"ats:True Silver Slash","floor":6},{"not_picked":["ats:Defend Order","ats:Hammer On"],"picked":"ats:Literary Storm","floor":8},{"not_picked":["ats:Curse Doll","ats:Sunburst"],"picked":"ats:Soul Absorption","floor":11},{"not_picked":["ats:Nebulous Foxfire","ats:Sword Rain"],"picked":"ats:Sashimi Platter","floor":12},{"not_picked":["ats:Powerful Strike","ats:Closed Bolt Burst Fire"],"picked":"ats:Support Order","floor":13},{"not_picked":["ats:Absolute Focus","ats:Closed Bolt Burst Fire"],"picked":"ats:Shadow Assault","floor":14},{"not_picked":["ats:Fractured Body","ats:Soul Rend"],"picked":"ats:Wolf Pack","floor":16},{"not_picked":["ats:Ignite","ats:Closed Bolt Burst Fire","ats:Counter Healing Mode"],"picked":"SKIP","floor":18},{"not_picked":["ats:Serious Mode+1","ats:Absolute Focus"],"picked":"ats:Apocalypse","floor":20},{"not_picked":["ats:Composite Medical Shells","ats:Shadow Raid"],"picked":"ats:Apocalypse+1","floor":21},{"not_picked":["ats:Literary Storm+1","ats:Curse Doll+1"],"picked":"ats:Cat Scratch+1","floor":22},{"not_picked":["ats:Closed Bolt Burst Fire","ats:Leaping Hammer"],"picked":"ats:Serious Mode","floor":24},{"not_picked":["ats:Spore Proliferation","ats:Thorns+1","ats:Powerful Strike"],"picked":"SKIP","floor":27},{"not_picked":["ats:Beaten Up","ats:Very Hot Blade","ats:Durian"],"picked":"SKIP","floor":28},{"not_picked":["ats:Hook Shot","ats:Shell Defense","ats:Defend Order"],"picked":"SKIP","floor":30},{"not_picked":["ats:Soul Absorption+1","ats:Assault Order+1"],"picked":"ats:Blood Oath","floor":31}],"player_experience":333108,"relics_obtained":[{"floor":6,"key":"ats:Originium"},{"floor":6,"key":"aspiration:TomeofQuesting"},{"floor":9,"key":"Dota2Spire:MagicBottle"},{"floor":12,"key":"ats:Originium"},{"floor":12,"key":"aspiration:HiddenCompartment"},{"floor":14,"key":"ats:Originium"},{"floor":14,"key":"Dota2Spire:UrnOfShadows"},{"floor":24,"key":"ats:Originium"},{"floor":24,"key":"The Courier"},{"floor":26,"key":"ats:Rhine Circuitry"},{"floor":28,"key":"Ancient Tea Set"}],"event_choices":[{"damage_healed":0,"gold_gain":0,"player_choice":"Forge","damage_taken":0,"max_hp_gain":0,"max_hp_loss":0,"event_name":"Accursed Blacksmith","floor":2,"gold_loss":0,"cards_upgraded":["ats:Armor Crushing Shot"]}],"is_beta":false,"boss_relics":[{"not_picked":["Hololive_Finger","Busted Crown"],"picked":"Dota2Spire:RefresherOrb"}],"items_purged_floors":[7],"is_endless":false,"potions_floor_spawned":[3,5,6,8,11,16,18,22,30,31],"killed_by":"Gensokyo:Eternal_Rivals","ascension_level":3}}