{"host":"rrij23lch31mx125","time":1614127003,"event":{"mods":["AchievementEnabler","BaseMod","Block Reminder","Colored Map","Colored Powertips","Custom Start","Friendly Minions","Highlight Path","Minty Spire (QoL Compilation)","Replay The Spire","StSLib"],"gold_per_floor":[110,110,50,68,1,28,28,55,79,90,90,115,115,133,133,231,231,249,28,28,48,48,48,64,64,64,64,80,80,107,7,7,104,104,121,121,132,132,152,152,152,152],"floor_reached":41,"language":"ENG","playtime":2828,"items_purged":["Strike_R","Shame"],"score":502,"play_id":"1cc54497-3514-4e1f-aefd-d3beb90632dd","local_time":"20210223193643","is_ascension_mode":false,"campfire_choices":[{"floor":7,"key":"REST"},{"floor":13,"key":"REST"},{"data":"Flex","floor":15,"key":"SMITH"},{"data":"Heavy Blade","floor":23,"key":"SMITH"},{"data":"Feed","floor":25,"key":"SMITH"},{"floor":32,"key":"DIG"},{"floor":40,"key":"REST"}],"circlet_count":0,"master_deck":["Strike_R","Strike_R+1","Strike_R","Strike_R","Defend_R","Defend_R","Defend_R+1","Defend_R","Bash","Heavy Blade+1","Inflame","Inflame","Thunderclap","Carnage","Flex+1","Dropkick","ReplayTheSpireMod:LeadingStrike","Hemokinesis","Infernal Blade","Feed+1","Perfected Strike","Flex+1","Anger","Anger","Heavy Blade+1","Feed","Intimidate+1","Looming Evil","Heavy Blade+1"],"relics":["Burning Blood","Pen Nib","Bottled Lightning","Simple Rune","Pet Ghost","SlaversCollar","HandDrill","Replay:Ringing Soul","InkBottle","Ancient Tea Set","ReplayFunnel","Sundial","Runic Cube"],"acts_visited":["Exordium","TheCity","TheBeyond"],"potions_floor_usage":[12,28,30,33,33,33,41],"damage_taken":[{"damage":1,"enemies":"Cultist","floor":1,"turns":4},{"damage":0,"enemies":"2 Louse","floor":4,"turns":2},{"damage":25,"enemies":"Gremlin Nob","floor":6,"turns":4},{"damage":40,"enemies":"3 Sentries","floor":8,"turns":7},{"damage":0,"enemies":"Small Slimes","floor":10,"turns":2},{"damage":0,"enemies":"Gremlin Nob","floor":12,"turns":2},{"damage":19,"enemies":"Exordium Thugs","floor":14,"turns":2},{"damage":28,"enemies":"Slime Boss","floor":16,"turns":9},{"damage":12,"enemies":"Chosen","floor":18,"turns":3},{"damage":19,"enemies":"Shell Parasite","floor":21,"turns":3},{"damage":6,"enemies":"3 Cultists","floor":24,"turns":3},{"damage":32,"enemies":"Snake Plant","floor":28,"turns":3},{"damage":21,"enemies":"Replay:Snechameleon","floor":30,"turns":4},{"damage":38,"enemies":"Collector","floor":33,"turns":4},{"damage":24,"enemies":"3 Shapes","floor":35,"turns":4},{"damage":46,"enemies":"3 Darklings","floor":37,"turns":6},{"damage":64,"enemies":"Sphere and 2 Shapes","floor":39,"turns":4},{"damage":55,"enemies":"Transient","floor":41,"turns":4}],"seed_played":"1564825581452239010","potions_obtained":[{"floor":1,"key":"SpeedPotion"},{"floor":10,"key":"Adrenaline Potion"},{"floor":16,"key":"Swift Potion"},{"floor":24,"key":"Fire Potion"},{"floor":28,"key":"Milkshake"},{"floor":30,"key":"Cursed Concoction"},{"floor":33,"key":"Dexterity Potion"},{"floor":37,"key":"Milkshake"}],"is_trial":false,"path_per_floor":["M","?","$","M","$","E","R","E","T","M","?","E","R","M","R","B",null,"M","$","?","M","T","R","M","R","T","?","M","$","E","$","R_BF","B",null,"M","?","M","?","M","R","M"],"character_chosen":"IRONCLAD","items_purchased":["Inflame","Carnage","HandDrill"],"campfire_rested":3,"item_purchase_floors":[3,5,19],"current_hp_per_floor":[88,88,88,88,88,69,88,54,54,60,60,66,88,75,75,53,88,82,82,82,69,69,69,75,75,75,78,56,56,44,44,44,15,107,99,102,65,65,14,53,0,0],"gold":152,"neow_bonus":"TEN_PERCENT_HP_BONUS","is_daily":false,"chose_seed":false,"campfire_upgraded":3,"win_rate":0.0,"timestamp":1614127003,"path_taken":["M","?","$","M","?","E","R","E","T","M","?","E","R","M","R","BOSS","M","?","?","?","?","R","M","R","T","?","M","?","E","$","R_BF","BOSS","M","?","M","?","M","R","M"],"items_purchased_type":["Card","Card","Relic"],"build_version":"2020-12-22","purchased_purges":2,"victory":false,"max_hp_per_floor":[88,88,88,88,88,88,88,88,88,88,88,88,88,88,88,88,88,88,88,88,88,88,88,94,94,94,97,101,101,104,104,104,107,107,117,120,123,123,130,130,130,130],"card_choices":[{"not_picked":["Sentinel","Havoc"],"picked":"Heavy Blade","floor":1},{"not_picked":["True Grit","Havoc"],"picked":"Thunderclap","floor":4},{"not_picked":["Twin Strike","Headbutt"],"picked":"Flex","floor":6},{"not_picked":["Havoc","Shrug It Off"],"picked":"Dropkick","floor":8},{"not_picked":["Twin Strike","ReplayTheSpireMod:Stacked"],"picked":"ReplayTheSpireMod:LeadingStrike","floor":10},{"not_picked":["Entrench","Battle Trance"],"picked":"Hemokinesis","floor":12},{"not_picked":["Hemokinesis","Shrug It Off"],"picked":"Infernal Blade","floor":14},{"not_picked":["Fiend Fire","Demon Form"],"picked":"Feed","floor":16},{"not_picked":["Iron Wave","Sentinel+1"],"picked":"Perfected Strike","floor":18},{"not_picked":["Rampage","Entrench+1"],"picked":"Anger","floor":21},{"not_picked":["Warcry","Perfected Strike"],"picked":"Anger","floor":24},{"not_picked":["Wild Strike+1","Feel No Pain","True Grit"],"picked":"SKIP","floor":28},{"not_picked":["ReplayReversal","Rage+1"],"picked":"Heavy Blade+1","floor":30},{"not_picked":["Barricade","Brutality"],"picked":"Feed","floor":33},{"not_picked":["Wild Strike+1","Power Through"],"picked":"Intimidate+1","floor":35},{"not_picked":["Flex+1","Seeing Red+1"],"picked":"Inflame","floor":37},{"not_picked":["Entrench+1","ReplayTheSpireMod:Muscle Training+1"],"picked":"Heavy Blade+1","floor":39}],"player_experience":112357,"relics_obtained":[{"floor":6,"key":"Pen Nib"},{"floor":8,"key":"Bottled Lightning"},{"floor":9,"key":"Simple Rune"},{"floor":12,"key":"Pet Ghost"},{"floor":22,"key":"Replay:Ringing Soul"},{"floor":26,"key":"InkBottle"},{"floor":30,"key":"ReplayFunnel"},{"floor":32,"key":"Sundial"}],"event_choices":[{"damage_healed":0,"gold_gain":0,"player_choice":"Bought 0 Potions","damage_taken":0,"max_hp_gain":0,"max_hp_loss":0,"event_name":"The Woman in Blue","floor":2,"gold_loss":0},{"cards_removed":["Defend_R"],"damage_healed":0,"gold_gain":0,"player_choice":"Took Card","damage_taken":0,"max_hp_gain":0,"max_hp_loss":0,"event_name":"NoteForYourself","floor":11,"gold_loss":0,"cards_obtained":["Defend_R"]},{"damage_healed":0,"gold_gain":0,"player_choice":"Copied","damage_taken":0,"max_hp_gain":0,"max_hp_loss":0,"event_name":"Duplicator","floor":20,"gold_loss":0,"cards_obtained":["Flex"]},{"damage_healed":0,"gold_gain":0,"player_choice":"Stole Relic","damage_taken":0,"relics_obtained":["Ancient Tea Set"],"max_hp_gain":0,"max_hp_loss":0,"event_name":"Addict","floor":27,"gold_loss":0,"cards_obtained":["Shame"]},{"cards_removed":["Inflame"],"damage_healed":0,"gold_gain":0,"player_choice":"Removed Power","damage_taken":0,"max_hp_gain":0,"max_hp_loss":0,"event_name":"Falling","floor":38,"gold_loss":0}],"is_beta":false,"boss_relics":[{"not_picked":["Philosopher\u0027s Stone","Electric Blood"],"picked":"SlaversCollar"},{"not_picked":["Velvet Choker","Replay:Grab Bag"],"picked":"Runic Cube"}],"items_purged_floors":[19,31],"is_endless":false,"potions_floor_spawned":[1,10,16,24,28,30,33,37],"killed_by":"Transient","ascension_level":0}}