{"host":"ilhhjx796p2x2wmd","time":1614168739,"event":{"mods":["AchievementEnabler","BaseMod","BetterRewards","Colored Map","Colored Powertips","DeckTracker","Highlight Path","Minty Spire (QoL Compilation)","Permanent Neow","Rare Cards Sparkle","Shop Mod"],"gold_per_floor":[131,189,229,268,307,307,341,341,368,432,465,506,35,77,77,203,203,241,277,313,313,87,87,140,140,140,160,160,212,212,250,250,250,250],"floor_reached":33,"language":"KOR","playtime":1226,"items_purged":["Writhe","Defend_R"],"score":492,"play_id":"d4ab6e07-ff29-436b-afcc-7c9583c2ee46","local_time":"20210224211218","is_ascension_mode":true,"campfire_choices":[{"data":"HandOfGreed","floor":6.0,"key":"SMITH"},{"data":"Perfected Strike","floor":8.0,"key":"SMITH"},{"floor":15.0,"key":"REST"},{"data":"Secret Technique","floor":23.0,"key":"SMITH"},{"data":"Evolve","floor":28.0,"key":"SMITH"},{"data":"Clothesline","floor":30.0,"key":"SMITH"},{"data":"Burning Pact","floor":32,"key":"SMITH"}],"circlet_count":0,"master_deck":["AscendersBane","Strike_R","Strike_R","Strike_R","Strike_R","Strike_R","Defend_R","Defend_R","Defend_R","Bash","HandOfGreed+1","Wild Strike","Immolate","Clothesline+1","Perfected Strike+1","Battle Trance","Twin Strike+1","Power Through","Reaper+1","Carnage+1","Ghostly Armor","Shrug It Off","Reaper+1","Perfected Strike+1","Perfected Strike+1","Burning Pact+1","Secret Technique+1","Twin Strike+1","Evolve+1","Perfected Strike+1","True Grit+1","Armaments+1"],"relics":["Burning Blood","Molten Egg 2","Dream Catcher","Lantern","Bronze Scales","Velvet Choker","Smiling Mask","Toxic Egg 2","Happy Flower","Oddly Smooth Stone"],"acts_visited":["Exordium","TheCity"],"potions_floor_usage":[33],"damage_taken":[{"damage":10.0,"enemies":"Cultist","floor":1.0,"turns":5.0},{"damage":11.0,"enemies":"2 Louse","floor":2.0,"turns":5.0},{"damage":12.0,"enemies":"Jaw Worm","floor":3.0,"turns":5.0},{"damage":17.0,"enemies":"Looter","floor":4.0,"turns":3.0},{"damage":9.0,"enemies":"2 Fungi Beasts","floor":5.0,"turns":3.0},{"damage":12.0,"enemies":"Gremlin Nob","floor":7.0,"turns":3.0},{"damage":5.0,"enemies":"Lots of Slimes","floor":10.0,"turns":5.0},{"damage":30.0,"enemies":"Lagavulin","floor":11.0,"turns":4.0},{"damage":2.0,"enemies":"Exordium Wildlife","floor":12.0,"turns":3.0},{"damage":6.0,"enemies":"2 Fungi Beasts","floor":14.0,"turns":3.0},{"damage":37.0,"enemies":"The Guardian","floor":16.0,"turns":13.0},{"damage":0.0,"enemies":"3 Byrds","floor":18.0,"turns":3.0},{"damage":10.0,"enemies":"Shell Parasite","floor":19.0,"turns":2.0},{"damage":17.0,"enemies":"Centurion and Healer","floor":20.0,"turns":3.0},{"damage":27.0,"enemies":"Slavers","floor":24.0,"turns":3.0},{"damage":9.0,"enemies":"Snake Plant","floor":27.0,"turns":2.0},{"damage":18.0,"enemies":"Book of Stabbing","floor":29.0,"turns":4.0},{"damage":0,"enemies":"Snecko","floor":31,"turns":2},{"damage":84,"enemies":"Champ","floor":33,"turns":9}],"seed_played":"7592406551633689148","potions_obtained":[{"floor":3.0,"key":"PowerPotion"},{"floor":5.0,"key":"Explosive Potion"},{"floor":7.0,"key":"AttackPotion"},{"floor":10.0,"key":"PowerPotion"},{"floor":12.0,"key":"Fire Potion"},{"floor":24.0,"key":"BloodPotion"}],"is_trial":false,"path_per_floor":["M","M","M","M","M","R","E","R","T","M","E","M","$","M","R","B",null,"M","M","M","?","$","R","E","?","T","M","R","E","R","M","R","B"],"character_chosen":"IRONCLAD","items_purchased":["BloodPotion","Reaper+1","Carnage+1","Bronze Scales","Secret Technique"],"campfire_rested":1,"item_purchase_floors":[13,13,13,13,22],"current_hp_per_floor":[68,63,57,46,43,43,37,37,37,38,14,18,18,19,43,17,64,76,72,61,61,61,61,66,66,66,63,63,51,51,57,57,0,0],"gold":250,"neow_bonus":"RANDOM_COLORLESS_2","is_daily":false,"chose_seed":false,"campfire_upgraded":6,"win_rate":0.0,"timestamp":1614168738,"path_taken":["M","M","M","M","M","R","E","R","T","M","E","M","$","M","R","BOSS","M","?","?","?","$","R","E","?","T","M","R","E","R","M","R","BOSS"],"items_purchased_type":["Potion","Card","Card","Relic","Card"],"build_version":"2020-12-22","purchased_purges":2,"victory":false,"max_hp_per_floor":[80,80,80,80,80,80,80,80,80,80,80,80,80,80,80,80,80,80,80,80,80,80,80,80,80,80,80,80,80,80,80,80,80,80],"card_choices":[{"not_picked":["Magnetism","Metamorphosis"],"picked":"HandOfGreed","floor":0.0},{"not_picked":["Blood for Blood","Body Slam"],"picked":"Wild Strike","floor":1.0},{"not_picked":["Iron Wave","True Grit","Entrench"],"picked":"SKIP","floor":2.0},{"not_picked":["Clash","Metallicize"],"picked":"Immolate","floor":3.0},{"not_picked":["Warcry","Fire Breathing"],"picked":"Clothesline","floor":4.0},{"not_picked":["Shrug It Off","Heavy Blade"],"picked":"Perfected Strike","floor":5.0},{"not_picked":["Warcry","Berserk"],"picked":"Battle Trance","floor":7.0},{"not_picked":["Flame Barrier","Spot Weakness","Anger+1"],"picked":"SKIP","floor":10.0},{"not_picked":["Rampage+1","Sword Boomerang+1"],"picked":"Twin Strike+1","floor":11.0},{"not_picked":["Uppercut+1","Wild Strike+1"],"picked":"Power Through","floor":12.0},{"not_picked":["True Grit","Clash+1"],"picked":"Ghostly Armor","floor":14.0},{"not_picked":["Inflame","Dropkick+1"],"picked":"Shrug It Off","floor":15.0},{"not_picked":["Limit Break","Juggernaut"],"picked":"Reaper+1","floor":16.0},{"not_picked":["Twin Strike+1","Thunderclap+1"],"picked":"Perfected Strike+1","floor":18.0},{"not_picked":["Warcry","Twin Strike+1"],"picked":"Perfected Strike+1","floor":19.0},{"not_picked":["Cleave+1","Havoc"],"picked":"Burning Pact","floor":20.0},{"not_picked":["Bludgeon+1","Pummel+1"],"picked":"Twin Strike+1","floor":24.0},{"not_picked":["Rampage+1","Dropkick+1"],"picked":"Perfected Strike+1","floor":27.0},{"not_picked":["Combust","Searing Blow+1"],"picked":"True Grit+1","floor":29.0},{"not_picked":["Warcry+1","True Grit+1"],"picked":"Armaments+1","floor":31}],"player_experience":359900,"relics_obtained":[{"floor":7.0,"key":"Molten Egg 2"},{"floor":9.0,"key":"Dream Catcher"},{"floor":11.0,"key":"Lantern"},{"floor":24.0,"key":"Toxic Egg 2"},{"floor":26.0,"key":"Happy Flower"},{"floor":29.0,"key":"Oddly Smooth Stone"}],"event_choices":[{"damage_healed":0.0,"max_hp_gain":0.0,"max_hp_loss":0.0,"gold_gain":0.0,"event_name":"The Mausoleum","player_choice":"Opened","floor":21.0,"gold_loss":0.0,"damage_taken":0.0,"relics_obtained":["Smiling Mask"]},{"damage_healed":0.0,"max_hp_gain":0.0,"max_hp_loss":0.0,"gold_gain":0.0,"event_name":"The Library","player_choice":"Read","floor":25.0,"gold_loss":0.0,"damage_taken":0.0,"cards_obtained":["Evolve"]}],"is_beta":false,"boss_relics":[{"not_picked":["SlaversCollar","Tiny House"],"picked":"Velvet Choker"}],"items_purged_floors":[13,22],"is_endless":false,"potions_floor_spawned":[3,5,7,10,12,18,24],"killed_by":"Champ","ascension_level":11}}