{"host":"j4g6ia6asvpyu2b0","time":1614197124,"event":{"mods":["BaseMod","Colored Map","Infinite Spire","Minty Spire (QoL Compilation)","Permanent Neow","Quick Restart","Relic Stats","StSLib","Unceasing Turn Reminder"],"gold_per_floor":[212,387,402,402,402,402,437,437,437,437,454,490,502,526,526,627,627,651,17,19,37,59,59,69,69],"floor_reached":24,"language":"ENG","playtime":1097,"items_purged":["Doubt"],"score":227,"play_id":"dfae2c39-7604-4d4b-98e2-03611f0c7734","local_time":"20210224130524","is_ascension_mode":true,"campfire_choices":[{"data":"Blade Dance","floor":6,"key":"SMITH"},{"data":"Neutralize","floor":8,"key":"SMITH"},{"data":"Deadly Poison","floor":10,"key":"SMITH"},{"data":"A Thousand Cuts","floor":15,"key":"SMITH"},{"floor":23,"key":"REST"}],"circlet_count":0,"master_deck":["Strike_G+1","Strike_G","Strike_G","Strike_G","Strike_G","Defend_G","Defend_G","Defend_G+1","Defend_G","Defend_G","Survivor","Neutralize+1","Blade Dance+1","Deadly Poison+1","Infinite Blades","Cloak And Dagger","Escape Plan","A Thousand Cuts+1","Dodge and Roll","Adrenaline","Finisher","Well Laid Plans","Noxious Fumes","Cloak And Dagger","infinitespire:Execution","Predator+1","Dagger Spray"],"relics":["Ring of the Snake","Kunai","infinitespire:Midas Blood","The Courier","Mango","Black Star","Medical Kit","Bag of Marbles","Mummified Hand"],"acts_visited":["Exordium","TheCity"],"potions_floor_usage":[16,22],"damage_taken":[{"damage":0,"enemies":"Jaw Worm","floor":1,"turns":6},{"damage":1,"enemies":"Cultist","floor":3,"turns":4},{"damage":7,"enemies":"3 Sentries","floor":7,"turns":10},{"damage":0,"enemies":"Small Slimes","floor":11,"turns":3},{"damage":23,"enemies":"Gremlin Nob","floor":12,"turns":5},{"damage":3,"enemies":"2 Fungi Beasts","floor":13,"turns":4},{"damage":16,"enemies":"Lots of Slimes","floor":14,"turns":4},{"damage":14,"enemies":"Slime Boss","floor":16,"turns":6},{"damage":26,"enemies":"Spheric Guardian","floor":18,"turns":4},{"damage":26,"enemies":"2 Thieves","floor":21,"turns":4},{"damage":8,"enemies":"Sentry and Sphere","floor":22,"turns":5},{"damage":33,"enemies":"Nightmare","floor":24,"turns":4}],"seed_played":"4982489960480724870","potions_obtained":[{"floor":1,"key":"LiquidBronze"},{"floor":13,"key":"AttackPotion"},{"floor":14,"key":"Ancient Potion"},{"floor":18,"key":"Dexterity Potion"},{"floor":21,"key":"SkillPotion"}],"is_trial":false,"path_per_floor":["M","?","M","?","T","R","E","R","T","R","M","E","M","M","R","B",null,"M","$","?","M","M","R","NM"],"character_chosen":"THE_SILENT","items_purchased":["Medical Kit","Well Laid Plans","Noxious Fumes","Cloak And Dagger","Bag of Marbles","Mummified Hand"],"campfire_rested":1,"item_purchase_floors":[19,19,19,19,19,19],"current_hp_per_floor":[70,70,69,55,55,55,48,48,48,48,48,39,36,20,20,6,84,58,58,36,10,2,27,0,0],"gold":69,"neow_bonus":"HUNDRED_GOLD","is_daily":false,"chose_seed":false,"campfire_upgraded":4,"win_rate":0.0,"timestamp":1614197124,"path_taken":["M","?","M","?","?","R","E","R","T","R","M","E","M","?","R","BOSS","M","$","?","M","M","R","NM"],"items_purchased_type":["Relic","Card","Card","Card","Relic","Relic"],"build_version":"2020-12-22","purchased_purges":1,"victory":false,"max_hp_per_floor":[70,70,70,70,70,70,70,70,70,70,70,84,84,84,84,84,84,84,84,84,84,84,84,84,84],"relic_stats":{"counters":[12,59],"Mummified Hand":[12],"Black Star":0,"Kunai":[30],"Medical Kit":[0],"obtain_stats":[{"Mummified Hand":19,"Mango":12,"The Courier":9,"Black Star":17,"Bag of Marbles":19,"Kunai":5,"Medical Kit":19,"Ring of the Snake":0,"infinitespire:Midas Blood":7},{"Mummified Hand":9,"Mango":5,"The Courier":3,"Black Star":8,"Bag of Marbles":9,"Kunai":2,"Medical Kit":9,"Ring of the Snake":0,"infinitespire:Midas Blood":3},{"Mummified Hand":46,"Mango":28,"The Courier":20,"Black Star":42,"Bag of Marbles":46,"Kunai":10,"Medical Kit":46,"Ring of the Snake":0,"infinitespire:Midas Blood":20}],"Ring of the Snake":[24]},"card_choices":[{"not_picked":["Prepared","Dagger Spray"],"picked":"Blade Dance","floor":1},{"not_picked":["Bane","Sucker Punch"],"picked":"Deadly Poison","floor":3},{"not_picked":["Deadly Poison","Bane"],"picked":"Infinite Blades","floor":7},{"not_picked":["Masterful Stab","Flying Knee"],"picked":"Cloak And Dagger","floor":11},{"not_picked":["Reflex","Prepared"],"picked":"Escape Plan","floor":12},{"not_picked":["Cloak And Dagger","Heel Hook"],"picked":"A Thousand Cuts","floor":13},{"not_picked":["Bane","Slice"],"picked":"Dodge and Roll","floor":14},{"not_picked":["Storm of Steel","Die Die Die"],"picked":"Adrenaline","floor":16},{"not_picked":["Eviscerate","Riddle With Holes+1"],"picked":"Finisher","floor":18},{"not_picked":["infinitespire:SealOfDarkness+","infinitespire:Starlight"],"picked":"infinitespire:Execution","floor":20},{"not_picked":["Caltrops+1","Bane+1"],"picked":"Predator+1","floor":21},{"not_picked":["Riddle With Holes+1","Deadly Poison"],"picked":"Dagger Spray","floor":22}],"player_experience":1268789,"relics_obtained":[{"floor":5,"key":"Kunai"},{"floor":7,"key":"infinitespire:Midas Blood"},{"floor":9,"key":"The Courier"},{"floor":12,"key":"Mango"}],"event_choices":[{"damage_healed":0,"gold_gain":175,"player_choice":"AGREE","damage_taken":0,"max_hp_gain":0,"max_hp_loss":0,"event_name":"Liars Game","floor":2,"gold_loss":0,"cards_obtained":["Doubt"]},{"damage_healed":0,"gold_gain":0,"player_choice":"Entered Light","damage_taken":14,"max_hp_gain":0,"max_hp_loss":0,"event_name":"Shining Light","floor":4,"gold_loss":0,"cards_upgraded":["Strike_G","Defend_G"]}],"is_beta":false,"boss_relics":[{"not_picked":["SacredBark","HoveringKite"],"picked":"Black Star"}],"items_purged_floors":[19],"is_endless":false,"potions_floor_spawned":[1,13,14,18,21],"killed_by":"Nightmare","ascension_level":2}}