{"host":"qc8p2flj7wsy3zpg","time":1614143320,"event":{"mods":["BaseMod","Highlight Path","Minty Spire (QoL Compilation)","Monster List Patch","Relic Stats","StSLib"],"gold_per_floor":[20,20,36,47,60,86,86,117,117,117,117,129,51,65,65,137,137,156,172,172,190,217,217,250,250,250,264,264,293,293,305,305,384,384,403,403,421,446,3,35,35,69,69,69,69,98,117,28,28,28,28],"floor_reached":50,"language":"ENG","playtime":1873,"items_purged":[],"score":1231,"play_id":"16d92253-f9de-4908-949a-bbfbf4431152","local_time":"20210223230840","is_ascension_mode":true,"campfire_choices":[{"floor":7.0,"key":"REST"},{"floor":11.0,"key":"REST"},{"data":"Blade Dance","floor":15.0,"key":"SMITH"},{"floor":23.0,"key":"REST"},{"data":"Adrenaline","floor":25.0,"key":"SMITH"},{"data":"Bouncing Flask","floor":30,"key":"SMITH"},{"data":"Sadistic Nature","floor":32,"key":"SMITH"},{"floor":41,"key":"RECALL"},{"floor":44,"key":"REST"},{"floor":49,"key":"REST"}],"circlet_count":0,"master_deck":["AscendersBane","Strike_G","Strike_G","Strike_G","Defend_G","Defend_G","Defend_G","Defend_G","Defend_G","Survivor+1","Neutralize","Sadistic Nature+1","Blade Dance+1","PiercingWail","Accuracy","Sucker Punch","Choke+1","Crippling Poison+1","Blade Dance+1","Bouncing Flask+1","Acrobatics","Adrenaline+1","Backflip","Concentrate","Leg Sweep","All Out Attack+1","Slice","Backstab","Adrenaline","Acrobatics","Footwork+1","PiercingWail+1","Deflect+1","Leg Sweep+1","Wraith Form v2","Crippling Poison+1","Caltrops+1"],"relics":["Ring of the Snake","Ninja Scroll","War Paint","Bottled Flame","WristBlade","MutagenicStrength","Red Mask","Sundial","Meat on the Bone","Dream Catcher","Empty Cage","Pocketwatch","TwistedFunnel","Toxic Egg 2","Snake Skull","Akabeko","Ancient Tea Set"],"acts_visited":["Exordium","TheCity","TheBeyond"],"potions_floor_usage":[33,42,46,50],"damage_taken":[{"damage":2.0,"enemies":"Jaw Worm","floor":1.0,"turns":6.0},{"damage":3.0,"enemies":"Cultist","floor":3.0,"turns":4.0},{"damage":0.0,"enemies":"2 Louse","floor":4.0,"turns":3.0},{"damage":0.0,"enemies":"2 Fungi Beasts","floor":5.0,"turns":3.0},{"damage":41.0,"enemies":"Gremlin Nob","floor":6.0,"turns":5.0},{"damage":19.0,"enemies":"Lagavulin","floor":8.0,"turns":5.0},{"damage":0.0,"enemies":"Looter","floor":12.0,"turns":1.0},{"damage":0.0,"enemies":"Exordium Wildlife","floor":14.0,"turns":2.0},{"damage":6.0,"enemies":"Hexaghost","floor":16.0,"turns":7.0},{"damage":0.0,"enemies":"2 Thieves","floor":18.0,"turns":1.0},{"damage":0.0,"enemies":"Shell Parasite","floor":19.0,"turns":1.0},{"damage":21.0,"enemies":"Snake Plant","floor":21.0,"turns":3.0},{"damage":0.0,"enemies":"Masked Bandits","floor":22.0,"turns":2.0},{"damage":0.0,"enemies":"Book of Stabbing","floor":24.0,"turns":1.0},{"damage":0.0,"enemies":"Snecko","floor":27.0,"turns":1.0},{"damage":5,"enemies":"Slavers","floor":29,"turns":2},{"damage":0,"enemies":"Cultist and Chosen","floor":31,"turns":2},{"damage":10,"enemies":"Automaton","floor":33,"turns":6},{"damage":0,"enemies":"3 Shapes","floor":35,"turns":2},{"damage":0,"enemies":"Orb Walker","floor":37,"turns":1},{"damage":0,"enemies":"Mind Bloom Boss Battle","floor":38,"turns":1},{"damage":31,"enemies":"Reptomancer","floor":40,"turns":3},{"damage":37,"enemies":"Nemesis","floor":42,"turns":7},{"damage":20,"enemies":"Reptomancer","floor":46,"turns":3},{"damage":0,"enemies":"Spire Growth","floor":47,"turns":2},{"damage":114,"enemies":"Awakened One","floor":50,"turns":11}],"seed_played":"-1711392806537353550","potions_obtained":[{"floor":1.0,"key":"AttackPotion"},{"floor":6.0,"key":"Regen Potion"},{"floor":12.0,"key":"Dexterity Potion"},{"floor":14.0,"key":"SteroidPotion"},{"floor":21.0,"key":"FearPotion"},{"floor":24.0,"key":"FairyPotion"},{"floor":33,"key":"SpeedPotion"},{"floor":42,"key":"AttackPotion"},{"floor":47,"key":"GamblersBrew"}],"is_trial":false,"path_per_floor":["M","?","M","M","M","E","R","E","T","?","R","M","$","M","R","B",null,"M","M","?","M","?","R","E","R","T","M","?","E","R","M","R","B",null,"M","?","M","?","$","E","R","E","T","R","$","E","M","$","R","B"],"character_chosen":"THE_SILENT","items_purchased":["Bouncing Flask","TwistedFunnel","Toxic Egg 2","Crippling Poison+1"],"campfire_rested":5,"item_purchase_floors":[13,39,39,48],"current_hp_per_floor":[57,57,54,54,54,13,32,27,27,27,46,46,46,46,46,40,60,60,60,60,39,39,58,58,58,58,58,58,53,53,53,53,43,60,60,60,60,60,60,41,41,16,16,35,35,27,39,39,58,0,0],"gold":28,"neow_bonus":"RANDOM_COLORLESS_2","is_daily":false,"chose_seed":false,"campfire_upgraded":4,"win_rate":0.0,"timestamp":1614143320,"path_taken":["M","?","M","M","M","E","R","E","T","?","R","?","$","M","R","BOSS","M","M","?","M","?","R","E","R","T","M","?","E","R","?","R","BOSS","M","?","M","?","$","E","R","E","T","R","?","E","?","$","R","BOSS"],"items_purchased_type":["Card","Relic","Relic","Card"],"build_version":"2020-12-22","purchased_purges":0,"victory":false,"max_hp_per_floor":[66,66,66,66,66,66,66,66,66,66,66,66,66,66,66,66,66,66,66,66,66,66,66,66,66,66,66,66,66,66,66,66,66,66,66,66,66,66,66,66,66,66,66,66,66,66,66,66,66,66,66],"relic_stats":{"Dream Catcher":2,"counters":[26,85],"Sundial":[2],"Snake Skull":[22],"War Paint":["Crippling Poison","Survivor"],"obtain_stats":[{"TwistedFunnel":39,"Snake Skull":40,"War Paint":8,"Empty Cage":34,"Ancient Tea Set":46,"Akabeko":42,"Bottled Flame":9,"Dream Catcher":29,"WristBlade":17,"Ninja Scroll":6,"Sundial":24,"MutagenicStrength":20,"Red Mask":22,"Toxic Egg 2":39,"Ring of the Snake":0,"Meat on the Bone":26,"Pocketwatch":38},{"TwistedFunnel":21,"Snake Skull":22,"War Paint":6,"Empty Cage":18,"Ancient Tea Set":24,"Akabeko":23,"Bottled Flame":6,"Dream Catcher":16,"WristBlade":9,"Ninja Scroll":5,"Sundial":14,"MutagenicStrength":11,"Red Mask":13,"Toxic Egg 2":21,"Ring of the Snake":0,"Meat on the Bone":14,"Pocketwatch":21},{"TwistedFunnel":59,"Snake Skull":62,"War Paint":26,"Empty Cage":55,"Ancient Tea Set":72,"Akabeko":69,"Bottled Flame":26,"Dream Catcher":47,"WristBlade":36,"Ninja Scroll":21,"Sundial":44,"MutagenicStrength":38,"Red Mask":43,"Toxic Egg 2":59,"Ring of the Snake":0,"Meat on the Bone":44,"Pocketwatch":59}],"Ring of the Snake":[52],"Meat on the Bone":48,"Pocketwatch":[9]},"card_choices":[{"not_picked":["The Bomb","Magnetism"],"picked":"Sadistic Nature","floor":0.0},{"not_picked":["Dagger Spray","Backflip"],"picked":"Blade Dance","floor":1.0},{"not_picked":["Outmaneuver","Well Laid Plans"],"picked":"PiercingWail","floor":3.0},{"not_picked":["Prepared","PiercingWail"],"picked":"Accuracy","floor":4.0},{"not_picked":["Bane","Flying Knee"],"picked":"Sucker Punch","floor":5.0},{"not_picked":["Grand Finale","Prepared"],"picked":"Choke","floor":6.0},{"not_picked":["Footwork","Tactician"],"picked":"Crippling Poison","floor":8.0},{"not_picked":["Acrobatics","Endless Agony"],"picked":"Blade Dance","floor":12.0},{"not_picked":["Sucker Punch","Concentrate"],"picked":"Acrobatics","floor":14.0},{"not_picked":["Tools of the Trade","Burst"],"picked":"Adrenaline","floor":16.0},{"not_picked":["Endless Agony","Outmaneuver"],"picked":"Backflip","floor":18.0},{"not_picked":["Dagger Spray","Underhanded Strike"],"picked":"Concentrate","floor":19.0},{"not_picked":["Quick Slash","Bouncing Flask"],"picked":"Leg Sweep","floor":21.0},{"not_picked":["Sucker Punch","Underhanded Strike"],"picked":"All Out Attack+1","floor":22.0},{"not_picked":["Dash","Tools of the Trade"],"picked":"Slice","floor":24.0},{"not_picked":["Doppelganger","Venomology"],"picked":"Adrenaline","floor":33},{"not_picked":["Reflex","Escape Plan"],"picked":"Acrobatics","floor":35},{"not_picked":["Heel Hook","Tools of the Trade"],"picked":"Footwork+1","floor":38},{"not_picked":["Well Laid Plans+1","Grand Finale"],"picked":"PiercingWail+1","floor":40},{"not_picked":["Outmaneuver+1","Well Laid Plans"],"picked":"Deflect+1","floor":42},{"not_picked":["Caltrops","Dodge and Roll+1"],"picked":"Leg Sweep+1","floor":44},{"not_picked":["Dagger Throw","Dodge and Roll+1"],"picked":"Wraith Form v2","floor":46},{"not_picked":["Deflect+1","Dagger Throw+1"],"picked":"Caltrops+1","floor":49}],"player_experience":2425356,"relics_obtained":[{"floor":6.0,"key":"Ninja Scroll"},{"floor":8.0,"key":"War Paint"},{"floor":9.0,"key":"Bottled Flame"},{"floor":22.0,"key":"Red Mask"},{"floor":24.0,"key":"Sundial"},{"floor":26.0,"key":"Meat on the Bone"},{"floor":29,"key":"Dream Catcher"},{"floor":38,"key":"Pocketwatch"},{"floor":40,"key":"Snake Skull"},{"floor":42,"key":"Akabeko"},{"floor":46,"key":"Ancient Tea Set"}],"event_choices":[{"damage_healed":0.0,"max_hp_gain":0.0,"max_hp_loss":0.0,"gold_gain":0.0,"event_name":"Living Wall","player_choice":"Grow","floor":2.0,"gold_loss":0.0,"damage_taken":0.0,"cards_upgraded":["Blade Dance"]},{"damage_healed":0.0,"max_hp_gain":0.0,"max_hp_loss":0.0,"gold_gain":0.0,"event_name":"Accursed Blacksmith","player_choice":"Forge","floor":10.0,"gold_loss":0.0,"damage_taken":0.0,"cards_upgraded":["Choke"]},{"damage_healed":0.0,"max_hp_gain":0.0,"max_hp_loss":0.0,"gold_gain":0.0,"event_name":"Drug Dealer","player_choice":"Inject Mutagens","floor":20.0,"gold_loss":0.0,"damage_taken":0.0,"relics_obtained":["MutagenicStrength"]},{"damage_healed":0.0,"max_hp_gain":0.0,"max_hp_loss":0.0,"gold_gain":0.0,"event_name":"Masked Bandits","player_choice":"Fought Bandits","floor":22.0,"gold_loss":0.0,"damage_taken":0.0},{"damage_healed":0.0,"max_hp_gain":0.0,"max_hp_loss":0.0,"gold_gain":0.0,"event_name":"The Library","player_choice":"Read","floor":28.0,"gold_loss":0.0,"damage_taken":0.0,"cards_obtained":["Backstab"]},{"damage_healed":0,"gold_gain":0,"player_choice":"Memory 1","damage_taken":0,"max_hp_gain":0,"max_hp_loss":0,"event_name":"SensoryStone","floor":36,"gold_loss":0},{"damage_healed":0,"gold_gain":0,"player_choice":"Fight","damage_taken":0,"max_hp_gain":0,"max_hp_loss":0,"event_name":"MindBloom","floor":38,"gold_loss":0}],"is_beta":false,"boss_relics":[{"not_picked":["Pandora\u0027s Box","Astrolabe"],"picked":"WristBlade"},{"not_picked":["Cursed Key","Philosopher\u0027s Stone"],"picked":"Empty Cage"}],"items_purged_floors":[],"is_endless":false,"potions_floor_spawned":[1,6,12,14,21,22,24,27,33,35,42,47],"killed_by":"Awakened One","ascension_level":20}}