{"host":"ft5t4c9juw39jltm","time":1614140943,"event":{"mods":["BaseMod","CapriCore","Dota2Spire","GungeonMod","HololiveMod","Minty Spire (QoL Compilation)","StSLib","WarShipGirlsR/战舰少女R mod","[GremlinLeader]The Maniac","【遗物卡牌】REMEMod"],"gold_per_floor":[109,33,108,108,108,141,158,158,181,198,198,233,233,84,84,186,186,196,206,206,220,230,244,278,348,348,348,362,380,399,410,425,425,425,529,529,546,562,562,562],"floor_reached":39,"language":"ZHS","playtime":2819,"items_purged":[],"score":415,"play_id":"06d6db74-206b-44c5-9019-89cf8e38cb27","local_time":"20210224122903","is_ascension_mode":false,"campfire_choices":[{"data":"rmod:chargemoney","floor":8.0,"key":"SMITH"},{"data":"rmod:basicallowance","floor":13.0,"key":"SMITH"},{"data":"rmod:expedition","floor":15.0,"key":"SMITH"},{"data":"rmod:expedition+1","floor":27.0,"key":"SMITH"},{"data":"rmod:secretscript","floor":33.0,"key":"SMITH"}],"circlet_count":0,"master_deck":["rmod:strick","rmod:strick","rmod:strick","rmod:defend","rmod:defend","rmod:defend","rmod:basicallowance+1","rmod:maingunfire","rmod:firesupport","rmod:chargemoney+1","rmod:luckystar","rmod:windflower","rmod:diaomin","rmod:lonelyqueen","rmod:wife","rmod:expedition+2","Mayhem","rmod:secretscript+1","rmod:fuelsupply","rmod:aviationdawn+1","rmod:ammunitionsupply+1","rmod:aggressivemary+1","rmod:launchingtorpedo","rmod:intelligenceanalysis+1","rmod:lonelyqueen","rmod:victimresponsibility+1","DemoMod:Elimentaler","rmod:seals"],"relics":["rmod:firstchargereward","REME_ComplimentaryCards","NeowsBlessing","DemoMod:PoisonVial","Centennial Puzzle","Dota2Spire:UrnOfShadows","Orichalcum","Black Star","DemoMod:AgedBell","Pen Nib","Thread and Needle","Kunai","DemoMod:RatBoots","DemoMod:ResourcefulSack","DemoMod:PartiallyEatenCheese","Busted Crown"],"acts_visited":["Exordium","TheCity","DemoMod:Maze","TheBeyond"],"potions_floor_usage":[39],"damage_taken":[{"damage":0.0,"enemies":"Small Slimes","floor":1.0,"turns":1.0},{"damage":0.0,"enemies":"3 Sentries","floor":6.0,"turns":1.0},{"damage":0.0,"enemies":"2 Louse","floor":7.0,"turns":2.0},{"damage":0.0,"enemies":"Jaw Worm","floor":10.0,"turns":3.0},{"damage":4.0,"enemies":"Gremlin Nob","floor":12.0,"turns":4.0},{"damage":5.0,"enemies":"Slime Boss","floor":16.0,"turns":7.0},{"damage":15.0,"enemies":"3 Byrds","floor":18.0,"turns":5.0},{"damage":4.0,"enemies":"Chosen","floor":19.0,"turns":7.0},{"damage":41.0,"enemies":"Sentry and Sphere","floor":21.0,"turns":8.0},{"damage":10.0,"enemies":"Snake Plant","floor":22.0,"turns":6.0},{"damage":3.0,"enemies":"Cultist and Chosen","floor":23.0,"turns":6.0},{"damage":12.0,"enemies":"Book of Stabbing","floor":24.0,"turns":3.0},{"damage":18.0,"enemies":"DemoMod:2_Veteran_bullet_kins_and_red_shotgun_kin","floor":28.0,"turns":4.0},{"damage":0.0,"enemies":"DemoMod:Veteran_shot_gun_kin_and_red_shotgun_kin","floor":29.0,"turns":4.0},{"damage":14.0,"enemies":"DemoMod:Veteran_shot_gun_kin_and_red_shotgun_kin_with_gunsinger","floor":30.0,"turns":5.0},{"damage":10.0,"enemies":"DemoMod:Veteran_shot_gun_kin_and_blue_shotgun_kin","floor":31.0,"turns":4.0},{"damage":7.0,"enemies":"DemoMod:Veteran_shot_gun_kin_and_blue_shotgun_kin_with_gunsinger","floor":32.0,"turns":3.0},{"damage":2.0,"enemies":"DemoMod:ResourcefulRat","floor":34.0,"turns":12.0},{"damage":0.0,"enemies":"DemoMod:ResourcefulRat","floor":35.0,"turns":8.0},{"damage":67,"enemies":"3 Shapes","floor":37,"turns":4},{"damage":0,"enemies":"Orb Walker","floor":38,"turns":1},{"damage":15,"enemies":"Jaw Worm Horde","floor":39,"turns":1}],"seed_played":"4172964851546732815","potions_obtained":[{"floor":7.0,"key":"EntropicBrew"},{"floor":10.0,"key":"Energy Potion"},{"floor":12.0,"key":"LiquidMemories"},{"floor":16.0,"key":"SkillPotion"},{"floor":18.0,"key":"LiquidMemories"},{"floor":23.0,"key":"Explosive Potion"},{"floor":24.0,"key":"SteroidPotion"},{"floor":28.0,"key":"Block Potion"},{"floor":31.0,"key":"DemoMod:LeadSkinPotion"},{"floor":32.0,"key":"LiquidBronze"},{"floor":37,"key":"DemoMod:LeadSkinPotion"}],"is_trial":false,"path_per_floor":["M","$","?","?","?","E","M","R","T","M","?","E","R","$","R","B",null,"M","M","?","M","M","M","E","T","T","R","M","M","M","M","M","R","B","B",null,"M","M","M"],"character_chosen":"PRAEFECT","items_purchased":["rmod:chargemoney","DemoMod:GnawedKey","rmod:expedition"],"campfire_rested":0,"item_purchase_floors":[2,14,14],"current_hp_per_floor":[75,75,64,57,57,57,57,57,57,57,39,41,41,41,41,36,75,60,56,56,15,5,14,2,2,75,75,60,66,58,54,53,53,57,69,75,8,8,0,0],"gold":562,"neow_bonus":"THREE_ENEMY_KILL","is_daily":false,"chose_seed":false,"campfire_upgraded":5,"win_rate":0.0,"timestamp":1614140943,"path_taken":["M","$","?","?","?","E","M","R","T","?","?","E","R","?","R","BOSS","M","M","?","M","M","M","E","?","T","R","M","M","M","M","M","R","BOSS","BOSS","M","?","M"],"items_purchased_type":["Card","Relic","Card"],"build_version":"2020-12-22","purchased_purges":0,"victory":false,"max_hp_per_floor":[75,75,75,75,75,75,75,75,75,75,75,75,75,75,75,75,75,75,75,75,75,75,75,75,75,75,75,75,75,75,75,75,75,75,75,75,75,75,75,75],"card_choices":[{"not_picked":["rmod:combined","rmod:circuitoustactics"],"picked":"rmod:firesupport","floor":1.0},{"not_picked":["rmod:punchline","rmod:circuitoustactics"],"picked":"rmod:windflower","floor":6.0},{"not_picked":["rmod:unsinkable","rmod:salvage"],"picked":"rmod:diaomin","floor":7.0},{"not_picked":["rmod:aluminumsupply","rmod:sl"],"picked":"rmod:lonelyqueen","floor":10.0},{"not_picked":["rmod:diaomin","rmod:combined"],"picked":"rmod:wife","floor":12.0},{"not_picked":["rmod:seals","rmod:stealaluminum"],"picked":"rmod:secretscript","floor":16.0},{"not_picked":["rmod:ammunitionsupply+1","rmod:chargemoney"],"picked":"rmod:fuelsupply","floor":18.0},{"not_picked":["rmod:supportaircraftcarrier","rmod:ammunitionsupply"],"picked":"rmod:aviationdawn+1","floor":19.0},{"not_picked":["rmod:circuitoustactics","rmod:fletcherpendant","rmod:tearstotiara"],"picked":"SKIP","floor":21.0},{"not_picked":["rmod:firesupport","rmod:diamondstrike+1"],"picked":"rmod:ammunitionsupply+1","floor":22.0},{"not_picked":["rmod:diamondstrike","rmod:supriseattacks"],"picked":"rmod:aggressivemary+1","floor":23.0},{"not_picked":["rmod:supportescort","rmod:selfconfidence"],"picked":"rmod:launchingtorpedo","floor":24.0},{"not_picked":["rmod:combined+1","rmod:heivgo"],"picked":"rmod:intelligenceanalysis+1","floor":28.0},{"not_picked":["rmod:selfconfidence","rmod:punchline"],"picked":"rmod:lonelyqueen","floor":29.0},{"not_picked":["rmod:luckystar+1","rmod:unsinkable","rmod:goodfighter"],"picked":"SKIP","floor":30.0},{"not_picked":["rmod:firesupport+1","rmod:intelligenceanalysis"],"picked":"rmod:victimresponsibility+1","floor":31.0},{"not_picked":["rmod:diamondstrike+1","rmod:fletcherpendant+1","rmod:unsinkable+1"],"picked":"SKIP","floor":32.0},{"not_picked":[],"picked":"DemoMod:Elimentaler","floor":35.0},{"not_picked":["rmod:fletcher","rmod:saltedfish"],"picked":"rmod:seals","floor":35.0},{"not_picked":["rmod:combined+1"],"picked":"SKIP","floor":37},{"not_picked":["rmod:tearstotiara"],"picked":"SKIP","floor":38}],"player_experience":221643,"relics_obtained":[{"floor":6.0,"key":"DemoMod:PoisonVial"},{"floor":9.0,"key":"Centennial Puzzle"},{"floor":12.0,"key":"Orichalcum"},{"floor":24.0,"key":"Pen Nib"},{"floor":24.0,"key":"Thread and Needle"},{"floor":25.0,"key":"Kunai"},{"floor":36,"key":"DemoMod:RatBoots"},{"floor":36,"key":"DemoMod:ResourcefulSack"},{"floor":36,"key":"DemoMod:PartiallyEatenCheese"},{"floor":36,"key":"Busted Crown"}],"event_choices":[{"damage_healed":0.0,"max_hp_gain":0.0,"max_hp_loss":0.0,"gold_gain":75.0,"event_name":"World of Goop","player_choice":"Gather Gold","floor":3.0,"gold_loss":0.0,"damage_taken":11.0},{"cards_removed":["rmod:strick"],"damage_healed":0.0,"max_hp_gain":0.0,"max_hp_loss":0.0,"gold_gain":0.0,"event_name":"Golden Wing","player_choice":"Card Removal","floor":4.0,"gold_loss":0.0,"damage_taken":7.0},{"damage_healed":0.0,"max_hp_gain":0.0,"max_hp_loss":0.0,"gold_gain":0.0,"cards_transformed":["rmod:defend"],"event_name":"Living Wall","player_choice":"Change","floor":5.0,"gold_loss":0.0,"damage_taken":0.0,"cards_obtained":["rmod:luckystar"]},{"damage_healed":0.0,"max_hp_gain":0.0,"max_hp_loss":0.0,"gold_gain":0.0,"event_name":"Scrap Ooze","player_choice":"Success","floor":11.0,"gold_loss":0.0,"damage_taken":18.0,"relics_obtained":["Dota2Spire:UrnOfShadows"]},{"damage_healed":0.0,"max_hp_gain":0.0,"max_hp_loss":0.0,"gold_gain":0.0,"event_name":"The Mausoleum","player_choice":"Opened","floor":20.0,"gold_loss":0.0,"damage_taken":0.0,"relics_obtained":["DemoMod:AgedBell"]}],"is_beta":false,"boss_relics":[{"not_picked":["Tiny House","Astrolabe"],"picked":"Black Star"},{"not_picked":[]}],"items_purged_floors":[],"is_endless":false,"potions_floor_spawned":[7,10,12,16,18,19,23,24,28,29,31,32,37],"killed_by":"Jaw Worm Horde","ascension_level":0}}