{"host":"ekyl8r8j8fco3zlk","time":1614205270,"event":{"mods":["ATMod(ªü½@Mod)","Act Like it!","Arknights","BaseMod","CapriCore","Dota2Spire","Friendly Minions","Gensokyo","GifTheSpireLib","Library of Ruina","Marisa¡]Ãú«B¡@Å]²z¨F¡^","Minty Spire (QoL Compilation)","Reimu¡]³Õ???¡^","StSLib","The Alterego","The Animator","The Immortal","TheWitcher","Waifu the Spire","WarShipGirlsR/??¤Ö¤kR mod","Yakumo Yukari mod"],"gold_per_floor":[117,137,137,148,148,148,158,187,236,236,246,264,290,310,310,411,411,427,437,437,463,479,504,528,528,528,554,592,623,623,634,634,741,750,779,799,823,839,839,839,879,902,902,902,936,972,993,409,409,409,409,409,2,32,32,32],"floor_reached":55,"language":"ZHS","playtime":2630,"items_purged":["LightAttack","LightDefense"],"score":1037,"play_id":"ee6eb446-542b-411d-b543-91caece23b60","local_time":"20210225062110","is_ascension_mode":false,"campfire_choices":[{"data":"Rampage_lor","floor":6,"key":"SMITH"},{"data":"TendonChords","floor":15,"key":"SMITH"},{"data":"Feast","floor":25,"key":"SMITH"},{"data":"Dodge","floor":30,"key":"SMITH"},{"data":"Outburst","floor":32,"key":"SMITH"},{"data":"Observe","floor":40,"key":"SMITH"},{"floor":49,"key":"RECALL"},{"data":"FocusedStrikes","floor":52,"key":"SMITH"}],"circlet_count":0,"master_deck":["Dodge+1","LightAttack","LightAttack","LightDefense","LightDefense","ChargeAndCover","FocusedStrikes+1","Rampage_lor+1","SharpNails+1","CircusKnives","Regret","Outburst+1","SnakesPrey","TendonChords+1","DarkCloud+1","Feast+1","CutIn+1","Juggling+1","Observe+1","AsThePrescriptOrders+1","Parasite","Standoff+1","Track+1","Parasite","ConcentratedFire+1","PinpointShot+1","UnavoidableGaze+1"],"relics":["PageOfLibrarian","AT_ATBox","Blue Candle","Dota2Spire:UrnOfShadows","Blood Vial","CeramicFish","Coffee Dripper","The Courier","PageOfLaetitia","Red Mask","Dream Catcher","AT_MortalBlade","Lantern","Dota2Spire:LinkenSphere","Vajra","Dota2Spire:OrchidMalevolence","Mercury Hourglass","PageOfScarecrow","PageOfSnowWhitesApple","AT_SunfireAegis"],"acts_visited":["Exordium","TheCity","TheBeyond","TheEnding"],"potions_floor_usage":[13,13,18,21,23,28,33,33,37,42,50,50,50],"damage_taken":[{"damage":11,"enemies":"Jaw Worm","floor":1,"turns":2},{"damage":2,"enemies":"ats:Genji","floor":2,"turns":3},{"damage":0,"enemies":"Cultist","floor":4,"turns":2},{"damage":1,"enemies":"2 Fungi Beasts","floor":7,"turns":2},{"damage":32,"enemies":"3 Sentries","floor":8,"turns":5},{"damage":9,"enemies":"Large Slime","floor":11,"turns":6},{"damage":1,"enemies":"3 Louse","floor":12,"turns":3},{"damage":1,"enemies":"Gremlin Nob","floor":13,"turns":2},{"damage":2,"enemies":"Blue Slaver","floor":14,"turns":2},{"damage":35,"enemies":"The Guardian","floor":16,"turns":7},{"damage":25,"enemies":"2 Thieves","floor":18,"turns":3},{"damage":17,"enemies":"Shell Parasite","floor":19,"turns":3},{"damage":11,"enemies":"Centurion and Healer","floor":21,"turns":3},{"damage":0,"enemies":"Snake Plant","floor":22,"turns":2},{"damage":23,"enemies":"Book of Stabbing","floor":23,"turns":4},{"damage":18,"enemies":"Shelled Parasite and Fungi","floor":24,"turns":3},{"damage":27,"enemies":"Centurion and Healer","floor":27,"turns":5},{"damage":16,"enemies":"Masked Bandits","floor":28,"turns":3},{"damage":17,"enemies":"Slavers","floor":29,"turns":4},{"damage":0,"enemies":"Snake Plant","floor":31,"turns":3},{"damage":54,"enemies":"Automaton","floor":33,"turns":8},{"damage":14,"enemies":"3 Darklings","floor":35,"turns":3},{"damage":2,"enemies":"Orb Walker","floor":36,"turns":1},{"damage":1,"enemies":"Writhing Mass","floor":37,"turns":3},{"damage":9,"enemies":"Spire Growth","floor":38,"turns":4},{"damage":23,"enemies":"Reptomancer","floor":41,"turns":5},{"damage":2,"enemies":"Transient","floor":42,"turns":5},{"damage":0,"enemies":"Writhing Mass","floor":45,"turns":3},{"damage":32,"enemies":"Giant Head","floor":46,"turns":6},{"damage":0,"enemies":"3 Darklings","floor":47,"turns":4},{"damage":71,"enemies":"Time Eater","floor":50,"turns":8},{"damage":5,"enemies":"Shield and Spear","floor":54,"turns":3},{"damage":89,"enemies":"The Heart","floor":55,"turns":5}],"seed_played":"2770130659169185626","potions_obtained":[{"floor":7,"key":"GrandPatriotsElixir:ReiMu"},{"floor":8,"key":"DuplicationPotion"},{"floor":12,"key":"Explosive Potion"},{"floor":14,"key":"Dexterity Potion"},{"floor":22,"key":"Strength Potion"},{"floor":24,"key":"Ancient Potion"},{"floor":27,"key":"Explosive Potion"},{"floor":29,"key":"SpeedPotion"},{"floor":31,"key":"SpeedPotion"},{"floor":38,"key":"LiquidMemories"},{"floor":41,"key":"Strength Potion"},{"floor":45,"key":"BlessingOfTheForge"},{"floor":46,"key":"SkillPotion"},{"floor":54,"key":"Explosive Potion"}],"is_trial":false,"path_per_floor":["M","M","?","M","?","R","M","E","T","?","M","M","E","M","R","B",null,"M","M","?","M","M","E","M","R","T","M","?","E","R","M","R","B",null,"M","M","M","M","?","R","E","M","T","?","M","E","M","$","R","B",null,"R","$","E","B"],"character_chosen":"Librarian","items_purchased":["Vajra","Dota2Spire:OrchidMalevolence","Mercury Hourglass","PageOfScarecrow","PageOfSnowWhitesApple"],"campfire_rested":0,"item_purchase_floors":[48,48,48,53,53],"current_hp_per_floor":[49,47,47,54,54,54,60,42,42,35,48,49,53,53,53,46,223,35,36,36,43,55,50,50,50,50,54,62,62,62,67,67,30,223,59,55,66,58,58,58,56,68,68,68,61,48,62,62,62,14,223,223,223,71,0,0],"gold":32,"neow_bonus":"REMOVE_CARD","is_daily":false,"chose_seed":false,"campfire_upgraded":7,"win_rate":0.0,"timestamp":1614205270,"path_taken":["M","M","?","M","?","R","M","E","T","?","?","M","E","M","R","BOSS","M","M","?","M","M","E","M","R","T","M","?","E","R","M","R","BOSS","M","M","M","M","?","R","E","M","T","?","M","E","M","$","R","BOSS","R","$","E","BOSS"],"items_purchased_type":["Relic","Relic","Relic","Relic","Relic"],"build_version":"2020-12-22","purchased_purges":2,"victory":false,"max_hp_per_floor":[76,76,76,76,76,76,76,76,76,76,76,76,223,223,223,223,223,223,223,223,223,223,223,223,223,223,223,223,223,223,223,223,223,223,223,223,223,223,223,223,223,223,223,223,223,223,223,223,223,223,223,223,223,223,223,223],"card_choices":[{"not_picked":["UnavoidableGaze","SunsetBlade","FierceCharge"],"picked":"Rampage_lor","floor":1},{"not_picked":["SharpSwipe","GroundSmash","BindingArms"],"picked":"SharpNails","floor":2},{"not_picked":["ShrineToMusic","BackAttack","SpearedSweep"],"picked":"CircusKnives","floor":4},{"not_picked":["SnakesPrey","Mutilate","ForTheFamily"],"picked":"Outburst","floor":7},{"not_picked":["StructuralAnalysis","EnergyCycle","BizarreAttack"],"picked":"SnakesPrey","floor":8},{"not_picked":["Leap_lor","Outburst","PinpointShot"],"picked":"TendonChords","floor":11},{"not_picked":["SharpenedBlade","Standoff","Diversion","GrazeTheGrass"],"picked":"SKIP","floor":12},{"not_picked":["Outburst","QuickSuppression","ViolentFlame","EnergyCycle"],"picked":"SKIP","floor":13},{"not_picked":["SnakesPrey","Gigigig","GroundSmash","BackAttack"],"picked":"SKIP","floor":14},{"not_picked":["WillOfThePrescript","GrazeTheGrass","QuickSuppression","Outburst"],"picked":"SKIP","floor":18},{"not_picked":["WillProduceFineSilk","Overcharge","DarkCloud","WillOfThePrescript"],"picked":"SKIP","floor":19},{"not_picked":["EnergyStrike","UnavoidableGaze","FierceCharge"],"picked":"DarkCloud+1","floor":21},{"not_picked":["StructuralAnalysis","ProselytesBlade+1","EnergyCycle","ViolentFlame"],"picked":"SKIP","floor":22},{"not_picked":["WillProduceFineSilk","ShrineToMusic+1","Tailoring","UpbeatPerformance"],"picked":"SKIP","floor":23},{"not_picked":["Rewind","Overpower","ViolentFlame+1"],"picked":"Feast","floor":24},{"not_picked":["AsThePrescriptOrders","ShrineToMusic+1","WillOfThePrescript"],"picked":"CutIn+1","floor":27},{"not_picked":["GrazeTheGrass","YoureAHindrance","ChargeUp"],"picked":"Juggling+1","floor":28},{"not_picked":["FierceCharge","UnavoidableGaze","Faith","WillOfThePrescript"],"picked":"SKIP","floor":29},{"not_picked":["RapidGashes","ForTheFamily","RepressedFlesh","BulkyImpact+1"],"picked":"SKIP","floor":31},{"not_picked":["MindCrush","WillProduceFineSilk"],"picked":"Observe","floor":33},{"not_picked":["Faith+1","SunsetBlade","UnavoidableGaze+1"],"picked":"AsThePrescriptOrders+1","floor":35},{"not_picked":["DarkCloud+1","Diversion","SnakesPrey","TendonChords+1"],"picked":"SKIP","floor":36},{"not_picked":["Faith","Marionette+1","UnavoidableGaze","ViolentFlame"],"picked":"SKIP","floor":37},{"not_picked":["Parry2+1","RipSpace","Faith","Standoff+1"],"picked":"SKIP","floor":38},{"not_picked":["CircusKnives","SnakesPrey","GroundSmash"],"picked":"Standoff+1","floor":41},{"not_picked":["FierceCharge","SpearedSweep+1","EnergyCycle+1"],"picked":"Track+1","floor":42},{"not_picked":["EnergyCycle+1","UpbeatPerformance+1","ForTheFamily"],"picked":"ConcentratedFire+1","floor":45},{"not_picked":["GroundSmash","Standoff+1","ElectricShock+1"],"picked":"PinpointShot+1","floor":46},{"not_picked":["UpbeatPerformance","QuickSuppression","Collision+1"],"picked":"UnavoidableGaze+1","floor":47},{"not_picked":["DarkCloud+1","Marionette","SharpNails+1","Parry2"],"picked":"SKIP","floor":54}],"player_experience":748207,"relics_obtained":[{"floor":8,"key":"Dota2Spire:UrnOfShadows"},{"floor":9,"key":"Blood Vial"},{"floor":13,"key":"CeramicFish"},{"floor":23,"key":"The Courier"},{"floor":26,"key":"PageOfLaetitia"},{"floor":28,"key":"Red Mask"},{"floor":29,"key":"Dream Catcher"},{"floor":41,"key":"Lantern"},{"floor":46,"key":"Dota2Spire:LinkenSphere"},{"floor":54,"key":"AT_SunfireAegis"}],"event_choices":[{"damage_healed":0,"gold_gain":0,"player_choice":"Grow","damage_taken":0,"max_hp_gain":0,"max_hp_loss":0,"event_name":"Living Wall","floor":3,"gold_loss":0,"cards_upgraded":["SharpNails"]},{"damage_healed":0,"gold_gain":0,"player_choice":"Box","damage_taken":0,"relics_obtained":["Blue Candle"],"max_hp_gain":0,"max_hp_loss":0,"event_name":"Big Fish","floor":5,"gold_loss":0,"cards_obtained":["Regret"]},{"damage_healed":0,"gold_gain":0,"player_choice":"Damaged","damage_taken":7,"max_hp_gain":0,"max_hp_loss":0,"event_name":"Wheel of Change","floor":10,"gold_loss":0},{"damage_healed":0,"gold_gain":0,"player_choice":"Ignored","damage_taken":0,"max_hp_gain":0,"max_hp_loss":0,"event_name":"Cursed Tome","floor":20,"gold_loss":0},{"damage_healed":0,"gold_gain":0,"player_choice":"Fought Bandits","damage_taken":0,"max_hp_gain":0,"max_hp_loss":0,"event_name":"Masked Bandits","floor":28,"gold_loss":0},{"cards_removed":["AT_EmpoweredMortalDraw"],"damage_healed":0,"gold_gain":0,"player_choice":"Removed Attack","damage_taken":0,"max_hp_gain":0,"max_hp_loss":0,"event_name":"Falling","floor":39,"gold_loss":0}],"is_beta":false,"boss_relics":[{"not_picked":["Tiny House","Philosopher\u0027s Stone"],"picked":"Coffee Dripper"},{"not_picked":["Runic Pyramid","Fusion Hammer"],"picked":"AT_MortalBlade"}],"items_purged_floors":[48,53],"is_endless":false,"potions_floor_spawned":[7,8,12,14,22,24,27,29,31,38,41,45,46,47,54],"killed_by":"The Heart","ascension_level":0}}