{"host":"vld99k9l4elccfy8","time":1614134758,"event":{"mods":["AchievementEnabler","BaseMod","Bestiary","Block Reminder","Colored Map","Colored Powertips","Custom Start","Highlight Path","Minty Spire (QoL Compilation)","Permanent Neow","Rare Cards Sparkle"],"gold_per_floor":[119,139,154,171,184,184,209,209,209,225,300,318,53,53,53,172,172,190,190,290,308,308,308],"floor_reached":22,"language":"ENG","playtime":10848,"items_purged":[],"score":188,"play_id":"f6e956ea-4da0-4932-aad1-9934d9348d4f","local_time":"20210223194558","is_ascension_mode":false,"campfire_choices":[{"floor":6.0,"key":"RECALL"},{"floor":8.0,"key":"REST"},{"floor":15.0,"key":"REST"}],"circlet_count":0,"master_deck":["Survivor","Neutralize","Deadly Poison","Infinite Blades","Slice","Poisoned Stab","Noxious Fumes","Catalyst","Cloak And Dagger","Accuracy","Blade Dance","Injury","Tools of the Trade","Doppelganger","Setup","Wraith Form v2","Accuracy","Expertise","Grand Finale","Deadly Poison","Bullet Time","Bullet Time","Malaise","Terror","Necronomicurse","Poisoned Stab"],"relics":["SlaversCollar","Bag of Preparation","Pantograph","Golden Idol","Pandora\u0027s Box","Necronomicon"],"acts_visited":["Exordium","TheCity"],"potions_floor_usage":[],"damage_taken":[{"damage":2.0,"enemies":"Small Slimes","floor":1.0,"turns":5.0},{"damage":1.0,"enemies":"Jaw Worm","floor":2.0,"turns":4.0},{"damage":5.0,"enemies":"2 Louse","floor":3.0,"turns":4.0},{"damage":13.0,"enemies":"Exordium Thugs","floor":4.0,"turns":7.0},{"damage":4.0,"enemies":"Blue Slaver","floor":5.0,"turns":4.0},{"damage":31.0,"enemies":"Gremlin Nob","floor":7.0,"turns":5.0},{"damage":7.0,"enemies":"Red Slaver","floor":10.0,"turns":4.0},{"damage":11.0,"enemies":"Exordium Thugs","floor":12.0,"turns":5.0},{"damage":14.0,"enemies":"The Guardian","floor":16.0,"turns":8.0},{"damage":37.0,"enemies":"3 Byrds","floor":18.0,"turns":5.0},{"damage":14.0,"enemies":"Shell Parasite","floor":21.0,"turns":5.0},{"damage":5,"enemies":"Cultist and Chosen","floor":22,"turns":1}],"seed_played":"6286244523957491743","potions_obtained":[{"floor":2.0,"key":"GhostInAJar"},{"floor":4.0,"key":"EssenceOfSteel"},{"floor":5.0,"key":"Ancient Potion"},{"floor":12.0,"key":"Poison Potion"},{"floor":18.0,"key":"CunningPotion"}],"is_trial":false,"path_per_floor":["M","M","M","M","M","R","E","R","T","M","?","M","$","?","R","B",null,"M","?","?","M","M"],"character_chosen":"THE_SILENT","items_purchased":["Pantograph","Blade Dance"],"campfire_rested":2,"item_purchase_floors":[13,13],"current_hp_per_floor":[68,67,62,49,45,45,14,35,35,28,17,6,6,6,27,38,70,33,17,17,3,0,0],"gold":308,"neow_bonus":"BOSS_RELIC","is_daily":false,"chose_seed":false,"campfire_upgraded":0,"win_rate":0.0,"timestamp":1614134758,"path_taken":["M","M","M","M","M","R","E","R","T","M","?","M","$","?","R","BOSS","M","?","?","?","M"],"items_purchased_type":["Relic","Card"],"build_version":"2020-12-22","purchased_purges":0,"victory":false,"max_hp_per_floor":[70,70,70,70,70,70,70,70,70,70,70,70,70,70,70,70,70,70,70,70,70,70,70],"card_choices":[{"not_picked":["Backflip","Slice"],"picked":"Deadly Poison","floor":1.0},{"not_picked":["Cloak And Dagger","Prepared"],"picked":"Infinite Blades","floor":2.0},{"not_picked":["Skewer","Outmaneuver"],"picked":"Slice","floor":3.0},{"not_picked":["Deadly Poison","Dagger Spray"],"picked":"Poisoned Stab","floor":4.0},{"not_picked":["Grand Finale","Riddle With Holes"],"picked":"Noxious Fumes","floor":5.0},{"not_picked":["Caltrops","Riddle With Holes"],"picked":"Catalyst","floor":7.0},{"not_picked":["Prepared","Escape Plan"],"picked":"Cloak And Dagger","floor":10.0},{"not_picked":["Prepared","All Out Attack"],"picked":"Accuracy","floor":12.0},{"not_picked":["Night Terror","Unload"],"picked":"Tools of the Trade","floor":16.0},{"not_picked":["Bane","Riddle With Holes"],"picked":"Terror","floor":18.0},{"not_picked":["Heel Hook+1","Bane"],"picked":"Poisoned Stab","floor":21.0}],"player_experience":444231,"relics_obtained":[{"floor":7.0,"key":"Bag of Preparation"},{"floor":19.0,"key":"Necronomicon"}],"event_choices":[{"damage_healed":0.0,"max_hp_gain":0.0,"max_hp_loss":0.0,"gold_gain":75.0,"event_name":"World of Goop","player_choice":"Gather Gold","floor":11.0,"gold_loss":0.0,"damage_taken":11.0},{"damage_healed":0.0,"max_hp_gain":0.0,"max_hp_loss":0.0,"gold_gain":0.0,"event_name":"Golden Idol","player_choice":"Take Wound","floor":14.0,"gold_loss":0.0,"damage_taken":0.0,"relics_obtained":["Golden Idol"],"cards_obtained":["Injury"]},{"damage_healed":0.0,"max_hp_gain":0.0,"max_hp_loss":0.0,"gold_gain":0.0,"event_name":"Cursed Tome","player_choice":"Obtained Book","floor":19.0,"gold_loss":0.0,"damage_taken":16.0},{"damage_healed":0.0,"max_hp_gain":0.0,"max_hp_loss":0.0,"gold_gain":100.0,"event_name":"Golden Shrine","player_choice":"Pray","floor":20.0,"gold_loss":0.0,"damage_taken":0.0}],"is_beta":false,"boss_relics":[{"not_picked":["Fusion Hammer","Busted Crown"],"picked":"Pandora\u0027s Box"}],"items_purged_floors":[],"is_endless":false,"potions_floor_spawned":[2,4,5,12,18],"killed_by":"Cultist and Chosen","ascension_level":0}}