{"host":"auii0tli5ebhxikt","time":1614142028,"event":{"mods":["ATMod(°¢èªMod)","BaseMod","Downfall","Energized Spire","Library of Ruina","Minty Spire (QoL Compilation)","Quick Restart","Relic Stats","Reliquary","Replay The Spire","Spicy Shops","StSLib","The Marked","[IsaacMod]ÒÔÈö¼âËþ","¡¾ÒÅÎï¿¨ÅÆ¡¿REMEMod"],"gold_per_floor":[110,120,73,73,73,73,89,123,123,53,53,112,129,57,74,113,113,229,229,262,279,27,40,40,40,54,73,99,12,12,26,52,64,64,163,163,180,207,70,117,195,244,244,254,278,289,12,12,37,55,122,122],"floor_reached":53,"language":"ZHS","playtime":4269,"items_purged":[],"score":926,"play_id":"f8308e65-9613-4bb8-8788-770ac49cfb9c","local_time":"20210224124708","is_ascension_mode":false,"campfire_choices":[{"data":"AT_BodySlamDance","floor":9,"key":"SMITH"},{"floor":17,"key":"REST"},{"data":"Barricade","floor":25,"key":"SMITH"},{"data":"REME_Scribble","floor":34,"key":"SMITH"},{"floor":51,"key":"REST"}],"circlet_count":0,"master_deck":["Strike_R+1","Strike_R+1","Strike_R+1","Strike_R+1","Strike_R+1","Defend_R+1","Defend_R+1","Defend_R+1","Defend_R+1","Bash","BettingIsNotGood+1","AT_BodySlamDance+1","Strike_R+1","REME_Cut","REME_Scribble+1","ReplayTheSpireMod:Stacked","AT_BodySlamDance","Metallicize+1","Barricade+1","Offering+1","Pride","Seeing Red+1","Bloodletting","ReplayTheSpireMod:Private Reserves","Body Slam+1"],"relics":["Burning Blood","AT_ATBox","HushsDoor","REME_ComplimentaryCards","SteamSale","reliquary:Knoch","ReplayTheSpireMod:CursedCoin","Iron Hammer","reliquary:FingerTrap","reliquary:Boomerang","reliquary:IridiumChain","Bronze Scales","BelialBook","energizedSpire:NeverEndingSparkler","CaptainsWheel","Oddly Smooth Stone","reliquary:TridentHead","ClockworkSouvenir","AT_EbonyIvory","Replay:Mystery Machine","AT_BellowingDragoncrestRing","reliquary:PartyBalloon","Fusion Hammer","reliquary:HotPoker","Sling","MoneyPower","Gremlin Food","PageOfSpiderBud","AT_DeathDance","Guide Book","Blood Vial","BloodBag"],"acts_visited":["Exordium","TheCity","TheBeyond"],"potions_floor_usage":[10,18,18,32,52],"damage_taken":[{"damage":0,"enemies":"2 Louse","floor":1,"turns":2},{"damage":9,"enemies":"Jaw Worm","floor":2,"turns":4},{"damage":4,"enemies":"Cultist","floor":7,"turns":5},{"damage":16,"enemies":"Replay:BlueRogue","floor":8,"turns":5},{"damage":47,"enemies":"3 Sentries","floor":10,"turns":10},{"damage":0,"enemies":"Large Slime","floor":13,"turns":8},{"damage":0,"enemies":"Looter","floor":15,"turns":1},{"damage":4,"enemies":"Blue Slaver","floor":16,"turns":2},{"damage":18,"enemies":"The Guardian","floor":18,"turns":5},{"damage":4,"enemies":"Shell Parasite","floor":20,"turns":6},{"damage":2,"enemies":"Chosen","floor":21,"turns":4},{"damage":15,"enemies":"Centurion and Healer","floor":23,"turns":5},{"damage":2,"enemies":"Cultist and Chosen","floor":26,"turns":3},{"damage":18,"enemies":"Snake Plant","floor":27,"turns":3},{"damage":10,"enemies":"Centurion and Healer","floor":31,"turns":4},{"damage":0,"enemies":"Replay:Snechameleon","floor":32,"turns":5},{"damage":0,"enemies":"3 Cultists","floor":33,"turns":6},{"damage":20,"enemies":"Automaton","floor":35,"turns":3},{"damage":0,"enemies":"Orb Walker","floor":37,"turns":4},{"damage":2,"enemies":"3 Darklings","floor":38,"turns":3},{"damage":26,"enemies":"2 Orb Walkers","floor":40,"turns":3},{"damage":0,"enemies":"Giant Head","floor":42,"turns":7},{"damage":0,"enemies":"Maw","floor":44,"turns":3},{"damage":2,"enemies":"Spire Growth","floor":46,"turns":3},{"damage":0,"enemies":"Reptomancer","floor":49,"turns":3},{"damage":6,"enemies":"Jaw Worm Horde","floor":50,"turns":4},{"damage":12,"enemies":"Donu and Deca","floor":52,"turns":10}],"seed_played":"3690308587465646532","potions_obtained":[{"floor":2,"key":"Elixir"},{"floor":8,"key":"BloodPotion"},{"floor":10,"key":"Adrenaline Potion"},{"floor":16,"key":"Guardian:BlockOnCardUsePotion"},{"floor":20,"key":"Flashbang"},{"floor":23,"key":"Flashbang"},{"floor":35,"key":"PowerPotion"},{"floor":42,"key":"Languid Potion"}],"is_trial":false,"path_per_floor":["M","M","$","?","PTL","PTL","M","E","R","E","T","?","M","$","M","M","R","B",null,"M","M","$","M","?","R","M","M","T","$","$","M","E","M","R","B",null,"M","M","$","?","?","E","?","M","T","M","$","?","E","M","R","B",null],"character_chosen":"IRONCLAD","items_purchased":["ReplayTheSpireMod:CursedCoin","Iron Hammer","reliquary:FingerTrap","BelialBook","CaptainsWheel","Oddly Smooth Stone","reliquary:TridentHead","ClockworkSouvenir","Replay:Mystery Machine","AT_BellowingDragoncrestRing","reliquary:HotPoker","Sling","AT_DeathDance","Guide Book","Blood Vial"],"campfire_rested":2,"item_purchase_floors":[3,3,3,14,22,22,22,22,29,29,39,39,47,47,47],"current_hp_per_floor":[80,77,77,70,70,70,77,67,67,49,49,34,42,42,48,52,77,67,88,90,92,92,86,86,86,93,83,83,83,83,81,90,98,98,87,110,113,116,116,99,70,79,79,85,85,92,92,92,113,115,135,138],"gold":122,"neow_bonus":"RANDOM_COMMON_RELIC","is_daily":false,"chose_seed":false,"campfire_upgraded":3,"win_rate":0.0,"timestamp":1614142028,"path_taken":["M","M","$","?","PTL","PTL","M","E","R","E","T","?","M","$","M","M","R","BOSS","M","M","$","M","?","R","?","?","T","?","$","M","E","M","R","BOSS","M","M","$","?","?","E","?","M","T","M","$","?","E","M","R","BOSS"],"items_purchased_type":["Relic","Relic","Relic","Relic","Relic","Relic","Relic","Relic","Relic","Relic","Relic","Relic","Relic","Relic","Relic"],"build_version":"2020-12-22","purchased_purges":0,"victory":true,"max_hp_per_floor":[80,80,80,80,80,80,80,80,80,82,82,82,84,84,84,86,86,88,88,90,92,92,95,95,95,98,100,100,100,100,102,105,107,107,110,110,113,116,116,119,119,122,122,122,122,125,125,125,128,128,135,138],"relic_stats":{"Blood Vial":4,"counters":[27,121],"Bronze Scales":[246],"obtain_stats":[{"AT_ATBox":0,"reliquary:Boomerang":8,"reliquary:PartyBalloon":32,"Replay:Mystery Machine":29,"Sling":39,"Burning Blood":0,"ClockworkSouvenir":22,"PageOfSpiderBud":45,"Blood Vial":47,"reliquary:TridentHead":22,"reliquary:HotPoker":39,"Iron Hammer":3,"Fusion Hammer":36,"reliquary:FingerTrap":3,"KeepersGift":0,"Gremlin Food":41,"ReplayTheSpireMod:CursedCoin":3,"Guide Book":47,"BelialBook":14,"Oddly Smooth Stone":22,"AT_EbonyIvory":28,"MoneyPower":40,"SteamSale":0,"BloodBag":51,"reliquary:IridiumChain":10,"CaptainsWheel":22,"AT_BellowingDragoncrestRing":29,"energizedSpire:NeverEndingSparkler":19,"Bronze Scales":11,"reliquary:Knoch":0,"AT_DeathDance":47,"HushsDoor":0,"REME_ComplimentaryCards":0,"BloodDonationMachine":49},{"AT_ATBox":0,"reliquary:Boomerang":4,"reliquary:PartyBalloon":16,"Replay:Mystery Machine":14,"Sling":20,"Burning Blood":0,"ClockworkSouvenir":11,"PageOfSpiderBud":23,"Blood Vial":24,"reliquary:TridentHead":11,"reliquary:HotPoker":20,"Iron Hammer":2,"Fusion Hammer":18,"reliquary:FingerTrap":2,"KeepersGift":0,"Gremlin Food":21,"ReplayTheSpireMod:CursedCoin":2,"Guide Book":24,"BelialBook":6,"Oddly Smooth Stone":11,"AT_EbonyIvory":14,"MoneyPower":21,"SteamSale":0,"BloodBag":26,"reliquary:IridiumChain":5,"CaptainsWheel":11,"AT_BellowingDragoncrestRing":14,"energizedSpire:NeverEndingSparkler":9,"Bronze Scales":5,"reliquary:Knoch":0,"AT_DeathDance":24,"HushsDoor":0,"REME_ComplimentaryCards":0,"BloodDonationMachine":25},{"AT_ATBox":0,"reliquary:Boomerang":16,"reliquary:PartyBalloon":72,"Replay:Mystery Machine":63,"Sling":88,"Burning Blood":0,"ClockworkSouvenir":52,"PageOfSpiderBud":101,"Blood Vial":104,"reliquary:TridentHead":52,"reliquary:HotPoker":88,"Iron Hammer":6,"Fusion Hammer":81,"reliquary:FingerTrap":6,"KeepersGift":0,"Gremlin Food":91,"ReplayTheSpireMod:CursedCoin":6,"Guide Book":104,"BelialBook":34,"Oddly Smooth Stone":52,"AT_EbonyIvory":63,"MoneyPower":91,"SteamSale":0,"BloodBag":111,"reliquary:IridiumChain":26,"CaptainsWheel":52,"AT_BellowingDragoncrestRing":63,"energizedSpire:NeverEndingSparkler":42,"Bronze Scales":26,"reliquary:Knoch":0,"AT_DeathDance":104,"HushsDoor":0,"REME_ComplimentaryCards":0,"BloodDonationMachine":107}],"Burning Blood":134},"card_choices":[{"not_picked":[],"picked":"BettingIsNotGood","floor":0},{"not_picked":["Double Tap","Blood for Blood"],"picked":"AT_BodySlamDance","floor":1},{"not_picked":["Heavy Blade","Clash","Twin Strike"],"picked":"SKIP","floor":2},{"not_picked":["Iron Wave","Clash"],"picked":"REME_Cut","floor":7},{"not_picked":["Fire Breathing","Double Tap"],"picked":"REME_Scribble","floor":8},{"not_picked":["Twin Strike","AT_DrawKnifeCut"],"picked":"ReplayTheSpireMod:Stacked","floor":10},{"not_picked":["Hemokinesis","Clash"],"picked":"AT_BodySlamDance","floor":13},{"not_picked":["Clothesline","Burning Pact","True Grit"],"picked":"SKIP","floor":15},{"not_picked":["Clothesline","True Grit"],"picked":"Metallicize","floor":16},{"not_picked":["Eclipse","Bludgeon"],"picked":"Barricade","floor":18},{"not_picked":["Perfected Strike","Anger","AT_BodySlamDance"],"picked":"SKIP","floor":20},{"not_picked":["Clash","Clothesline","Warcry"],"picked":"SKIP","floor":21},{"not_picked":["AT_BodySlamDance","Abandon","Warcry+1"],"picked":"SKIP","floor":23},{"not_picked":["Iron Wave","Heavy Blade+1"],"picked":"Offering","floor":26},{"not_picked":["Iron Wave","Abandon","Pommel Strike+1"],"picked":"SKIP","floor":27},{"not_picked":["Clash","Fiend Fire","Anger"],"picked":"SKIP","floor":31},{"not_picked":["Thunderclap","Warcry","Fire Breathing"],"picked":"SKIP","floor":32},{"not_picked":["Pommel Strike","Body Slam","Shockwave"],"picked":"SKIP","floor":33},{"not_picked":["Clash","Pommel Strike+1"],"picked":"Seeing Red+1","floor":37},{"not_picked":["Heavy Blade","Thunderclap","Warcry+1"],"picked":"SKIP","floor":38},{"not_picked":["Shrug It Off","Heavy Blade"],"picked":"Bloodletting","floor":41},{"not_picked":["Corruption","Uppercut+1","True Grit+1"],"picked":"SKIP","floor":42},{"not_picked":["AT_Homeward","Sadistic Nature"],"picked":"ReplayTheSpireMod:Private Reserves","floor":43},{"not_picked":["Sword Boomerang+1","Flex+1","Anger"],"picked":"SKIP","floor":44},{"not_picked":["ReplayTheSpireMod:Corrosion Curse","Heavy Blade+1","True Grit+1"],"picked":"SKIP","floor":46},{"not_picked":["Hemogenesis","Havoc+1"],"picked":"Body Slam+1","floor":49},{"not_picked":["Inflame","Blood for Blood","AT_IchimonjiDouble+1"],"picked":"SKIP","floor":50}],"player_experience":138702,"relics_obtained":[{"floor":8,"key":"reliquary:Boomerang"},{"floor":10,"key":"reliquary:IridiumChain"},{"floor":11,"key":"Bronze Scales"},{"floor":28,"key":"AT_EbonyIvory"},{"floor":32,"key":"reliquary:PartyBalloon"},{"floor":40,"key":"MoneyPower"},{"floor":41,"key":"Gremlin Food"},{"floor":45,"key":"PageOfSpiderBud"},{"floor":49,"key":"BloodDonationMachine"}],"event_choices":[{"damage_healed":0,"gold_gain":0,"player_choice":"Simplicity","damage_taken":0,"max_hp_gain":0,"max_hp_loss":0,"event_name":"Back to Basics","floor":24,"gold_loss":0,"cards_upgraded":["Strike_R","Strike_R","Strike_R","Strike_R","Strike_R","Defend_R","Defend_R","Defend_R","Defend_R"]},{"damage_healed":0,"gold_gain":0,"player_choice":"Fight","damage_taken":0,"max_hp_gain":0,"max_hp_loss":0,"event_name":"Mysterious Sphere","floor":40,"gold_loss":0},{"damage_healed":0,"gold_gain":0,"player_choice":"Memory 1","damage_taken":0,"max_hp_gain":0,"max_hp_loss":0,"event_name":"SensoryStone","floor":43,"gold_loss":0}],"is_beta":false,"boss_relics":[{"not_picked":["ReplayTheSpireMod:DimensionalGlitch","ChewingGum"],"picked":"energizedSpire:NeverEndingSparkler"},{"not_picked":[]},{"not_picked":["Black Star","Replay:Wanted Poster"],"picked":"Fusion Hammer"},{"not_picked":[]}],"items_purged_floors":[],"is_endless":false,"potions_floor_spawned":[2,8,10,16,20,23,26,35,42,44,46],"ascension_level":0}}