{"host":"ga4s3hj9m6nkn6gp","time":1614195499,"event":{"mods":["AchievementEnabler","BaseMod","Bestiary","Colored Powertips","Highlight Path","Minty Spire (QoL Compilation)","Relic Stats","everything is the same but u backflip on backflip"],"gold_per_floor":[112,130,140,140,140,140,183,197,223,258,258,283,326,341,341,461,461,476,113,127,127,147,185,200,216,216,259,259,295,314,338,338,462,462,476,496,66,87,87,126,142,142,142,142,167,198,218,249,249,249,249,249,12,56,56],"floor_reached":56,"language":"ENG","playtime":4704,"items_purged":["Defend_P","Defend_P"],"score":1940,"play_id":"ece36c54-9bff-421e-8f61-ca25960161b8","local_time":"20210224203819","is_ascension_mode":true,"campfire_choices":[{"data":"Eruption","floor":6.0,"key":"SMITH"},{"data":"TalkToTheHand","floor":11.0,"key":"SMITH"},{"data":"Wireheading","floor":15.0,"key":"SMITH"},{"data":"1","floor":28.0,"key":"LIFT"},{"data":"2","floor":32.0,"key":"LIFT"},{"floor":42.0,"key":"REST"},{"data":"3","floor":44.0,"key":"LIFT"},{"floor":49,"key":"RECALL"},{"floor":52,"key":"REST"}],"circlet_count":0,"master_deck":["Strike_P+1","Strike_P+1","Strike_P+1","Defend_P+1","Eruption+1","Vigilance","FearNoEvil+1","TalkToTheHand+1","CutThroughFate+1","Evaluate+1","BowlingBash","Wireheading+1","Weave","Ragnarok+1","Consecrate+1","FlurryOfBlows+1","CrushJoints+1","FlurryOfBlows+1","LessonLearned+1","TalkToTheHand+1","Vault","Adaptation+1","WheelKick+1","JustLucky+1","DeceiveReality+1","TalkToTheHand","WaveOfTheHand","Adaptation","Crescendo+1"],"relics":["PureWater","Golden Idol","Oddly Smooth Stone","Whetstone","PreservedInsect","Toy Ornithopter","Fusion Hammer","Girya","Ancient Tea Set","Orichalcum","Nunchaku","Gambling Chip","Bronze Scales","VioletLotus","Lee\u0027s Waffle","Potion Belt","Blue Candle","InkBottle","Vajra","Damaru"],"acts_visited":["Exordium","TheCity","TheBeyond","TheEnding"],"potions_floor_usage":[50,55,55],"damage_taken":[{"damage":8.0,"enemies":"Jaw Worm","floor":1.0,"turns":6.0},{"damage":3.0,"enemies":"2 Louse","floor":2.0,"turns":2.0},{"damage":0.0,"enemies":"Small Slimes","floor":3.0,"turns":3.0},{"damage":0.0,"enemies":"Gremlin Nob","floor":7.0,"turns":2.0},{"damage":0.0,"enemies":"Exordium Thugs","floor":8.0,"turns":3.0},{"damage":15.0,"enemies":"Lagavulin","floor":10.0,"turns":6.0},{"damage":1.0,"enemies":"Lots of Slimes","floor":12.0,"turns":3.0},{"damage":0.0,"enemies":"Gremlin Nob","floor":13.0,"turns":2.0},{"damage":0.0,"enemies":"Large Slime","floor":14.0,"turns":3.0},{"damage":27.0,"enemies":"Hexaghost","floor":16.0,"turns":8.0},{"damage":6.0,"enemies":"2 Thieves","floor":18.0,"turns":4.0},{"damage":5.0,"enemies":"3 Byrds","floor":20.0,"turns":4.0},{"damage":0.0,"enemies":"Snake Plant","floor":22.0,"turns":2.0},{"damage":0.0,"enemies":"Gremlin Leader","floor":23.0,"turns":2.0},{"damage":0.0,"enemies":"Snecko","floor":24.0,"turns":2.0},{"damage":7.0,"enemies":"Shelled Parasite and Fungi","floor":25.0,"turns":2.0},{"damage":19.0,"enemies":"Book of Stabbing","floor":27.0,"turns":4.0},{"damage":2.0,"enemies":"Slavers","floor":29.0,"turns":2.0},{"damage":0.0,"enemies":"Sentry and Sphere","floor":30.0,"turns":2.0},{"damage":0.0,"enemies":"Centurion and Healer","floor":31.0,"turns":2.0},{"damage":30.0,"enemies":"Collector","floor":33.0,"turns":6.0},{"damage":0.0,"enemies":"3 Darklings","floor":35.0,"turns":3.0},{"damage":13.0,"enemies":"Orb Walker","floor":36.0,"turns":4.0},{"damage":28.0,"enemies":"Writhing Mass","floor":38.0,"turns":5.0},{"damage":38.0,"enemies":"Nemesis","floor":40.0,"turns":4.0},{"damage":0.0,"enemies":"Jaw Worm Horde","floor":41.0,"turns":1.0},{"damage":0.0,"enemies":"Spire Growth","floor":45.0,"turns":3.0},{"damage":0,"enemies":"Reptomancer","floor":46,"turns":2},{"damage":0,"enemies":"Maw","floor":47,"turns":3},{"damage":0,"enemies":"Nemesis","floor":48,"turns":3},{"damage":36,"enemies":"Awakened One","floor":50,"turns":6},{"damage":0,"enemies":"Shield and Spear","floor":54,"turns":2},{"damage":51,"enemies":"The Heart","floor":55,"turns":7}],"seed_played":"-6916155521790657889","potions_obtained":[{"floor":2.0,"key":"Energy Potion"},{"floor":3.0,"key":"PowerPotion"},{"floor":7.0,"key":"Ambrosia"},{"floor":20.0,"key":"FairyPotion"},{"floor":22.0,"key":"SteroidPotion"},{"floor":24.0,"key":"BottledMiracle"},{"floor":30.0,"key":"Fruit Juice"},{"floor":31.0,"key":"Strength Potion"},{"floor":33.0,"key":"BottledMiracle"},{"floor":40.0,"key":"Strength Potion"},{"floor":47,"key":"Swift Potion"}],"is_trial":false,"path_per_floor":["M","M","M","?","?","R","E","M","T","E","R","M","E","M","R","B",null,"M","$","M","?","M","E","M","M","T","E","R","E","M","M","R","B",null,"M","M","$","M","?","E","M","R","T","R","M","E","M","E","R","B",null,"R","$","E","B",null],"character_chosen":"WATCHER","items_purchased":["Girya","Lee\u0027s Waffle","Potion Belt","Adaptation","TalkToTheHand","WaveOfTheHand","Adaptation","PowerPotion"],"campfire_rested":2,"item_purchase_floors":[19,37,37,37,53,53,53,53],"current_hp_per_floor":[64,61,61,61,61,61,61,61,61,46,46,45,45,45,45,23,61,55,55,55,55,60,60,60,53,53,34,34,32,32,32,32,7,57,57,44,80,57,57,19,19,43,43,53,53,53,53,53,53,22,69,85,85,85,34],"gold":56,"neow_bonus":"TEN_PERCENT_HP_BONUS","is_daily":false,"chose_seed":false,"campfire_upgraded":3,"win_rate":0.0,"timestamp":1614195499,"path_taken":["M","M","M","?","?","R","E","M","T","E","R","M","E","M","R","BOSS","M","$","M","?","M","E","M","M","T","E","R","E","M","M","R","BOSS","M","M","$","M","?","E","M","R","T","R","?","E","M","E","R","BOSS","R","$","E","BOSS"],"items_purchased_type":["Relic","Relic","Relic","Card","Card","Card","Card","Potion"],"build_version":"2020-12-22","purchased_purges":2,"victory":true,"max_hp_per_floor":[79,79,79,73,73,73,73,73,73,73,73,73,73,73,73,73,73,73,73,73,73,73,73,73,73,73,73,73,73,73,73,73,73,73,73,73,80,80,80,80,80,80,80,85,85,85,85,85,85,85,85,85,85,85,85],"relic_stats":{"Lee\u0027s Waffle":36,"counters":[33,113],"Golden Idol":237,"Blue Candle":[0],"PreservedInsect":391,"Whetstone":["Strike_P","CutThroughFate"],"Orichalcum":[36],"Nunchaku":[24],"Gambling Chip":[43],"Bronze Scales":[143],"VioletLotus":[6],"obtain_stats":[{"Potion Belt":37,"Girya":19,"Lee\u0027s Waffle":37,"Golden Idol":4,"Blue Candle":40,"Oddly Smooth Stone":7,"Vajra":48,"Damaru":54,"PreservedInsect":10,"Whetstone":9,"Orichalcum":23,"Ancient Tea Set":21,"Nunchaku":26,"Gambling Chip":27,"Bronze Scales":29,"Fusion Hammer":17,"VioletLotus":34,"PureWater":0,"Toy Ornithopter":13,"InkBottle":46},{"Potion Belt":23,"Girya":11,"Lee\u0027s Waffle":23,"Golden Idol":3,"Blue Candle":25,"Oddly Smooth Stone":4,"Vajra":30,"Damaru":32,"PreservedInsect":6,"Whetstone":5,"Orichalcum":14,"Ancient Tea Set":12,"Nunchaku":16,"Gambling Chip":17,"Bronze Scales":18,"Fusion Hammer":10,"VioletLotus":21,"PureWater":0,"Toy Ornithopter":8,"InkBottle":28},{"Potion Belt":77,"Girya":42,"Lee\u0027s Waffle":77,"Golden Idol":11,"Blue Candle":86,"Oddly Smooth Stone":13,"Vajra":98,"Damaru":106,"PreservedInsect":22,"Whetstone":16,"Orichalcum":50,"Ancient Tea Set":46,"Nunchaku":54,"Gambling Chip":58,"Bronze Scales":60,"Fusion Hammer":38,"VioletLotus":70,"PureWater":0,"Toy Ornithopter":27,"InkBottle":92}],"Toy Ornithopter":35,"InkBottle":[14]},"card_choices":[{"not_picked":["CutThroughFate","MentalFortress"],"picked":"FearNoEvil","floor":1.0},{"not_picked":["Indignation","BowlingBash"],"picked":"TalkToTheHand","floor":2.0},{"not_picked":["Evaluate","EmptyFist"],"picked":"CutThroughFate","floor":3.0},{"not_picked":["Prostrate","Worship"],"picked":"BowlingBash","floor":7.0},{"not_picked":["Halt","Protect"],"picked":"Wireheading","floor":8.0},{"not_picked":["Fasting2","DeceiveReality","Evaluate"],"picked":"SKIP","floor":10.0},{"not_picked":["Vengeance","Crescendo","CutThroughFate"],"picked":"SKIP","floor":12.0},{"not_picked":["FlyingSleeves","MasterReality","WindmillStrike"],"picked":"SKIP","floor":13.0},{"not_picked":["Protect","Worship"],"picked":"Weave","floor":14.0},{"not_picked":["Devotion","Alpha"],"picked":"Ragnarok","floor":16.0},{"not_picked":["Evaluate","Pray","Wallop"],"picked":"SKIP","floor":18.0},{"not_picked":["Protect","Evaluate+1"],"picked":"Consecrate+1","floor":20.0},{"not_picked":["ThirdEye","ClearTheMind+1"],"picked":"FlurryOfBlows+1","floor":22.0},{"not_picked":["Crescendo","Protect+1","Evaluate"],"picked":"SKIP","floor":23.0},{"not_picked":["Crescendo","FlyingSleeves+1"],"picked":"CrushJoints+1","floor":24.0},{"not_picked":["Prostrate","FearNoEvil"],"picked":"FlurryOfBlows+1","floor":25.0},{"not_picked":["Evaluate","DevaForm"],"picked":"LessonLearned","floor":27.0},{"not_picked":["WreathOfFlame","ReachHeaven","Evaluate"],"picked":"SKIP","floor":29.0},{"not_picked":["EmptyFist","Wallop","Prostrate"],"picked":"SKIP","floor":30.0},{"not_picked":["Halt","FlurryOfBlows"],"picked":"TalkToTheHand+1","floor":31.0},{"not_picked":["Omniscience","ConjureBlade"],"picked":"Vault","floor":33.0},{"not_picked":["ForeignInfluence","Halt","ClearTheMind"],"picked":"SKIP","floor":35.0},{"not_picked":["Weave","Protect+1","ClearTheMind"],"picked":"SKIP","floor":36.0},{"not_picked":["ForeignInfluence+1","CutThroughFate+1"],"picked":"WheelKick+1","floor":38.0},{"not_picked":["SignatureMove+1","Prostrate","ConjureBlade"],"picked":"SKIP","floor":40.0},{"not_picked":["PathToVictory","BowlingBash+1","ForeignInfluence"],"picked":"SKIP","floor":41.0},{"not_picked":["Prostrate+1","WaveOfTheHand"],"picked":"JustLucky+1","floor":45.0},{"not_picked":["SandsOfTime","CrushJoints+1"],"picked":"DeceiveReality+1","floor":46},{"not_picked":["FlyingSleeves+1","Alpha","Protect+1"],"picked":"SKIP","floor":47},{"not_picked":["JustLucky","Protect","Consecrate+1"],"picked":"SKIP","floor":48},{"not_picked":["Prostrate","MasterReality"],"picked":"Crescendo+1","floor":54}],"player_experience":801561,"relics_obtained":[{"floor":7.0,"key":"Oddly Smooth Stone"},{"floor":9.0,"key":"Whetstone"},{"floor":10.0,"key":"PreservedInsect"},{"floor":13.0,"key":"Toy Ornithopter"},{"floor":23.0,"key":"Orichalcum"},{"floor":26.0,"key":"Nunchaku"},{"floor":27.0,"key":"Gambling Chip"},{"floor":29.0,"key":"Bronze Scales"},{"floor":40.0,"key":"Blue Candle"},{"floor":46,"key":"InkBottle"},{"floor":48,"key":"Vajra"},{"floor":54,"key":"Damaru"}],"event_choices":[{"damage_healed":0.0,"max_hp_gain":0.0,"max_hp_loss":6.0,"gold_gain":0.0,"event_name":"Golden Idol","player_choice":"Lose Max HP","floor":4.0,"gold_loss":0.0,"damage_taken":0.0,"relics_obtained":["Golden Idol"]},{"damage_healed":0.0,"max_hp_gain":0.0,"max_hp_loss":0.0,"gold_gain":0.0,"cards_transformed":["Defend_P"],"event_name":"Living Wall","player_choice":"Change","floor":5.0,"gold_loss":0.0,"damage_taken":0.0,"cards_obtained":["Evaluate"]},{"damage_healed":0.0,"max_hp_gain":0.0,"max_hp_loss":0.0,"gold_gain":0.0,"event_name":"The Mausoleum","player_choice":"Opened","floor":21.0,"gold_loss":0.0,"damage_taken":0.0,"relics_obtained":["Ancient Tea Set"]},{"cards_removed":["Strike_P"],"damage_healed":0.0,"max_hp_gain":0.0,"max_hp_loss":0.0,"gold_gain":0.0,"event_name":"Purifier","player_choice":"Purged","floor":39.0,"gold_loss":0.0,"damage_taken":0.0}],"is_beta":false,"boss_relics":[{"not_picked":["Ectoplasm","Snecko Eye"],"picked":"Fusion Hammer"},{"not_picked":["Empty Cage","HolyWater"],"picked":"VioletLotus"}],"items_purged_floors":[19,37],"is_endless":false,"potions_floor_spawned":[2,3,7,10,20,22,24,27,30,31,33,36,40,47],"ascension_level":9}}