{"host":"dtipo12tscmg0mau","time":1614202488,"event":{"mods":["AchievementEnabler","BaseMod","Colored Map","Colored Powertips","Minty Spire (QoL Compilation)","Quick Restart","Random Character Button","StSLib","SuperFastMode"],"gold_per_floor":[117,127,127,127,143,168,184,184,209,236,236,253,282,382,382,479,529,542,553,571,259,272,272,304,304,304,337,350,350,360,391,391,391,391],"floor_reached":33,"language":"ENG","playtime":1538,"items_purged":[],"score":385,"play_id":"614f20df-3e15-4fb1-99f6-919545666f44","local_time":"20210224163448","is_ascension_mode":true,"campfire_choices":[{"data":"Perfected Strike","floor":8,"key":"SMITH"},{"data":"Blood for Blood","floor":11,"key":"SMITH"},{"floor":15,"key":"REST"},{"floor":23,"key":"REST"},{"data":"Apotheosis","floor":25,"key":"SMITH"},{"floor":29,"key":"REST"},{"floor":32,"key":"REST"}],"circlet_count":0,"master_deck":["Strike_R","Strike_R","Strike_R","Strike_R","Defend_R","Defend_R","Defend_R","Defend_R","Bash","Perfected Strike+1","Rampage","Twin Strike","Hemokinesis+1","Pummel","Blood for Blood+1","Headbutt","Impervious","Twin Strike","Shrug It Off","Armaments","Shrug It Off+1","Feed","Apotheosis+1","Sentinel+1","Anger","Thunderclap","Shockwave","Battle Trance","Rage"],"relics":["Burning Blood","Unceasing Top","Strawberry","PreservedInsect","Orichalcum","Bag of Preparation","Tiny House","Toy Ornithopter","Potion Belt","Happy Flower","Shovel"],"acts_visited":["Exordium","TheCity"],"potions_floor_usage":[16,16,16,27,27,27,31,31],"damage_taken":[{"damage":4,"enemies":"Jaw Worm","floor":1,"turns":3},{"damage":3,"enemies":"Small Slimes","floor":2,"turns":3},{"damage":1,"enemies":"Cultist","floor":5,"turns":3},{"damage":28,"enemies":"Gremlin Nob","floor":6,"turns":4},{"damage":8,"enemies":"Blue Slaver","floor":7,"turns":2},{"damage":31,"enemies":"Lagavulin","floor":10,"turns":4},{"damage":10,"enemies":"Lots of Slimes","floor":12,"turns":3},{"damage":8,"enemies":"Gremlin Nob","floor":13,"turns":3},{"damage":13,"enemies":"Hexaghost","floor":16,"turns":7},{"damage":8,"enemies":"3 Byrds","floor":18,"turns":4},{"damage":31,"enemies":"2 Thieves","floor":19,"turns":4},{"damage":25,"enemies":"Snecko","floor":20,"turns":5},{"damage":18,"enemies":"Chosen and Byrds","floor":22,"turns":8},{"damage":19,"enemies":"Gremlin Leader","floor":24,"turns":4},{"damage":61,"enemies":"Book of Stabbing","floor":27,"turns":8},{"damage":10,"enemies":"Centurion and Healer","floor":28,"turns":6},{"damage":17,"enemies":"3 Cultists","floor":30,"turns":5},{"damage":23,"enemies":"Gremlin Leader","floor":31,"turns":3},{"damage":88,"enemies":"Collector","floor":33,"turns":7}],"seed_played":"-6928111607994323187","potions_obtained":[{"floor":5,"key":"ElixirPotion"},{"floor":6,"key":"SkillPotion"},{"floor":12,"key":"Strength Potion"},{"floor":13,"key":"Block Potion"},{"floor":17,"key":"Fire Potion"},{"floor":18,"key":"Regen Potion"},{"floor":19,"key":"Explosive Potion"},{"floor":28,"key":"GamblersBrew"},{"floor":30,"key":"FearPotion"}],"is_trial":false,"path_per_floor":["M","M","?","?","M","E","M","R","T","E","R","M","E","?","R","B",null,"M","M","M","$","M","R","E","R","T","E","M","R","M","E","R","B"],"character_chosen":"IRONCLAD","items_purchased":["Feed","Apotheosis"],"campfire_rested":4,"item_purchase_floors":[21,21],"current_hp_per_floor":[80,80,80,80,80,65,63,63,63,38,38,34,32,32,58,51,92,90,65,46,46,34,61,52,52,52,21,21,51,40,33,63,0,0],"gold":391,"neow_bonus":"ONE_RARE_RELIC","is_daily":false,"chose_seed":false,"campfire_upgraded":3,"win_rate":0.0,"timestamp":1614202488,"path_taken":["M","M","?","?","M","E","M","R","T","E","R","?","E","?","R","BOSS","M","M","M","$","?","R","E","R","T","E","M","R","M","E","R","BOSS"],"items_purchased_type":["Card","Card"],"build_version":"2020-12-22","purchased_purges":0,"victory":false,"max_hp_per_floor":[80,80,80,80,80,87,87,87,87,87,87,87,87,87,87,87,92,92,92,92,92,92,92,96,96,96,96,100,100,100,100,100,100,100],"card_choices":[{"not_picked":["Warcry","Sentinel"],"picked":"Perfected Strike","floor":1},{"not_picked":["Pommel Strike","Anger"],"picked":"Rampage","floor":2},{"not_picked":["Armaments","Wild Strike"],"picked":"Twin Strike","floor":5},{"not_picked":["Clash","Reaper"],"picked":"Hemokinesis","floor":6},{"not_picked":["Heavy Blade","True Grit"],"picked":"Pummel","floor":7},{"not_picked":["Exhume","Reckless Charge"],"picked":"Blood for Blood","floor":10},{"not_picked":["Clash","Havoc"],"picked":"Headbutt","floor":12},{"not_picked":["Fire Breathing","Reckless Charge","Havoc"],"picked":"SKIP","floor":13},{"not_picked":["Juggernaut","Exhume"],"picked":"Impervious","floor":16},{"not_picked":["True Grit","Heavy Blade"],"picked":"Twin Strike","floor":17},{"not_picked":["Blood for Blood","Body Slam"],"picked":"Shrug It Off","floor":18},{"not_picked":["Heavy Blade","Infernal Blade"],"picked":"Armaments","floor":19},{"not_picked":["Twin Strike","Anger"],"picked":"Shrug It Off+1","floor":20},{"not_picked":["Brutality","Flex"],"picked":"Sentinel+1","floor":22},{"not_picked":["Pommel Strike","Sword Boomerang"],"picked":"Anger","floor":24},{"not_picked":["Iron Wave","Entrench"],"picked":"Thunderclap","floor":27},{"not_picked":["Twin Strike","Power Through+1"],"picked":"Shockwave","floor":28},{"not_picked":["Infernal Blade","Sever Soul"],"picked":"Battle Trance","floor":30},{"not_picked":["Bloodletting","Pummel"],"picked":"Rage","floor":31}],"player_experience":171479,"relics_obtained":[{"floor":6,"key":"Strawberry"},{"floor":9,"key":"PreservedInsect"},{"floor":10,"key":"Orichalcum"},{"floor":13,"key":"Bag of Preparation"},{"floor":24,"key":"Toy Ornithopter"},{"floor":26,"key":"Potion Belt"},{"floor":27,"key":"Happy Flower"},{"floor":31,"key":"Shovel"}],"event_choices":[{"cards_removed":["Regret"],"damage_healed":0,"gold_gain":0,"player_choice":"Forget","damage_taken":0,"max_hp_gain":0,"max_hp_loss":0,"event_name":"Living Wall","floor":3,"gold_loss":0},{"cards_removed":["Strike_R"],"damage_healed":0,"gold_gain":0,"player_choice":"Offered Basic","damage_taken":0,"max_hp_gain":0,"max_hp_loss":0,"event_name":"Bonfire Elementals","floor":4,"gold_loss":0},{"damage_healed":0,"gold_gain":100,"player_choice":"Pray","damage_taken":0,"max_hp_gain":0,"max_hp_loss":0,"event_name":"Golden Shrine","floor":14,"gold_loss":0}],"is_beta":false,"boss_relics":[{"not_picked":["Philosopher\u0027s Stone","Cursed Key"],"picked":"Tiny House"}],"items_purged_floors":[],"is_endless":false,"potions_floor_spawned":[5,6,12,13,18,19,22,28,30],"killed_by":"Collector","ascension_level":2}}