{"host":"fbdlh90rovbiajun","time":1614134558,"event":{"mods":["AchievementEnabler","BaseMod","Colored Map","Keyboard Shortcuts","Minty Spire (QoL Compilation)","SuperFastMode"],"gold_per_floor":[111,111,61,81,4,4,30,46,99,99,99,99,129,129,129,254,254,273,296,72,72,97,151,151,25,25,56,72,72,102,114,114,114,114],"floor_reached":33,"language":"KOR","playtime":780,"items_purged":["Defend_P"],"score":487,"play_id":"f10cb78e-0e60-4b54-b504-29107d41b398","local_time":"20210224114238","is_ascension_mode":true,"campfire_choices":[{"data":"Eruption","floor":6,"key":"SMITH"},{"data":"Judgement","floor":12,"key":"SMITH"},{"floor":15,"key":"REST"},{"floor":29,"key":"REST"},{"floor":32,"key":"REST"}],"circlet_count":0,"master_deck":["Strike_P","Strike_P","Defend_P","Defend_P","Eruption+1","Vigilance","Consecrate","SandsOfTime","Judgement+1","Vault","CurseOfTheBell","FearNoEvil+1"],"relics":["PureWater","NeowsBlessing","Dream Catcher","Akabeko","Vajra","Bloody Idol","Calling Bell","Strawberry","Molten Egg 2","Ginger","Membership Card","Pen Nib","Shuriken","Frozen Egg 2","Bag of Preparation","CaptainsWheel"],"acts_visited":["Exordium","TheCity"],"potions_floor_usage":[18,23,27],"damage_taken":[{"damage":0,"enemies":"2 Louse","floor":1,"turns":1},{"damage":0,"enemies":"Small Slimes","floor":4,"turns":1},{"damage":0,"enemies":"3 Sentries","floor":7,"turns":1},{"damage":0,"enemies":"Jaw Worm","floor":8,"turns":2},{"damage":0,"enemies":"Lagavulin","floor":13,"turns":2},{"damage":37,"enemies":"The Guardian","floor":16,"turns":10},{"damage":0,"enemies":"Shell Parasite","floor":18,"turns":1},{"damage":2,"enemies":"Chosen","floor":19,"turns":3},{"damage":12,"enemies":"Shelled Parasite and Fungi","floor":22,"turns":2},{"damage":36,"enemies":"Gremlin Leader","floor":23,"turns":4},{"damage":10,"enemies":"Slavers","floor":27,"turns":3},{"damage":4,"enemies":"Cultist and Chosen","floor":28,"turns":3},{"damage":12,"enemies":"Book of Stabbing","floor":30,"turns":4},{"damage":28,"enemies":"Centurion and Healer","floor":31,"turns":2},{"damage":0,"enemies":"Collector","floor":33,"turns":2}],"seed_played":"9041730172697253924","potions_obtained":[{"floor":4,"key":"LiquidBronze"},{"floor":7,"key":"SteroidPotion"},{"floor":13,"key":"AttackPotion"},{"floor":18,"key":"CultistPotion"},{"floor":19,"key":"ColorlessPotion"},{"floor":31,"key":"Block Potion"}],"is_trial":false,"path_per_floor":["M","?","?","M","$","R","E","M","T","?","?","R","E","?","R","B",null,"M","M","$","?","M","E","?","$","T","E","M","R","E","M","R","B"],"character_chosen":"WATCHER","items_purchased":["SandsOfTime","Membership Card","Shuriken"],"campfire_rested":3,"item_purchase_floors":[5,20,25],"current_hp_per_floor":[65,65,65,65,65,65,65,65,65,65,58,58,58,40,61,24,67,67,65,65,65,53,17,17,17,17,12,13,36,29,6,29,29,29],"gold":114,"neow_bonus":"THREE_ENEMY_KILL","is_daily":false,"chose_seed":false,"campfire_upgraded":2,"win_rate":0.0,"timestamp":1614134558,"path_taken":["M","?","?","M","$","R","E","M","T","?","?","R","E","?","R","BOSS","M","M","$","?","M","E","?","$","T","E","M","R","E","M","R","BOSS"],"items_purchased_type":["Card","Relic","Relic"],"build_version":"2020-12-22","purchased_purges":1,"victory":false,"max_hp_per_floor":[72,72,72,72,72,72,72,72,72,72,72,72,72,72,72,72,79,79,79,79,79,79,79,79,79,79,79,79,79,79,79,79,79,79],"card_choices":[{"not_picked":["Evaluate","JustLucky","FlyingSleeves"],"picked":"SKIP","floor":1},{"not_picked":["WindmillStrike","Crescendo"],"picked":"Consecrate","floor":4},{"not_picked":["EmptyMind","Prostrate","WindmillStrike"],"picked":"SKIP","floor":7},{"not_picked":["Consecrate","Tantrum","Evaluate"],"picked":"SKIP","floor":8},{"not_picked":["LikeWater","SignatureMove","FlyingSleeves"],"picked":"SKIP","floor":13},{"not_picked":["Judgement","MasterReality"],"picked":"Vault","floor":16},{"not_picked":["Prostrate+1","Perseverance"],"picked":"FearNoEvil+1","floor":18},{"not_picked":["EmptyBody","Fasting2","Consecrate+1"],"picked":"SKIP","floor":19},{"not_picked":["Crescendo","EmptyFist+1","BowlingBash+1"],"picked":"SKIP","floor":22},{"not_picked":["Wireheading","ThirdEye","EmptyMind"],"picked":"SKIP","floor":23},{"not_picked":["EmptyBody+1","Establishment+1","CrushJoints+1"],"picked":"SKIP","floor":27},{"not_picked":["ForeignInfluence+1","CutThroughFate+1","Study+1"],"picked":"SKIP","floor":28},{"not_picked":["SignatureMove+1","TalkToTheHand+1","ReachHeaven+1"],"picked":"SKIP","floor":30},{"not_picked":["WreathOfFlame+1","JustLucky+1","LikeWater+1"],"picked":"SKIP","floor":31}],"player_experience":122649,"relics_obtained":[{"floor":7,"key":"Dream Catcher"},{"floor":9,"key":"Akabeko"},{"floor":13,"key":"Vajra"},{"floor":17,"key":"Strawberry"},{"floor":17,"key":"Molten Egg 2"},{"floor":17,"key":"Ginger"},{"floor":23,"key":"Pen Nib"},{"floor":26,"key":"Frozen Egg 2"},{"floor":27,"key":"Bag of Preparation"},{"floor":30,"key":"CaptainsWheel"}],"event_choices":[{"damage_healed":0,"gold_gain":0,"player_choice":"Ignored","damage_taken":0,"max_hp_gain":0,"max_hp_loss":0,"event_name":"Liars Game","floor":2,"gold_loss":0},{"cards_removed":["Defend_P"],"damage_healed":0,"gold_gain":0,"player_choice":"Card Removal","damage_taken":0,"max_hp_gain":0,"max_hp_loss":0,"event_name":"The Cleric","floor":3,"gold_loss":50},{"damage_healed":0,"gold_gain":0,"cards_transformed":["Strike_P"],"player_choice":"Change","damage_taken":0,"max_hp_gain":0,"max_hp_loss":0,"event_name":"Living Wall","floor":10,"gold_loss":0,"cards_obtained":["Judgement"]},{"cards_removed":["Strike_P"],"damage_healed":0,"gold_gain":0,"player_choice":"Card Removal","damage_taken":7,"max_hp_gain":0,"max_hp_loss":0,"event_name":"Golden Wing","floor":11,"gold_loss":0},{"damage_healed":0,"gold_gain":0,"player_choice":"Take Damage","damage_taken":18,"relics_obtained":["Golden Idol"],"max_hp_gain":0,"max_hp_loss":0,"event_name":"Golden Idol","floor":14,"gold_loss":0},{"damage_healed":0,"gold_gain":0,"player_choice":"Ignored","damage_taken":0,"max_hp_gain":0,"max_hp_loss":0,"event_name":"Ghosts","floor":21,"gold_loss":0},{"damage_healed":0,"gold_gain":0,"player_choice":"Gave Idol","damage_taken":0,"relics_obtained":["Bloody Idol"],"max_hp_gain":0,"max_hp_loss":0,"event_name":"Forgotten Altar","floor":24,"relics_lost":["Golden Idol"],"gold_loss":0}],"is_beta":false,"boss_relics":[{"not_picked":["SacredBark","Sozu"],"picked":"Calling Bell"}],"items_purged_floors":[20],"is_endless":false,"potions_floor_spawned":[4,7,13,18,19,31],"killed_by":"Collector","ascension_level":7}}