{"host":"3a5itcmwo6ddh3id","time":1614200940,"event":{"mods":["BaseMod","Colored Map","Colored Powertips","Minty Spire (QoL Compilation)","Relic Stats"],"gold_per_floor":[119,133,28,46,11,39,39,39,89,108,108,136,136,152,152,230,230,241,41,52,52,62,62,62,62],"floor_reached":24,"language":"ENG","playtime":1761,"items_purged":[],"score":412,"play_id":"a7f01ca1-38ad-41ed-bdfd-250f0fa92ad1","local_time":"20210224150900","is_ascension_mode":true,"campfire_choices":[{"floor":8.0,"key":"REST"},{"floor":11.0,"key":"REST"},{"floor":13.0,"key":"REST"},{"data":"Blade Dance","floor":15.0,"key":"SMITH"},{"floor":23.0,"key":"REST"}],"circlet_count":0,"master_deck":["AscendersBane","Strike_G","Strike_G","Strike_G","Strike_G","Defend_G","Defend_G","Defend_G","Defend_G","Defend_G","Survivor","Neutralize","Blade Dance","Dagger Spray","Dagger Throw","Well Laid Plans","Quick Slash","Backflip","All Out Attack","Bouncing Flask","Blade Dance+1","Leg Sweep","Calculated Gamble","PiercingWail","Adrenaline","CurseOfTheBell","Finisher","Apotheosis","Infinite Blades"],"relics":["Ring of the Snake","Dream Catcher","Strawberry","Torii","Calling Bell","Omamori","Singing Bowl","Lizard Tail"],"acts_visited":["Exordium","TheCity"],"potions_floor_usage":[],"damage_taken":[{"damage":14.0,"enemies":"Small Slimes","floor":1.0,"turns":6.0},{"damage":2.0,"enemies":"Cultist","floor":2.0,"turns":5.0},{"damage":6.0,"enemies":"Jaw Worm","floor":4.0,"turns":5.0},{"damage":56.0,"enemies":"Gremlin Nob","floor":6.0,"turns":5.0},{"damage":8.0,"enemies":"Exordium Thugs","floor":10.0,"turns":5.0},{"damage":28.0,"enemies":"Lagavulin","floor":12.0,"turns":8.0},{"damage":1.0,"enemies":"Gremlin Gang","floor":14.0,"turns":3.0},{"damage":41.0,"enemies":"Slime Boss","floor":16.0,"turns":17.0},{"damage":51.0,"enemies":"Chosen","floor":18.0,"turns":6.0},{"damage":1.0,"enemies":"3 Byrds","floor":20.0,"turns":6.0},{"damage":9.0,"enemies":"Snake Plant","floor":22.0,"turns":5.0},{"damage":70,"enemies":"Gremlin Leader","floor":24,"turns":8}],"seed_played":"7278734348929071235","potions_obtained":[{"floor":2.0,"key":"PowerPotion"},{"floor":6.0,"key":"EssenceOfSteel"}],"is_trial":false,"path_per_floor":["M","M","$","M","?","E","?","R","T","M","R","E","R","M","R","B",null,"M","$","M","?","M","R","E"],"character_chosen":"THE_SILENT","items_purchased":["Dagger Throw","Well Laid Plans","Apotheosis"],"campfire_rested":4,"item_purchase_floors":[3,3,19],"current_hp_per_floor":[51,49,49,43,61,5,5,26,33,25,48,20,43,42,42,1,60,9,9,10,10,3,27,0,0],"gold":62,"neow_bonus":"TEN_PERCENT_HP_BONUS","is_daily":false,"chose_seed":false,"campfire_upgraded":1,"win_rate":0.0,"timestamp":1614200940,"path_taken":["M","M","$","M","?","E","?","R","T","M","R","E","R","M","R","BOSS","M","$","?","?","?","R","E"],"items_purchased_type":["Card","Card","Card"],"build_version":"2020-12-22","purchased_purges":0,"victory":false,"max_hp_per_floor":[72,72,72,72,72,72,72,72,79,79,79,79,79,79,79,79,79,79,79,81,81,83,83,83,83],"relic_stats":{"Dream Catcher":4,"Lizard Tail":41,"Torii":9,"Singing Bowl":4,"counters":[12,79],"obtain_stats":[{"Calling Bell":17,"Dream Catcher":6,"Lizard Tail":17,"Torii":12,"Singing Bowl":17,"Strawberry":9,"Omamori":17,"Ring of the Snake":0},{"Calling Bell":8,"Dream Catcher":4,"Lizard Tail":8,"Torii":6,"Singing Bowl":8,"Strawberry":4,"Omamori":8,"Ring of the Snake":0},{"Calling Bell":54,"Dream Catcher":21,"Lizard Tail":54,"Torii":34,"Singing Bowl":54,"Strawberry":21,"Omamori":54,"Ring of the Snake":0}],"Ring of the Snake":[24]},"card_choices":[{"not_picked":["Finisher","Quick Slash"],"picked":"Blade Dance","floor":1.0},{"not_picked":["Underhanded Strike","Prepared"],"picked":"Dagger Spray","floor":2.0},{"not_picked":["Backstab","Acrobatics"],"picked":"Quick Slash","floor":4.0},{"not_picked":["Acrobatics","Riddle With Holes"],"picked":"Backflip","floor":6.0},{"not_picked":["Deflect","Dagger Spray"],"picked":"All Out Attack","floor":8.0},{"not_picked":["Slice","Quick Slash"],"picked":"Bouncing Flask","floor":10.0},{"not_picked":["Flying Knee","Night Terror"],"picked":"Blade Dance","floor":11.0},{"not_picked":["Deflect","PiercingWail"],"picked":"Leg Sweep","floor":12.0},{"not_picked":["Cloak And Dagger","Endless Agony"],"picked":"Calculated Gamble","floor":13.0},{"not_picked":["Poisoned Stab","Sucker Punch"],"picked":"PiercingWail","floor":14.0},{"not_picked":["Night Terror","Venomology"],"picked":"Adrenaline","floor":16.0},{"not_picked":["Reflex+1","Dodge and Roll"],"picked":"Finisher","floor":18.0},{"not_picked":["Quick Slash","Endless Agony","Deflect"],"picked":"Singing Bowl","floor":20.0},{"not_picked":["Expertise","Masterful Stab","Dash"],"picked":"Singing Bowl","floor":22.0},{"not_picked":["Expertise","Underhanded Strike"],"picked":"Infinite Blades","floor":23.0}],"player_experience":1139618,"relics_obtained":[{"floor":6.0,"key":"Dream Catcher"},{"floor":9.0,"key":"Strawberry"},{"floor":12.0,"key":"Torii"},{"floor":17.0,"key":"Omamori"},{"floor":17.0,"key":"Singing Bowl"},{"floor":17.0,"key":"Lizard Tail"}],"event_choices":[{"damage_healed":18.0,"max_hp_gain":0.0,"max_hp_loss":0.0,"gold_gain":0.0,"event_name":"The Cleric","player_choice":"Healed","floor":5.0,"gold_loss":35.0,"damage_taken":0.0},{"cards_removed":["Strike_G"],"damage_healed":0.0,"max_hp_gain":0.0,"max_hp_loss":0.0,"gold_gain":0.0,"event_name":"Purifier","player_choice":"Purged","floor":7.0,"gold_loss":0.0,"damage_taken":0.0},{"damage_healed":0.0,"max_hp_gain":0.0,"max_hp_loss":0.0,"gold_gain":0.0,"event_name":"Match and Keep!","player_choice":"0 cards matched","floor":21.0,"gold_loss":0.0,"damage_taken":0.0,"cards_obtained":[]}],"is_beta":false,"boss_relics":[{"not_picked":["Empty Cage","Velvet Choker"],"picked":"Calling Bell"}],"items_purged_floors":[],"is_endless":false,"potions_floor_spawned":[2,6],"killed_by":"Gremlin Leader","ascension_level":20}}