{"host":"s41rn2jhghpwfrvz","time":1614141519,"event":{"mods":["BaseMod","Minty Spire (QoL Compilation)","Quick Restart","Relic Stats","SuperFastMode"],"gold_per_floor":[113,38,112,124,124,124,165,90,90,113,154,154,195,32,32,123,123,142,142,42,57,70,105,105,105,105],"floor_reached":25,"language":"ENG","playtime":644,"items_purged":["Dodge and Roll","Anger"],"score":674,"play_id":"8534857b-d580-472e-b42c-f57b2bcd64c5","local_time":"20210224063839","daily_mods":["SealedDeck","Diverse","Elite Swarm"],"is_ascension_mode":true,"campfire_choices":[{"data":"PathToVictory","floor":6,"key":"SMITH"},{"data":"Buffer","floor":12,"key":"SMITH"},{"data":"Armaments","floor":15,"key":"SMITH"},{"data":"EmptyMind","floor":24,"key":"SMITH"}],"circlet_count":0,"master_deck":["AscendersBane","Dagger Spray","EmptyMind+1","PathToVictory+1","Armaments+1","True Grit+1","Turbo+1","Noxious Fumes","Buffer+1"],"relics":["Burning Blood","Golden Idol","Anchor","StrikeDummy","Matryoshka","Pear","War Paint","Coffee Dripper","Unceasing Top"],"acts_visited":["Exordium","TheCity"],"potions_floor_usage":[16,25,25,25],"damage_taken":[{"damage":0,"enemies":"Cultist","floor":1,"turns":4},{"damage":1,"enemies":"Jaw Worm","floor":4,"turns":4},{"damage":17,"enemies":"Lagavulin","floor":7,"turns":5},{"damage":0,"enemies":"2 Louse","floor":10,"turns":2},{"damage":33,"enemies":"3 Sentries","floor":11,"turns":6},{"damage":0,"enemies":"Lagavulin","floor":13,"turns":4},{"damage":0,"enemies":"Slime Boss","floor":16,"turns":9},{"damage":0,"enemies":"Spheric Guardian","floor":18,"turns":3},{"damage":12,"enemies":"Chosen","floor":21,"turns":6},{"damage":8,"enemies":"Snake Plant","floor":22,"turns":3},{"damage":0,"enemies":"Gremlin Leader","floor":23,"turns":4},{"damage":73,"enemies":"Slavers","floor":25,"turns":4}],"seed_played":"5530521250555884789","potions_obtained":[{"floor":7,"key":"Block Potion"},{"floor":11,"key":"EntropicBrew"},{"floor":21,"key":"SpeedPotion"}],"is_trial":true,"path_per_floor":["M","?","T","M","?","R","E","$","T","M","E","R","E","$","R","B",null,"M","?","$","M","M","E","R","E"],"character_chosen":"IRONCLAD","items_purchased":["War Paint"],"campfire_rested":0,"item_purchase_floors":[14],"current_hp_per_floor":[74,74,74,75,49,49,38,38,38,44,17,17,33,33,33,39,74,80,75,75,69,67,73,73,0,0],"gold":105,"neow_bonus":"","is_daily":false,"chose_seed":false,"campfire_upgraded":4,"win_rate":0.0,"timestamp":1614141519,"path_taken":["M","?","?","M","?","R","E","?","T","M","E","R","E","$","R","BOSS","M","?","$","?","M","E","R","E"],"items_purchased_type":["Relic"],"build_version":"2020-12-22","purchased_purges":2,"victory":false,"max_hp_per_floor":[75,75,75,75,75,75,75,75,75,75,75,75,85,85,85,85,85,85,85,85,85,85,85,85,85,85],"relic_stats":{"counters":[12,54],"Golden Idol":64,"War Paint":["Turbo","True Grit"],"obtain_stats":[{"Anchor":7,"Matryoshka":11,"Pear":13,"Golden Idol":5,"Coffee Dripper":17,"War Paint":14,"StrikeDummy":9,"Burning Blood":0,"Unceasing Top":23},{"Anchor":3,"Matryoshka":5,"Pear":6,"Golden Idol":2,"Coffee Dripper":7,"War Paint":6,"StrikeDummy":3,"Burning Blood":0,"Unceasing Top":11},{"Anchor":13,"Matryoshka":21,"Pear":25,"Golden Idol":8,"Coffee Dripper":34,"War Paint":25,"StrikeDummy":13,"Burning Blood":0,"Unceasing Top":50}],"Burning Blood":62,"Unceasing Top":[1]},"card_choices":[{"not_picked":["True Grit","Crescendo","Dagger Spray"],"picked":"SKIP","floor":1},{"not_picked":["Wild Strike","Hologram","Slice"],"picked":"SKIP","floor":4},{"not_picked":["Devotion","Limit Break","Night Terror"],"picked":"SKIP","floor":7},{"not_picked":["CutThroughFate","Auto Shields","Disarm"],"picked":"SKIP","floor":10},{"not_picked":["Biased Cognition","Establishment"],"picked":"Buffer","floor":11},{"not_picked":["LessonLearned","Devotion","Fission"],"picked":"SKIP","floor":13},{"not_picked":["All Out Attack","Body Slam","White Noise"],"picked":"SKIP","floor":18},{"not_picked":["FearNoEvil","Blade Dance","Dropkick"],"picked":"SKIP","floor":21},{"not_picked":["Poisoned Stab","True Grit","Leap+1"],"picked":"SKIP","floor":22},{"not_picked":["Establishment","Ragnarok","MasterReality"],"picked":"SKIP","floor":23}],"player_experience":2000188,"relics_obtained":[{"floor":7,"key":"Anchor"},{"floor":9,"key":"StrikeDummy"},{"floor":11,"key":"Matryoshka"},{"floor":13,"key":"Pear"},{"floor":23,"key":"Unceasing Top"}],"event_choices":[{"cards_removed":["Streamline"],"damage_healed":0,"gold_gain":0,"player_choice":"Card Removal","damage_taken":0,"max_hp_gain":0,"max_hp_loss":0,"event_name":"The Cleric","floor":2,"gold_loss":75},{"damage_healed":0,"gold_gain":0,"player_choice":"Take Damage","damage_taken":26,"relics_obtained":["Golden Idol"],"max_hp_gain":0,"max_hp_loss":0,"event_name":"Golden Idol","floor":5,"gold_loss":0},{"damage_healed":0,"gold_gain":0,"player_choice":"Bought 0 Potions","damage_taken":0,"max_hp_gain":0,"max_hp_loss":0,"event_name":"The Woman in Blue","floor":19,"gold_loss":0}],"is_beta":false,"boss_relics":[{"not_picked":["SlaversCollar","Black Blood"],"picked":"Coffee Dripper"}],"items_purged_floors":[8,20],"is_endless":false,"potions_floor_spawned":[7,11,21,23],"killed_by":"Slavers","ascension_level":20}}