{"host":"nptej036rrbiurf5","time":1614127768,"event":{"mods":["BaseMod","Colored Map","Colored Powertips","DeckTracker","Minty Spire (QoL Compilation)","StSLib","SuperFastMode"],"gold_per_floor":[409,423,20,37,47,47,80,29,52,52,2,30,30,46,46,46,46],"floor_reached":16,"language":"KOR","playtime":455,"items_purged":["Strike_R","Strike_R"],"score":220,"play_id":"ba327e09-e848-439d-906f-c6993ee9739b","local_time":"20210224094928","is_ascension_mode":true,"campfire_choices":[{"data":"Searing Blow","floor":6.0,"key":"SMITH"},{"data":"Searing Blow+1","floor":10.0,"key":"SMITH"},{"data":"Searing Blow+3","floor":15.0,"key":"SMITH"}],"circlet_count":0,"master_deck":["AscendersBane","Strike_R","Strike_R","Strike_R","Defend_R","Defend_R","Defend_R","Defend_R","Bash","Doubt","Pommel Strike","Fire Breathing","Searing Blow+4","Bloodletting","Ghostly Armor","Wild Strike","Shrug It Off","Evolve"],"relics":["Burning Blood","Old Coin","Centennial Puzzle","Boot","Smiling Mask","Blood Vial"],"acts_visited":["Exordium"],"potions_floor_usage":[16],"damage_taken":[{"damage":7.0,"enemies":"Cultist","floor":1.0,"turns":4.0},{"damage":6.0,"enemies":"Small Slimes","floor":2.0,"turns":4.0},{"damage":4.0,"enemies":"2 Louse","floor":4.0,"turns":3.0},{"damage":5.0,"enemies":"2 Fungi Beasts","floor":5.0,"turns":3.0},{"damage":47.0,"enemies":"Lagavulin","floor":7.0,"turns":6.0},{"damage":10.0,"enemies":"3 Sentries","floor":12.0,"turns":5.0},{"damage":2.0,"enemies":"Gremlin Gang","floor":14.0,"turns":4.0},{"damage":36,"enemies":"Hexaghost","floor":16,"turns":9}],"seed_played":"-4234017006960461804","potions_obtained":[{"floor":1.0,"key":"GamblersBrew"},{"floor":2.0,"key":"Energy Potion"},{"floor":12.0,"key":"SkillPotion"}],"is_trial":false,"path_per_floor":["M","M","$","M","M","R","E","$","T","R","$","E","?","M","R","B"],"character_chosen":"IRONCLAD","items_purchased":["Searing Blow","Centennial Puzzle","Bloodletting","Shrug It Off"],"campfire_rested":0,"item_purchase_floors":[3,3,3,8],"current_hp_per_floor":[67,67,67,69,70,70,29,29,29,29,29,25,25,31,31,0,0],"gold":46,"neow_bonus":"ONE_RARE_RELIC","is_daily":false,"chose_seed":false,"campfire_upgraded":3,"win_rate":0.0,"timestamp":1614127768,"path_taken":["M","?","$","M","M","R","E","?","T","R","?","E","?","M","R","BOSS"],"items_purchased_type":["Card","Relic","Card","Card"],"build_version":"2020-12-22","purchased_purges":2,"victory":false,"max_hp_per_floor":[75,75,75,75,75,75,75,75,75,75,75,75,75,75,75,75,75],"card_choices":[{"not_picked":["Warcry","Metallicize"],"picked":"Pommel Strike","floor":1.0},{"not_picked":["Sword Boomerang","True Grit"],"picked":"Fire Breathing","floor":2.0},{"not_picked":["Iron Wave","Whirlwind"],"picked":"Ghostly Armor","floor":4.0},{"not_picked":["Armaments","Anger"],"picked":"Wild Strike","floor":5.0},{"not_picked":["Clothesline","Rampage","Havoc"],"picked":"SKIP","floor":7.0},{"not_picked":["Seeing Red","Carnage","Ghostly Armor"],"picked":"SKIP","floor":12.0},{"not_picked":["Dropkick","Searing Blow"],"picked":"Evolve","floor":14.0}],"player_experience":1015782,"relics_obtained":[{"floor":7.0,"key":"Boot"},{"floor":9.0,"key":"Smiling Mask"},{"floor":12.0,"key":"Blood Vial"}],"event_choices":[{"damage_healed":0.0,"max_hp_gain":0.0,"max_hp_loss":0.0,"gold_gain":0.0,"event_name":"Living Wall","player_choice":"Grow","floor":13.0,"gold_loss":0.0,"damage_taken":0.0,"cards_upgraded":["Searing Blow"]}],"is_beta":false,"boss_relics":[],"items_purged_floors":[3,11],"is_endless":false,"potions_floor_spawned":[1,2,12],"killed_by":"Hexaghost","ascension_level":20}}