{"host":"6h5hvjqjki11ieai","time":1614142431,"event":{"mods":["BaseMod","Bestiary","Minty Spire (QoL Compilation)","Relic Stats","Slay the Relics Exporter"],"gold_per_floor":[117,136,153,50,64,89,108,108,108,142,142,20,37,57,57,134,134,153,163,163,163],"floor_reached":20,"language":"ENG","playtime":1546,"items_purged":[],"score":320,"play_id":"83790c2a-595e-4410-9c32-d1fc64a9d345","local_time":"20210223235351","is_ascension_mode":true,"campfire_choices":[{"floor":8,"key":"REST"},{"floor":11,"key":"REST"},{"floor":15,"key":"REST"}],"circlet_count":0,"master_deck":["AscendersBane","Strike_P","Strike_P","Strike_P","Strike_P","Defend_P","Defend_P","Defend_P","Defend_P","Eruption","Vigilance","Thinking Ahead","EmptyFist","FollowUp","Conclude","Halt","ClearTheMind","Crescendo","Omniscience","SashWhip","TalkToTheHand","Halt","Indignation","Omniscience","CurseOfTheBell","EmptyBody","SandsOfTime"],"relics":["PureWater","TeardropLocket","Potion Belt","Oddly Smooth Stone","Calling Bell","Bag of Preparation","Shuriken","StoneCalendar"],"acts_visited":["Exordium","TheCity"],"potions_floor_usage":[6,7,10,16,16,20],"damage_taken":[{"damage":23,"enemies":"Small Slimes","floor":1,"turns":3},{"damage":0,"enemies":"Cultist","floor":2,"turns":2},{"damage":0,"enemies":"2 Louse","floor":3,"turns":2},{"damage":0,"enemies":"Exordium Wildlife","floor":5,"turns":1},{"damage":4,"enemies":"3 Sentries","floor":6,"turns":6},{"damage":19,"enemies":"Large Slime","floor":7,"turns":5},{"damage":9,"enemies":"Gremlin Nob","floor":10,"turns":3},{"damage":15,"enemies":"Gremlin Gang","floor":13,"turns":2},{"damage":0,"enemies":"2 Fungi Beasts","floor":14,"turns":2},{"damage":10,"enemies":"Hexaghost","floor":16,"turns":9},{"damage":0,"enemies":"Shell Parasite","floor":18,"turns":2},{"damage":15,"enemies":"Chosen","floor":19,"turns":7},{"damage":40,"enemies":"Sentry and Sphere","floor":20,"turns":5}],"seed_played":"-3188792517967633828","potions_obtained":[{"floor":1,"key":"GamblersBrew"},{"floor":3,"key":"GamblersBrew"},{"floor":7,"key":"Strength Potion"},{"floor":14,"key":"Ambrosia"},{"floor":16,"key":"AttackPotion"},{"floor":19,"key":"Swift Potion"}],"is_trial":false,"path_per_floor":["M","M","M","$","M","E","M","R","T","E","R","$","M","M","R","B",null,"M","M","M"],"character_chosen":"WATCHER","items_purchased":["AttackPotion","Halt","TalkToTheHand","SpeedPotion"],"campfire_rested":3,"item_purchase_floors":[4,4,12,12],"current_hp_per_floor":[38,38,38,38,38,34,15,33,33,24,42,42,27,27,45,35,55,55,40,0,0],"gold":163,"neow_bonus":"RANDOM_COLORLESS_2","is_daily":false,"chose_seed":false,"campfire_upgraded":0,"win_rate":0.0,"timestamp":1614142431,"path_taken":["M","M","M","$","M","E","M","R","T","E","R","$","M","M","R","BOSS","M","M","M"],"items_purchased_type":["Potion","Card","Card","Potion"],"build_version":"2020-12-22","purchased_purges":0,"victory":false,"max_hp_per_floor":[62,62,62,62,62,62,62,62,62,62,62,62,62,62,62,62,62,62,62,62,62],"relic_stats":{"counters":[13,49],"Shuriken":[4],"StoneCalendar":[16],"Bag of Preparation":[6],"obtain_stats":[{"Potion Belt":9,"Calling Bell":17,"Shuriken":17,"Oddly Smooth Stone":10,"StoneCalendar":17,"Bag of Preparation":17,"TeardropLocket":6,"PureWater":0},{"Potion Belt":6,"Calling Bell":10,"Shuriken":10,"Oddly Smooth Stone":7,"StoneCalendar":10,"Bag of Preparation":10,"TeardropLocket":5,"PureWater":0},{"Potion Belt":19,"Calling Bell":35,"Shuriken":35,"Oddly Smooth Stone":22,"StoneCalendar":35,"Bag of Preparation":35,"TeardropLocket":14,"PureWater":0}]},"card_choices":[{"not_picked":["Secret Weapon","Chrysalis"],"picked":"Thinking Ahead","floor":0},{"not_picked":["CutThroughFate","FlyingSleeves"],"picked":"EmptyFist","floor":1},{"not_picked":["ForeignInfluence","EmptyBody"],"picked":"FollowUp","floor":2},{"not_picked":["Crescendo","ClearTheMind"],"picked":"Conclude","floor":3},{"not_picked":["EmptyBody","BowlingBash"],"picked":"ClearTheMind","floor":5},{"not_picked":["EmptyFist","InnerPeace"],"picked":"Crescendo","floor":6},{"not_picked":["FlyingSleeves","PathToVictory"],"picked":"Omniscience","floor":7},{"not_picked":["Collect","PathToVictory"],"picked":"SashWhip","floor":10},{"not_picked":["Evaluate","BowlingBash"],"picked":"Halt","floor":13},{"not_picked":["SashWhip","Conclude"],"picked":"Indignation","floor":14},{"not_picked":["Devotion","SpiritShield"],"picked":"Omniscience","floor":16},{"not_picked":["Prostrate","Adaptation"],"picked":"EmptyBody","floor":18},{"not_picked":["ClearTheMind","SashWhip"],"picked":"SandsOfTime","floor":19}],"player_experience":234480,"relics_obtained":[{"floor":6,"key":"TeardropLocket"},{"floor":9,"key":"Potion Belt"},{"floor":10,"key":"Oddly Smooth Stone"},{"floor":17,"key":"Bag of Preparation"},{"floor":17,"key":"Shuriken"},{"floor":17,"key":"StoneCalendar"}],"event_choices":[],"is_beta":false,"boss_relics":[{"not_picked":["Philosopher\u0027s Stone","Cursed Key"],"picked":"Calling Bell"}],"items_purged_floors":[],"is_endless":false,"potions_floor_spawned":[1,3,7,14,16,19],"killed_by":"Sentry and Sphere","ascension_level":14}}