{"host":"rn3kwqbcoeui7au7","time":1614157725,"event":{"mods":["BaseMod","Colored Powertips","Downfall","Energized Spire","Minty Spire (QoL Compilation)","Relic Stats","Remilia（蕾米莉亚）","RumiaBox-露米娅的神秘盒子","Spicy Shops","StSLib","The Marked"],"gold_per_floor":[99,113,126,144,209,234,306,306,317,417,485,285,50,275,289,388,388,388,407,422,472,522,590,590,28,117,117,151,55,84,120,153,255,255,255,272,285,405,455,542,542,592,492,300,300,401,48,67,106,106,106,159,14,14,34,54],"floor_reached":57,"language":"ZHS","playtime":4266,"items_purged":["Doubt","Regret","Slimebound:Tackle+1","Defend_RM"],"score":1394,"play_id":"ac6b121d-f940-4e7a-bf48-9673c708804c","local_time":"20210224170845","is_ascension_mode":false,"campfire_choices":[{"floor":1,"key":"RECALL"},{"floor":12,"key":"REST"},{"data":"CurseOfVladTepes","floor":18,"key":"SMITH"},{"data":"FavorOfDestiny","floor":27,"key":"SMITH"},{"data":"QueenOfMidnight","floor":35,"key":"SMITH"},{"data":"ScarletCoffin","floor":43,"key":"SMITH"},{"data":"DemonKingCradle","floor":45,"key":"SMITH"},{"data":"HeartBreak","floor":54,"key":"SMITH"}],"circlet_count":0,"master_deck":["Defend_RM","Defend_RM+1","RedMoon","ScarletShoot","BloodHunter","StarOfDavid","SuperhumanBloodyKnife","FitfulNightmare","Stigmanizer","MastersStateliness","BadLadyScramble","VampirishNight","DevilSight","EmergencyRegeneration","EquivalentExchange","CurseOfVladTepes+1","BloodyHallows+1","DiffusionOfMisfortune+1","BatForm","Slimebound:Tackle+1","Slimebound:Tackle+1","VampireKiss","FavorOfDestiny+1","BlasphemousPunishment","UnstableMagic+1","ScarletCoffin+1","RedRainbow+1","RedRainbow","BloodAndWine","DiffusionOfMisfortune+1","NightDance","QueenOfMidnight+1","BloodHunter+1","NightDance+1","ScarletImprint+1","DemonKingCradle+1","Stigmanizer+1","VampireFantasy+1","RedNightlessCastle","MiserableFate","HeartBreak+1"],"relics":["ScarletHat","Bag of Marbles","Dream Catcher","RedBat","downfall:CloakOfManyFaces","CultistMask","FaceOfCleric","NlothsMask","GremlinMask","SsserpentHead","downfall:HeartBlessingRed","downfall:HeartBlessingGreen","ChaoDraw","APieceOfRedMist","MoreBug","Happy Flower","Eternal Feather","StoneCalendar","Membership Card","Toolbox","SecretRecord","InkBottle","Gungnir","Philosopher\u0027s Stone","CaptainsWheel","downfall:TeleportStone","Blue Candle","downfall:HeartBlessingBlue","Incense Burner","Ice Cream","Bottled Tornado","Sling","ClockworkSouvenir","MagicDraw3","Pantograph","Whetstone"],"acts_visited":["Exordium","TheCity","TheBeyond","TheEnding"],"potions_floor_usage":[16,16,28,28,29],"damage_taken":[{"damage":0,"enemies":"Cultist","floor":2,"turns":3},{"damage":2,"enemies":"Jaw Worm","floor":3,"turns":3},{"damage":0,"enemies":"Small Slimes","floor":4,"turns":5},{"damage":31,"enemies":"Lagavulin Event","floor":5,"turns":6},{"damage":34,"enemies":"3 Sentries","floor":6,"turns":13},{"damage":2,"enemies":"Exordium Thugs","floor":9,"turns":2},{"damage":23,"enemies":"downfall:FaceTrader","floor":10,"turns":10},{"damage":0,"enemies":"Large Slime","floor":11,"turns":5},{"damage":0,"enemies":"downfall:FleeingMerchant","floor":13,"turns":4},{"damage":0,"enemies":"Lots of Slimes","floor":15,"turns":4},{"damage":15,"enemies":"DF_ARCHETYPE_STREAMLINE","floor":16,"turns":8},{"damage":47,"enemies":"3 Byrds","floor":19,"turns":7},{"damage":42,"enemies":"Chosen","floor":20,"turns":2},{"damage":4,"enemies":"Centurion and Healer","floor":23,"turns":5},{"damage":4,"enemies":"downfall:FleeingMerchant","floor":25,"turns":4},{"damage":7,"enemies":"Snecko","floor":26,"turns":3},{"damage":23,"enemies":"Slavers","floor":28,"turns":4},{"damage":18,"enemies":"downfall:FleeingMerchant","floor":29,"turns":4},{"damage":10,"enemies":"Gremlin Leader","floor":30,"turns":2},{"damage":11,"enemies":"Shelled Parasite and Fungi","floor":31,"turns":2},{"damage":4,"enemies":"Snake Plant","floor":32,"turns":2},{"damage":77,"enemies":"SI_MIRROR_ARCHETYPE","floor":33,"turns":4},{"damage":10,"enemies":"3 Darklings","floor":36,"turns":2},{"damage":18,"enemies":"3 Shapes","floor":37,"turns":2},{"damage":28,"enemies":"3 Shapes","floor":38,"turns":3},{"damage":32,"enemies":"Writhing Mass","floor":40,"turns":3},{"damage":6,"enemies":"2 Orb Walkers","floor":46,"turns":3},{"damage":10,"enemies":"Jaw Worm Horde","floor":48,"turns":3},{"damage":37,"enemies":"Sphere and 2 Shapes","floor":49,"turns":2},{"damage":73,"enemies":"IC_BLOCK_ARCHETYPE","floor":50,"turns":4},{"damage":19,"enemies":"downfall:CharBossMerchant","floor":52,"turns":3},{"damage":154,"enemies":"downfall:NeowBoss","floor":55,"turns":6},{"damage":126,"enemies":"downfall:NeowBossFinal","floor":56,"turns":4}],"seed_played":"1244073743011713029","potions_obtained":[{"floor":2,"key":"Strength Potion"},{"floor":3,"key":"Regen Potion"},{"floor":11,"key":"DuplicationPotion"},{"floor":19,"key":"Energy Potion"}],"is_trial":false,"path_per_floor":["R","M","M","M","?","E","T","?","M","?","M","R","$","?","M","B",null,"R","M","M","?","?","M","T","$","M","R","E","$","E","M","M","B",null,"R","M","M","?","?","M","T","?","R","$","R","?","$","M","M","B",null,"E","$","R","B","B",null],"character_chosen":"REMILIA","items_purchased":["ChaoDraw","EquivalentExchange","MoreBug","Happy Flower","BlasphemousPunishment","Eternal Feather","RedRainbow","Membership Card","Toolbox","SecretRecord","InkBottle","DemonKingCradle","Incense Burner","Bottled Tornado","Sling","ClockworkSouvenir","Whetstone","HeartBreak"],"campfire_rested":1,"item_purchase_floors":[13,13,25,25,25,25,29,29,29,29,29,44,44,47,47,47,53,53],"current_hp_per_floor":[82,82,80,82,56,28,28,28,29,20,25,49,55,55,56,67,86,86,61,28,28,20,21,21,22,32,47,47,57,64,56,53,51,97,97,98,97,100,100,101,101,96,111,111,111,112,112,111,78,115,115,116,116,116,117,118],"gold":54,"neow_bonus":"TEN_PERCENT_HP_BONUS","is_daily":false,"chose_seed":false,"campfire_upgraded":6,"win_rate":0.0,"timestamp":1614157725,"path_taken":["R","?","M","M","?","E","T","?","?","?","?","R","$","?","M","BOSS","R","M","M","?","?","?","T","?","?","R","E","$","E","M","M","BOSS","R","M","M","?","?","?","T","?","R","?","R","?","$","M","M","BOSS","E","$","R","BOSS","BOSS"],"items_purchased_type":["Relic","Card","Relic","Relic","Card","Relic","Card","Relic","Relic","Relic","Relic","Card","Relic","Relic","Relic","Relic","Relic","Card"],"build_version":"2020-12-22","purchased_purges":4,"victory":true,"max_hp_per_floor":[82,82,82,82,82,82,82,82,82,82,83,83,84,84,85,86,86,86,87,88,88,88,89,89,90,91,91,92,93,94,95,96,97,97,97,98,99,100,100,101,101,101,111,111,111,112,112,113,114,115,115,116,116,116,117,118],"relic_stats":{"SsserpentHead":650,"Dream Catcher":1,"FaceOfCleric":26,"Happy Flower":[18],"counters":[33,137],"Blue Candle":[4],"Pantograph":0,"Eternal Feather":20,"StoneCalendar":[0],"Whetstone":["Stigmanizer","NightDance"],"obtain_stats":[{"Ice Cream":46,"GremlinMask":10,"downfall:HeartBlessingGreen":12,"StoneCalendar":28,"SecretRecord":29,"downfall:TeleportStone":39,"Incense Burner":44,"Whetstone":53,"Bottled Tornado":47,"Sling":47,"MagicDraw3":49,"ScarletHat":0,"RedBat":7,"ClockworkSouvenir":47,"SsserpentHead":10,"Dream Catcher":6,"FaceOfCleric":10,"downfall:HeartBlessingBlue":43,"Pantograph":52,"Toolbox":29,"Philosopher\u0027s Stone":34,"downfall:CloakOfManyFaces":10,"InkBottle":29,"MoreBug":25,"downfall:HeartBlessingRed":12,"Happy Flower":25,"Blue Candle":42,"Eternal Feather":25,"ChaoDraw":13,"Gungnir":30,"APieceOfRedMist":17,"CaptainsWheel":38,"CultistMask":10,"Bag of Marbles":5,"Membership Card":29,"NlothsMask":10},{"Ice Cream":27,"GremlinMask":7,"downfall:HeartBlessingGreen":8,"StoneCalendar":17,"SecretRecord":18,"downfall:TeleportStone":25,"Incense Burner":26,"Whetstone":31,"Bottled Tornado":27,"Sling":27,"MagicDraw3":29,"ScarletHat":0,"RedBat":5,"ClockworkSouvenir":27,"SsserpentHead":7,"Dream Catcher":5,"FaceOfCleric":7,"downfall:HeartBlessingBlue":26,"Pantograph":31,"Toolbox":18,"Philosopher\u0027s Stone":22,"downfall:CloakOfManyFaces":7,"InkBottle":18,"MoreBug":15,"downfall:HeartBlessingRed":8,"Happy Flower":15,"Blue Candle":26,"Eternal Feather":15,"ChaoDraw":9,"Gungnir":19,"APieceOfRedMist":11,"CaptainsWheel":25,"CultistMask":7,"Bag of Marbles":4,"Membership Card":18,"NlothsMask":7},{"Ice Cream":115,"GremlinMask":42,"downfall:HeartBlessingGreen":47,"StoneCalendar":88,"SecretRecord":92,"downfall:TeleportStone":109,"Incense Burner":112,"Whetstone":127,"Bottled Tornado":115,"Sling":115,"MagicDraw3":120,"ScarletHat":0,"RedBat":30,"ClockworkSouvenir":115,"SsserpentHead":42,"Dream Catcher":30,"FaceOfCleric":42,"downfall:HeartBlessingBlue":112,"Pantograph":127,"Toolbox":92,"Philosopher\u0027s Stone":102,"downfall:CloakOfManyFaces":42,"InkBottle":92,"MoreBug":81,"downfall:HeartBlessingRed":47,"Happy Flower":81,"Blue Candle":112,"Eternal Feather":81,"ChaoDraw":51,"Gungnir":94,"APieceOfRedMist":63,"CaptainsWheel":109,"CultistMask":42,"Bag of Marbles":17,"Membership Card":92,"NlothsMask":42}],"InkBottle":[35]},"card_choices":[{"not_picked":["Septette","SuperhumanBloodyKnife"],"picked":"BloodHunter","floor":2},{"not_picked":["BloodHunter","BombardNight"],"picked":"StarOfDavid","floor":3},{"not_picked":["ScarletDevilSign","BombardNight"],"picked":"SuperhumanBloodyKnife","floor":4},{"not_picked":["CeilingFear","StarOfDavid"],"picked":"FitfulNightmare","floor":5},{"not_picked":["EndlessAdversity","CharismaGuard"],"picked":"Stigmanizer","floor":6},{"not_picked":["EternalNight","ScarletDevil"],"picked":"MastersStateliness","floor":9},{"not_picked":["BlasphemousPunishment","Stigmanizer"],"picked":"BadLadyScramble","floor":10},{"not_picked":["EndlessAdversity","BloodyTrap"],"picked":"VampirishNight","floor":11},{"not_picked":["BloodHunter","Stigmanizer"],"picked":"DevilSight","floor":12},{"not_picked":["ScarletDream","SuperhumanBloodyKnife"],"picked":"EmergencyRegeneration","floor":13},{"not_picked":["DiffusionOfMisfortune","FavorOfDestiny"],"picked":"CurseOfVladTepes","floor":15},{"not_picked":["CurseOfVladTepes","HellCatastrophe"],"picked":"BloodyHallows","floor":16},{"not_picked":["ScarletGensokyo","RedRainbow"],"picked":"DiffusionOfMisfortune+1","floor":19},{"not_picked":["BloodHunter","BlasphemousPunishment"],"picked":"BatForm","floor":20},{"not_picked":["BloodyTrap","BloodAndWine"],"picked":"VampireKiss","floor":23},{"not_picked":["BloodAndWine","StarOfDavid"],"picked":"FavorOfDestiny","floor":25},{"not_picked":["FavorOfDestiny","BloodHunter"],"picked":"UnstableMagic+1","floor":26},{"not_picked":["AfternoonTea","VampireKiss"],"picked":"ScarletCoffin","floor":28},{"not_picked":["TransientEternity","DevilSight"],"picked":"RedRainbow+1","floor":29},{"not_picked":["EndlessAdversity","ChainGang"],"picked":"BloodAndWine","floor":30},{"not_picked":["CharismaGuard","BombardNight"],"picked":"DiffusionOfMisfortune+1","floor":31},{"not_picked":["UnderTheZenith","GlobalNightmare"],"picked":"NightDance","floor":32},{"not_picked":["KillingBlow","BloodyCatastrophe"],"picked":"QueenOfMidnight","floor":33},{"not_picked":["BadLadyScramble","ScarletDevilSign"],"picked":"BloodHunter+1","floor":36},{"not_picked":["StarOfDavid+1","ForbiddenFruit","BloodHunter+1"],"picked":"SKIP","floor":37},{"not_picked":["UnstableMagic+1","FavorOfDestiny+1"],"picked":"NightDance","floor":38},{"not_picked":["NightDance+1","FavorOfDestiny"],"picked":"ScarletImprint+1","floor":40},{"not_picked":["BombardNight","BloodHunter"],"picked":"Stigmanizer","floor":46},{"not_picked":["CharismaGuard","Stigmanizer"],"picked":"VampireFantasy+1","floor":48},{"not_picked":["NightDance+1","ForbiddenFruit+1"],"picked":"RedNightlessCastle","floor":49},{"not_picked":["ScarletDevil+1","VampireKiss"],"picked":"MiserableFate","floor":52}],"player_experience":203807,"relics_obtained":[{"floor":5,"key":"Bag of Marbles"},{"floor":6,"key":"Dream Catcher"},{"floor":7,"key":"RedBat"},{"floor":10,"key":"downfall:CloakOfManyFaces"},{"floor":28,"key":"StoneCalendar"},{"floor":30,"key":"Gungnir"},{"floor":38,"key":"CaptainsWheel"},{"floor":46,"key":"Ice Cream"},{"floor":49,"key":"MagicDraw3"},{"floor":52,"key":"Pantograph"}],"event_choices":[{"damage_healed":0,"gold_gain":0,"player_choice":"Ignored","damage_taken":0,"max_hp_gain":0,"max_hp_loss":0,"event_name":"NoteForYourself","floor":8,"gold_loss":0},{"damage_healed":0,"gold_gain":0,"player_choice":"Fight","damage_taken":0,"max_hp_gain":0,"max_hp_loss":0,"event_name":"Mysterious Sphere","floor":46,"gold_loss":0}],"is_beta":false,"boss_relics":[{"not_picked":["Empty Cage","Calling Bell"],"picked":"APieceOfRedMist"},{"not_picked":["Coffee Dripper","energizedSpire:DeadBattery"],"picked":"Philosopher\u0027s Stone"}],"items_purged_floors":[25,29,44,47],"is_endless":false,"potions_floor_spawned":[2,3,11,15,19,26,30,31,32,33,36,37,40,46],"ascension_level":0}}