{"host":"whe4vf9w0yuhsr02","time":1614176491,"event":{"mods":["AchievementEnabler","Act Like it!","BaseMod","Better Altar","Better Match","Better Note","Better Sensory Stone","Better Skull","Better Third Choice","Colored Map","Dark Map","Friendly Minions","Highlight Path","Hubris","Library of Ruina","Minty Spire (QoL Compilation)","Poor People Problems","Quick Restart","Replay The Spire","StSLib","everything is the same but u backflip on backflip"],"gold_per_floor":[113,131,147,164,178,207,207,222,222,222,234,247,247,262,262,364,364,376,376,190,202,220,220,254,254,254,254,15,30,62,62,62,159,159,177,194,94,94,94,119,119,133,158,158,158,168,181,196,196,196,196,196,53,80,80],"floor_reached":56,"language":"ENG","playtime":1241,"items_purged":["Injury","ShockingBlow"],"score":1498,"play_id":"c3419a0b-ada9-409b-8de4-81a28d673173","local_time":"20210224162131","is_ascension_mode":false,"campfire_choices":[{"data":"DegradedShockwave","floor":7,"key":"SMITH"},{"data":"DegradedPillar","floor":13,"key":"SMITH"},{"data":"DegradedPillar","floor":15,"key":"SMITH"},{"data":"DegradedChain","floor":23,"key":"SMITH"},{"data":"DegradedChain","floor":25,"key":"SMITH"},{"data":"DegradedFairy","floor":27,"key":"SMITH"},{"data":"DegradedFairy","floor":41,"key":"SMITH"},{"floor":44,"key":"RECALL"},{"data":"DegradedFairy","floor":52,"key":"SMITH"}],"circlet_count":0,"master_deck":["DegradedFairy+1","DegradedFairy+1","DegradedFairy+1","DegradedChain+1","DegradedChain+1","DegradedLock+1","DegradedPillar+1","DegradedPillar+1","DegradedShockwave+1","Unlock1+1"],"relics":["PageOfLibrarian","ReplayTheSpireMod:Lightbulb","Replay:Baseball","Singing Bowl","Replay:Bronze Core","ReplayTheSpireMod:CursedCoin","PageOfWayBackHome","War Paint","Shuriken","PageOfGreed","PageOfTheQueenOfHatred","Runic Pyramid","hubris:Towel","PageOfTheKnightOfDespair","PageOfSpiderBud","hubris:TinFlute"],"acts_visited":["Exordium","TheCity","TheBeyond","TheEnding"],"potions_floor_usage":[],"damage_taken":[{"damage":0,"enemies":"2 Louse","floor":1,"turns":1},{"damage":0,"enemies":"Jaw Worm","floor":2,"turns":1},{"damage":0,"enemies":"Cultist","floor":3,"turns":2},{"damage":0,"enemies":"Lots of Slimes","floor":4,"turns":3},{"damage":0,"enemies":"Looter","floor":5,"turns":1},{"damage":11,"enemies":"3 Sentries","floor":6,"turns":3},{"damage":0,"enemies":"Large Slime","floor":8,"turns":2},{"damage":0,"enemies":"3 Louse","floor":11,"turns":1},{"damage":0,"enemies":"Exordium Wildlife","floor":12,"turns":1},{"damage":0,"enemies":"Large Slime","floor":14,"turns":2},{"damage":6,"enemies":"The Guardian","floor":16,"turns":4},{"damage":0,"enemies":"Spheric Guardian","floor":18,"turns":1},{"damage":0,"enemies":"3 Byrds","floor":21,"turns":2},{"damage":0,"enemies":"Centurion and Healer","floor":22,"turns":2},{"damage":0,"enemies":"Replay:Snechameleon","floor":24,"turns":3},{"damage":0,"enemies":"Shelled Parasite and Fungi","floor":29,"turns":2},{"damage":0,"enemies":"Slavers","floor":30,"turns":1},{"damage":1,"enemies":"Champ","floor":33,"turns":5},{"damage":0,"enemies":"3 Darklings","floor":35,"turns":2},{"damage":15,"enemies":"3 Shapes","floor":36,"turns":2},{"damage":0,"enemies":"Reptomancer","floor":40,"turns":3},{"damage":0,"enemies":"3 Darklings","floor":42,"turns":2},{"damage":0,"enemies":"Jaw Worm Horde","floor":46,"turns":2},{"damage":0,"enemies":"4 Shapes","floor":47,"turns":2},{"damage":0,"enemies":"Maw","floor":48,"turns":3},{"damage":10,"enemies":"Time Eater","floor":50,"turns":3},{"damage":0,"enemies":"Shield and Spear","floor":54,"turns":3},{"damage":49,"enemies":"The Heart","floor":55,"turns":6}],"seed_played":"7483198670045992980","potions_obtained":[{"floor":3,"key":"SpeedPotion"},{"floor":4,"key":"Ancient Potion"},{"floor":6,"key":"Venom Potion"},{"floor":8,"key":"Weak Potion"},{"floor":11,"key":"Adrenaline Potion"}],"is_trial":false,"path_per_floor":["M","M","M","M","M","E","R","M","T","?","M","M","R","M","R","B",null,"M","?","$","M","M","R","E","R","T","R","$","M","E","$","R_BF","B",null,"M","M","$","?","?","E","R","M","T","R","?","M","M","M","R_BF","B",null,"R","$","E","B",null],"character_chosen":"Librarian","items_purchased":["ReplayTheSpireMod:CursedCoin","PageOfWayBackHome","PageOfGreed","PageOfSpiderBud"],"campfire_rested":0,"item_purchase_floors":[20,20,28,53],"current_hp_per_floor":[60,60,60,60,60,49,49,49,49,49,51,53,53,55,55,51,98,100,100,100,102,104,104,106,106,106,106,106,108,110,110,110,112,112,114,101,101,101,101,105,105,108,108,108,108,112,115,119,120,111,120,120,120,122,78],"gold":80,"neow_bonus":"RANDOM_COMMON_RELIC","is_daily":false,"chose_seed":false,"campfire_upgraded":8,"win_rate":0.0,"timestamp":1614176491,"path_taken":["M","M","M","M","M","E","R","M","T","?","M","M","R","M","R","BOSS","M","?","$","M","M","R","E","R","T","R","$","M","E","$","R_BF","BOSS","M","?","$","?","?","E","R","M","T","R","?","M","M","M","R_BF","BOSS","R","$","E","BOSS"],"items_purchased_type":["Relic","Relic","Relic","Relic"],"build_version":"2020-12-22","purchased_purges":2,"victory":true,"max_hp_per_floor":[90,90,90,90,90,90,90,90,90,90,92,94,94,96,96,98,98,100,100,100,102,104,104,106,106,106,106,106,108,110,110,110,112,112,114,116,116,116,116,118,118,120,120,120,114,116,118,120,120,120,120,120,120,122,122],"card_choices":[{"not_picked":["DesperateStruggle","Quickness","TheArtOfRapidSteps","EnergyStrike","Rewind","TendonChords","Track","PreparedMind"],"picked":"ShockingBlow","floor":1},{"not_picked":["SpearedSweep","SharpSwipe","StrongStrike","ClassAndRespect","DevastatingThrash","StrikeDown","GreatSerpentsImpact","QuickAttack"],"picked":"Unlock1","floor":2},{"not_picked":["StructuralAnalysis","Marionette","SetFire","GroundSmash","SuppressingShot","EnergyCycle","SilentMist","Standoff","EnergyShield"],"picked":"SKIP","floor":3},{"not_picked":["EnergyStrike","SharpSwipe","SpearedSweep","DevastatingThrash","Wallop_lor","RushDown","ShockingBlow","ToWhereThePrescriptPoints","DimensionalRift"],"picked":"SKIP","floor":4},{"not_picked":["SharpSwipe","Quickness","UnavoidableGaze","Ripple","DarkCloud","Cruelty","ViolentFlame","GuardingStance","DesperateStruggle"],"picked":"SKIP","floor":5},{"not_picked":["ViolentFlame","UnavoidableGaze","CumulusWall","Overpower","DefenseOrder","Struggle","Eliminate","TendonChords","Preparation"],"picked":"SKIP","floor":6},{"not_picked":["ViolentFlame","EnergyCycle","Wallop_lor","WillOfThePrescript","BiXi","NightInTheBackstreets","ButterflySlash","NonstopAssault","UpbeatPerformance"],"picked":"SKIP","floor":8},{"not_picked":["Gamble","Wallop_lor","ICanCookAnything","Reload","Suppress","BindingChains","EnergyConversion","PreemptiveStrike","DevastatingThrash"],"picked":"Singing Bowl","floor":11},{"not_picked":["NonstopAssault","SuppressingShot","PreemptiveStrike","WillOfThePrescript","SpearedSweep","EndlessBattle","GrazeTheGrass","Parry","SharpenedBlade"],"picked":"Singing Bowl","floor":12},{"not_picked":["EnergyCycle","EnergyStrike","AbsorbImpact","GutHarvesting","BiAn","ShockRound","FleetFootsteps","Tailoring","GuidanceOfTheGears"],"picked":"Singing Bowl","floor":14},{"not_picked":["GutHarvesting","Eradication","SuanNi"],"picked":"Singing Bowl","floor":16},{"not_picked":["SpearedSweep","ClassAndRespect","FleetEdge","StrongStrike","ShockRound","DesperateStruggle","Rewind+1","Thrust","SuppressingShot"],"picked":"Singing Bowl","floor":18},{"not_picked":["EndlessBattle","Leap_lor","BindingArms+1","Multislash+1","HighKick","WrathOfTorment","Punishment","Reload","Faith"],"picked":"Singing Bowl","floor":21},{"not_picked":["NightInTheBackstreets","Thrust","FleetEdge","PreemptiveStrike+1","Feast","TendonChords","Parry2","CoordinatedAssault","Suppress"],"picked":"Singing Bowl","floor":22},{"not_picked":["CircusKnives+1","BattleCommand+1","CoordinatedAssault","EnergyShield","StrikeDown","LossOfSenses","BiAn","ViolentFlame+1","SerpentSwordTechnique"],"picked":"Singing Bowl","floor":24},{"not_picked":["Gamble","SetFire+1","FierceCharge","SuppressingShot","Pound+1","StrongStrike","Fence+1","GreatSerpentsImpact","UnforgettableMelody"],"picked":"Singing Bowl","floor":29},{"not_picked":["SuppressingShot","BurningFlash","GreatSerpentsImpact+1","BladeWhirl","StrongStrike","RagingStormLove","InhaleSmoke","Overpower","SharpNails"],"picked":"Singing Bowl","floor":30},{"not_picked":["RipSpace","RepressedFlesh","FleshFillet"],"picked":"Singing Bowl","floor":33},{"not_picked":["Brawl","HighKick+1","DefenseOrder+1","Pound+1","RapidGashes","SkyClearingCut","DirtyBlow+1","Tailoring","EnergyStrike"],"picked":"Singing Bowl","floor":35},{"not_picked":["Unlock1+1","EnergyBeam","Marionette+1","SpearedSweep+1","BackAttack","FleetFootsteps+1","Ripple+1","StructuralAnalysis+1","LossOfSenses"],"picked":"Singing Bowl","floor":36},{"not_picked":["ClassAndRespect+1","DevastatingThrash+1","SomberProcuration","FrontalAssault+1","SinglePointStab","FleetEdge","WillOfThePrescript","MindWhip+1","GrazeTheGrass"],"picked":"Singing Bowl","floor":40},{"not_picked":["Brawl","ShockingBlow","FrontalAssault+1","SnakesPrey+1","Wallop_lor","QuickSuppression+1","IllEndYou","Rampage_lor","StrongStrike+1"],"picked":"Singing Bowl","floor":42},{"not_picked":["SunsetBlade+1","QuickAttack+1","MultiBlock+1","Thrust","Disposal","PinpointShot+1","NightInTheBackstreets","CoordinatedAssault+1","SearingSword+1"],"picked":"Singing Bowl","floor":46},{"not_picked":["HiddenBlade+1","Preparation+1","KeepItFresh+1","FleetFootsteps","QuickSuppression+1","TrashDisposal","Outburst","AutomatedMovement","TheRedNotes+1"],"picked":"Singing Bowl","floor":47},{"not_picked":["EnergyShield","FleetFootsteps","RhinoRam","Gigigig","IngredientHunt","CumulusWall+1","SharpSwipe+1","VenomousFangs","AsThePrescriptOrders+1"],"picked":"Singing Bowl","floor":48},{"not_picked":["HeavyPeaks+1","SnakesPrey","StrikeDown","AlloutWar+1","WrathOfTorment","SuppressingShot","LeRegole","GuidanceOfTheGears","BoundaryOfDeath"],"picked":"Singing Bowl","floor":54}],"player_experience":444072,"relics_obtained":[{"floor":6,"key":"Replay:Baseball"},{"floor":9,"key":"Singing Bowl"},{"floor":24,"key":"War Paint"},{"floor":26,"key":"Shuriken"},{"floor":30,"key":"PageOfTheQueenOfHatred"},{"floor":40,"key":"PageOfTheKnightOfDespair"},{"floor":54,"key":"hubris:TinFlute"}],"event_choices":[{"damage_healed":0,"gold_gain":0,"player_choice":"Grow","damage_taken":0,"max_hp_gain":0,"max_hp_loss":0,"event_name":"Living Wall","floor":10,"gold_loss":0,"cards_upgraded":["DegradedLock"]},{"cards_removed":["ShockingBlow"],"damage_healed":0,"gold_gain":0,"player_choice":"Give","damage_taken":0,"max_hp_gain":0,"max_hp_loss":0,"event_name":"betterNote:BetterNote","floor":19,"gold_loss":0,"cards_obtained":["Carnage"]},{"damage_healed":0,"gold_gain":0,"player_choice":"Max HP","damage_taken":0,"max_hp_gain":0,"max_hp_loss":6,"event_name":"Winding Halls","floor":45,"gold_loss":0}],"is_beta":false,"boss_relics":[{"not_picked":["Tiny House","Ectoplasm"],"picked":"Replay:Bronze Core"},{"not_picked":["Honey Jar","hubris:ScarierMask"],"picked":"Runic Pyramid"}],"items_purged_floors":[20,37],"is_endless":false,"potions_floor_spawned":[3,4,6,8,11,18,21,29,33,35,42,48,54],"ascension_level":0}}