{"host":"0qulokkk26x4i6bu","time":1614138590,"event":{"mods":["BaseMod","Bestiary","Block Reminder","DeckTracker","Minty Spire (QoL Compilation)","Relic Stats"],"gold_per_floor":[112,132,146,163,182,210,210,242,267,267,267,283,283,294,294,399,399,415,427,62,81,99,131,46,46,46,64,64,64,64,64],"floor_reached":30,"language":"ENG","playtime":2670,"items_purged":[],"score":290,"play_id":"3e3cf887-3509-44a1-822b-30d83f491a40","local_time":"20210223194950","is_ascension_mode":true,"campfire_choices":[{"data":"Reinforced Body","floor":7,"key":"SMITH"},{"floor":10,"key":"REST"},{"floor":13,"key":"REST"},{"floor":15,"key":"REST"},{"floor":25,"key":"REST"},{"data":"J.A.X.","floor":29,"key":"SMITH"}],"circlet_count":0,"master_deck":["Strike_B+1","Defend_B","Defend_B","Defend_B","Defend_B","Zap","Dualcast","Cold Snap+1","Reinforced Body+1","Thunder Strike+1","White Noise","Blizzard+1","Aggregate+1","Melter+1","Hologram+1","Doom and Gloom","Reinforced Body","Static Discharge","Undo","Doom and Gloom+1","J.A.X.+1"],"relics":["Snecko Eye","MealTicket","Tiny Chest","Centennial Puzzle","Astrolabe","Frozen Eye","Whetstone","Potion Belt","Lantern","Gremlin Horn"],"acts_visited":["Exordium","TheCity"],"potions_floor_usage":[6,16,19,19,23],"damage_taken":[{"damage":1,"enemies":"Cultist","floor":1,"turns":3},{"damage":13,"enemies":"Jaw Worm","floor":2,"turns":4},{"damage":0,"enemies":"2 Louse","floor":3,"turns":3},{"damage":1,"enemies":"Blue Slaver","floor":4,"turns":5},{"damage":8,"enemies":"Exordium Wildlife","floor":5,"turns":7},{"damage":19,"enemies":"3 Sentries","floor":6,"turns":8},{"damage":12,"enemies":"Lagavulin","floor":8,"turns":8},{"damage":19,"enemies":"Lots of Slimes","floor":12,"turns":3},{"damage":0,"enemies":"Looter","floor":14,"turns":3},{"damage":11,"enemies":"Slime Boss","floor":16,"turns":11},{"damage":14,"enemies":"Chosen","floor":18,"turns":5},{"damage":32,"enemies":"3 Byrds","floor":19,"turns":4},{"damage":22,"enemies":"Centurion and Healer","floor":21,"turns":8},{"damage":0,"enemies":"Sentry and Sphere","floor":22,"turns":5},{"damage":17,"enemies":"Gremlin Leader","floor":23,"turns":6},{"damage":0,"enemies":"Shelled Parasite and Fungi","floor":27,"turns":6},{"damage":28,"enemies":"Book of Stabbing","floor":30,"turns":5}],"seed_played":"-8933432551871849711","potions_obtained":[{"floor":2,"key":"BlessingOfTheForge"},{"floor":4,"key":"Fire Potion"},{"floor":5,"key":"SpeedPotion"},{"floor":16,"key":"LiquidBronze"},{"floor":18,"key":"Fire Potion"},{"floor":23,"key":"Strength Potion"}],"is_trial":false,"path_per_floor":["M","M","M","M","M","E","R","E","T","R","?","M","R","M","R","B",null,"M","M","$","M","M","E","?","R","T","M","?","R","E"],"character_chosen":"DEFECT","items_purchased":["Frozen Eye","Whetstone","Reinforced Body"],"campfire_rested":4,"item_purchase_floors":[20,20,20],"current_hp_per_floor":[74,61,61,60,52,33,33,21,21,43,43,24,46,46,68,57,75,61,29,44,22,22,5,5,27,27,27,27,27,0,0],"gold":64,"neow_bonus":"BOSS_RELIC","is_daily":false,"chose_seed":false,"campfire_upgraded":2,"win_rate":0.0,"timestamp":1614138590,"path_taken":["M","M","?","M","M","E","R","E","T","R","?","M","R","M","R","BOSS","M","M","$","M","M","E","?","R","T","M","?","R","E"],"items_purchased_type":["Relic","Relic","Card"],"build_version":"2020-12-22","purchased_purges":0,"victory":false,"max_hp_per_floor":[75,75,75,75,75,75,75,75,75,75,75,75,75,75,75,75,75,75,75,75,75,75,75,75,75,75,75,75,75,75,75],"relic_stats":{"Centennial Puzzle":[21],"Gremlin Horn":[1,1],"counters":[17,94],"Astrolabe":["Blizzard","Aggregate","Melter"],"Snecko Eye":[160,145,137,162],"MealTicket":15,"Tiny Chest":0,"Whetstone":["Cold Snap","Strike_B"],"obtain_stats":[{"Potion Belt":23,"Frozen Eye":20,"Centennial Puzzle":9,"Lantern":24,"Gremlin Horn":26,"Astrolabe":17,"Snecko Eye":0,"MealTicket":6,"Tiny Chest":8,"Whetstone":20,"Cracked Core":0},{"Potion Belt":15,"Frozen Eye":12,"Centennial Puzzle":7,"Lantern":15,"Gremlin Horn":15,"Astrolabe":10,"Snecko Eye":0,"MealTicket":6,"Tiny Chest":7,"Whetstone":12,"Cracked Core":0},{"Potion Belt":83,"Frozen Eye":64,"Centennial Puzzle":38,"Lantern":83,"Gremlin Horn":83,"Astrolabe":55,"Snecko Eye":0,"MealTicket":30,"Tiny Chest":38,"Whetstone":64,"Cracked Core":0}]},"card_choices":[{"not_picked":["Redo","Recycle","Stack"],"picked":"SKIP","floor":1},{"not_picked":["Aggregate","Turbo"],"picked":"Cold Snap","floor":2},{"not_picked":["Beam Cell","Rip and Tear"],"picked":"Reinforced Body","floor":3},{"not_picked":["Gash","Rebound","Leap"],"picked":"SKIP","floor":4},{"not_picked":["Sweeping Beam","Capacitor"],"picked":"Thunder Strike","floor":5},{"not_picked":["Rebound","Hello World","Beam Cell"],"picked":"SKIP","floor":6},{"not_picked":["Beam Cell","Steam"],"picked":"White Noise","floor":8},{"not_picked":["Gash","Compile Driver","Sweeping Beam"],"picked":"SKIP","floor":12},{"not_picked":["Cold Snap","Hologram","Leap"],"picked":"SKIP","floor":14},{"not_picked":["Barrage","Stack"],"picked":"Hologram+1","floor":18},{"not_picked":["Self Repair","Steam"],"picked":"Doom and Gloom","floor":19},{"not_picked":["Auto Shields","Steam"],"picked":"Static Discharge","floor":21},{"not_picked":["Reinforced Body","Coolheaded","Consume"],"picked":"SKIP","floor":22},{"not_picked":["Thunder Strike","Barrage"],"picked":"Undo","floor":23},{"not_picked":["Conserve Battery+1","Barrage+1"],"picked":"Doom and Gloom+1","floor":27}],"player_experience":78144,"relics_obtained":[{"floor":6,"key":"MealTicket"},{"floor":8,"key":"Tiny Chest"},{"floor":9,"key":"Centennial Puzzle"},{"floor":23,"key":"Potion Belt"},{"floor":26,"key":"Gremlin Horn"}],"event_choices":[{"damage_healed":0,"gold_gain":0,"player_choice":"Grow","damage_taken":0,"max_hp_gain":0,"max_hp_loss":0,"event_name":"Living Wall","floor":11,"gold_loss":0,"cards_upgraded":["Thunder Strike"]},{"damage_healed":0,"gold_gain":0,"player_choice":"Obtained Relic","damage_taken":0,"relics_obtained":["Lantern"],"max_hp_gain":0,"max_hp_loss":0,"event_name":"Addict","floor":24,"gold_loss":85},{"damage_healed":0,"gold_gain":0,"player_choice":"Obtain J.A.X.","damage_taken":0,"max_hp_gain":0,"max_hp_loss":0,"event_name":"Drug Dealer","floor":28,"gold_loss":0,"cards_obtained":["J.A.X."]}],"is_beta":false,"boss_relics":[{"not_picked":["Philosopher\u0027s Stone","Calling Bell"],"picked":"Astrolabe"}],"items_purged_floors":[],"is_endless":false,"potions_floor_spawned":[2,4,5,16,18,23],"killed_by":"Book of Stabbing","ascension_level":2}}