{"host":"ki5kvxn974a96omm","time":1614172996,"event":{"mods":["BaseMod","Colored Map","Colored Powertips","Downfall","Highlight Path","Minty Spire (QoL Compilation)","Relic Sorter","Relic Stats","StSLib"],"gold_per_floor":[0,13,23,35,135,152,177,177,189,189,215,232,232,267,285,383,383,383,396,481,481,491,508,508,131,166,166,66,66,82,116,136,235,235,235,235,247,247,271,256,338,370,386,186,8,8,36,61,83,95,107,149,57,57,57,57,57,57],"floor_reached":56,"language":"ENG","playtime":5390,"items_purged":["Pain","bronze:Strike"],"score":832,"play_id":"e029eea4-e137-4961-8c8c-345dd77ddb3b","local_time":"20210224082316","is_ascension_mode":false,"campfire_choices":[{"data":"bronze:HardenedForm","floor":1,"key":"SMITH"},{"data":"bronze:BugBarrage","floor":8,"key":"SMITH"},{"data":"bronze:BurnOut","floor":10,"key":"SMITH"},{"floor":13,"key":"REST"},{"data":"bronze:FindAndReplace","floor":18,"key":"SMITH"},{"floor":28,"key":"REST"},{"floor":35,"key":"RECALL"},{"data":"bronze:Goto","floor":44,"key":"SMITH"},{"floor":54,"key":"REST"}],"circlet_count":0,"master_deck":["bronze:Strike","bronze:Strike+1","bronze:Strike+1","bronze:Defend","bronze:Defend","bronze:Defend","bronze:Defend","bronze:Replicate+1","bronze:Goto+1","bronze:HardenedForm+1","bronze:BugBarrage+1","bronze:BurnOut+1","bronze:OilSpill+1","bronze:Goto+1","bronze:FineTuning+1","bronze:Backtrace","Forethought","bronze:ChildClass+1","bronze:Verify","bronze:Turbo","bronze:FindAndReplace+1","bronze:Frontload+1","bronze:ChosenStrike","bronze:BuggyMess","Dark Shackles","bronze:ChildClass+1","bronze:OilSpill+1","bronze:ForceShield","bronze:BitShift","bronze:MaxOutput","bronze:BuggyMess"],"relics":["bronze:BronzeCore","downfall:GremlinSack","Akabeko","Tiny Chest","Bag of Marbles","Busted Crown","Guardian:PocketSentry","Kunai","Mummified Hand","downfall:HeartBlessingBlue","Blue Candle","Gambling Chip","expansioncontent:StudyCardRelic","War Paint","bronze:CableSpool","The Courier","downfall:HeartBlessingRed","downfall:HeartBlessingGreen","Blood Vial","Whetstone","Potion Belt","MawBank","Ginger"],"acts_visited":["Exordium","TheCity","TheBeyond","TheEnding"],"potions_floor_usage":[11,11,16,26,31,33,33,42,50,55,56,56,56,56,56,56,56,56],"damage_taken":[{"damage":2,"enemies":"Small Slimes","floor":2,"turns":4},{"damage":1,"enemies":"Cultist","floor":3,"turns":3},{"damage":2,"enemies":"2 Louse","floor":4,"turns":3},{"damage":31,"enemies":"2 Louse","floor":5,"turns":5},{"damage":5,"enemies":"Large Slime","floor":6,"turns":4},{"damage":10,"enemies":"Lots of Slimes","floor":9,"turns":3},{"damage":13,"enemies":"3 Sentries","floor":11,"turns":6},{"damage":12,"enemies":"Blue Slaver","floor":12,"turns":2},{"damage":0,"enemies":"Lagavulin","floor":14,"turns":5},{"damage":0,"enemies":"2 Fungi Beasts","floor":15,"turns":1},{"damage":15,"enemies":"SI_SHIV_ARCHETYPE","floor":16,"turns":9},{"damage":4,"enemies":"Spheric Guardian","floor":19,"turns":4},{"damage":5,"enemies":"Shell Parasite","floor":22,"turns":3},{"damage":6,"enemies":"Cultist and Chosen","floor":23,"turns":6},{"damage":0,"enemies":"downfall:FleeingMerchant","floor":25,"turns":4},{"damage":30,"enemies":"Book of Stabbing","floor":26,"turns":4},{"damage":0,"enemies":"Centurion and Healer","floor":30,"turns":5},{"damage":22,"enemies":"Slavers","floor":31,"turns":4},{"damage":0,"enemies":"Sentry and Sphere","floor":32,"turns":4},{"damage":13,"enemies":"DF_ARCHETYPE_CLAW","floor":33,"turns":8},{"damage":1,"enemies":"3 Shapes","floor":37,"turns":2},{"damage":4,"enemies":"downfall:FleeingMerchant","floor":40,"turns":4},{"damage":18,"enemies":"Nemesis","floor":42,"turns":4},{"damage":2,"enemies":"3 Darklings","floor":43,"turns":3},{"damage":0,"enemies":"downfall:FleeingMerchant","floor":45,"turns":1},{"damage":0,"enemies":"Giant Head","floor":47,"turns":4},{"damage":0,"enemies":"Sphere and 2 Shapes","floor":48,"turns":2},{"damage":8,"enemies":"Maw","floor":49,"turns":5},{"damage":10,"enemies":"WA_ARCHETYPE_DIVINITY","floor":50,"turns":11},{"damage":46,"enemies":"downfall:CharBossMerchant","floor":52,"turns":6},{"damage":29,"enemies":"downfall:NeowBoss","floor":55,"turns":13},{"damage":54,"enemies":"downfall:NeowBossFinal","floor":56,"turns":5}],"seed_played":"-8980944255044377961","potions_obtained":[{"floor":5,"key":"Block Potion"},{"floor":9,"key":"Regen Potion"},{"floor":14,"key":"Ancient Potion"},{"floor":15,"key":"Block Potion"},{"floor":16,"key":"LiquidBronze"},{"floor":26,"key":"Weak Potion"},{"floor":30,"key":"ColorlessPotion"},{"floor":31,"key":"bronze:BuildAFunctionPotion"},{"floor":32,"key":"DistilledChaos"},{"floor":33,"key":"Strength Potion"},{"floor":42,"key":"SteroidPotion"},{"floor":43,"key":"hexamod:SoulburnPotion"},{"floor":48,"key":"champ:CounterPotion"},{"floor":49,"key":"EntropicBrew"},{"floor":52,"key":"bronze:CleanCodePotion"}],"is_trial":false,"path_per_floor":["R","M","M","M","?","M","T","R","M","R","E","M","R","E","M","B",null,"R","M","?","?","M","M","T","$","E","T","R","?","M","E","M","B",null,"R","?","M","?","T","$","T","E","M","R","$","?","E","M","M","B",null,"E","$","R","B","B"],"character_chosen":"THE_AUTOMATON","items_purchased":["Guardian:PocketSentry","bronze:BuggyMess","Dark Shackles","bronze:ForceShield","Blood Vial","Whetstone","Potion Belt","bronze:MaxOutput","bronze:BuggyMess"],"campfire_rested":3,"item_purchase_floors":[25,25,25,45,45,45,45,53,53],"current_hp_per_floor":[70,68,67,65,34,29,29,29,19,19,21,9,30,30,30,15,70,70,66,52,52,47,41,41,41,11,11,45,40,40,18,18,5,80,80,80,79,90,90,86,86,68,66,66,66,66,68,70,64,56,90,44,44,71,44,0,0,0],"gold":57,"neow_bonus":"THREE_RARE_CARDS","is_daily":false,"chose_seed":false,"campfire_upgraded":5,"win_rate":0.0,"timestamp":1614172996,"path_taken":["R","M","M","M","?","?","T","R","M","R","E","M","R","E","M","BOSS","R","M","?","?","?","M","T","$","E","?","R","?","M","E","M","BOSS","R","?","M","?","?","$","T","E","M","R","$","?","E","M","M","BOSS","E","$","R","BOSS","BOSS"],"items_purchased_type":["Relic","Card","Card","Card","Relic","Relic","Relic","Card","Card"],"build_version":"2020-12-22","purchased_purges":2,"victory":false,"max_hp_per_floor":[70,70,70,70,70,70,70,70,70,70,70,70,70,70,70,70,70,70,70,70,70,70,70,70,70,70,70,80,80,80,80,80,80,80,80,80,80,90,90,90,90,90,90,90,90,90,90,90,90,90,90,90,90,90,90,90,90,90],"relic_stats":{"counters":[32,147],"Blue Candle":[4],"Whetstone":["bronze:Strike","bronze:Strike"],"Ginger":[17],"War Paint":["bronze:Goto","bronze:FineTuning"],"MawBank":72,"Blood Vial":12,"Busted Crown":36,"Mummified Hand":[71],"Gambling Chip":[40],"Tiny Chest":2,"Kunai":[53],"obtain_stats":[{"Potion Belt":45,"bronze:BronzeCore":0,"downfall:HeartBlessingRed":44,"Blue Candle":29,"downfall:HeartBlessingGreen":44,"The Courier":42,"Guardian:PocketSentry":25,"expansioncontent:StudyCardRelic":34,"Whetstone":45,"Ginger":52,"War Paint":39,"MawBank":47,"Akabeko":7,"bronze:CableSpool":41,"Blood Vial":45,"Busted Crown":17,"downfall:GremlinSack":5,"Mummified Hand":27,"downfall:HeartBlessingBlue":28,"Gambling Chip":31,"Tiny Chest":11,"Bag of Marbles":14,"Kunai":26},{"Potion Belt":25,"bronze:BronzeCore":0,"downfall:HeartBlessingRed":24,"Blue Candle":16,"downfall:HeartBlessingGreen":24,"The Courier":23,"Guardian:PocketSentry":15,"expansioncontent:StudyCardRelic":20,"Whetstone":25,"Ginger":30,"War Paint":21,"MawBank":26,"Akabeko":5,"bronze:CableSpool":22,"Blood Vial":25,"Busted Crown":11,"downfall:GremlinSack":4,"Mummified Hand":16,"downfall:HeartBlessingBlue":16,"Gambling Chip":18,"Tiny Chest":7,"Bag of Marbles":9,"Kunai":16},{"Potion Belt":101,"bronze:BronzeCore":0,"downfall:HeartBlessingRed":100,"Blue Candle":66,"downfall:HeartBlessingGreen":100,"The Courier":97,"Guardian:PocketSentry":62,"expansioncontent:StudyCardRelic":87,"Whetstone":101,"Ginger":129,"War Paint":89,"MawBank":105,"Akabeko":19,"bronze:CableSpool":93,"Blood Vial":101,"Busted Crown":45,"downfall:GremlinSack":15,"Mummified Hand":66,"downfall:HeartBlessingBlue":66,"Gambling Chip":75,"Tiny Chest":28,"Bag of Marbles":35,"Kunai":66}]},"card_choices":[{"not_picked":["bronze:Mutator","bronze:InfiniteLoop"],"picked":"bronze:HardenedForm","floor":0},{"not_picked":["bronze:Separator","bronze:BuggyMess"],"picked":"bronze:BugBarrage","floor":2},{"not_picked":["bronze:WildBeam","bronze:Constructor"],"picked":"bronze:BurnOut","floor":3},{"not_picked":["bronze:FineTuning","bronze:BugBarrage"],"picked":"bronze:OilSpill","floor":4},{"not_picked":["bronze:FollowUp","bronze:BuggyMess"],"picked":"bronze:DelayedGuard","floor":5},{"not_picked":["bronze:Separator","bronze:WildBeam","bronze:AlphaBuild"],"picked":"SKIP","floor":6},{"not_picked":["bronze:CloningBeam","bronze:Shield"],"picked":"bronze:ChildClass","floor":9},{"not_picked":["bronze:ChildClass","bronze:Separator"],"picked":"bronze:Verify","floor":11},{"not_picked":["bronze:BugBarrage","bronze:Overheat","bronze:ClassDefault"],"picked":"SKIP","floor":12},{"not_picked":["bronze:Safeguard","bronze:Frontload","bronze:Constructor"],"picked":"SKIP","floor":14},{"not_picked":["bronze:CutThrough","bronze:DigitalCarnage"],"picked":"bronze:Turbo","floor":15},{"not_picked":["bronze:HyperBeam","bronze:HardenedForm"],"picked":"bronze:FindAndReplace","floor":16},{"not_picked":[],"picked":"bronze:Frontload+1","floor":19},{"not_picked":["bronze:BitShift+1"],"picked":"SKIP","floor":22},{"not_picked":["bronze:BronzeArmor"],"picked":"SKIP","floor":23},{"not_picked":[],"picked":"bronze:ChosenStrike","floor":25},{"not_picked":["bronze:FineTuning"],"picked":"SKIP","floor":26},{"not_picked":["bronze:CutThrough+1"],"picked":"SKIP","floor":30},{"not_picked":[],"picked":"bronze:ChildClass+1","floor":31},{"not_picked":["bronze:Fortify"],"picked":"SKIP","floor":32},{"not_picked":[],"picked":"bronze:OilSpill+1","floor":37},{"not_picked":["bronze:Boost"],"picked":"SKIP","floor":40},{"not_picked":["bronze:NullPointer+1"],"picked":"SKIP","floor":42},{"not_picked":["bronze:Iterate+1"],"picked":"SKIP","floor":43},{"not_picked":["bronze:Iterate"],"picked":"SKIP","floor":45},{"not_picked":["bronze:FineTuning+1"],"picked":"SKIP","floor":47},{"not_picked":["bronze:Boost+1"],"picked":"SKIP","floor":48},{"not_picked":["bronze:DelayedGuard+1"],"picked":"SKIP","floor":49},{"not_picked":["bronze:RecursiveStrike"],"picked":"SKIP","floor":52}],"player_experience":1948851,"relics_obtained":[{"floor":5,"key":"downfall:GremlinSack"},{"floor":7,"key":"Akabeko"},{"floor":11,"key":"Tiny Chest"},{"floor":14,"key":"Bag of Marbles"},{"floor":26,"key":"Kunai"},{"floor":27,"key":"Mummified Hand"},{"floor":31,"key":"Gambling Chip"},{"floor":39,"key":"War Paint"},{"floor":41,"key":"bronze:CableSpool"},{"floor":42,"key":"The Courier"},{"floor":47,"key":"MawBank"},{"floor":52,"key":"Ginger"}],"event_choices":[{"cards_removed":["bronze:DelayedGuard"],"damage_healed":0,"gold_gain":0,"player_choice":"Removed Skill","damage_taken":0,"max_hp_gain":0,"max_hp_loss":0,"event_name":"Falling","floor":36,"gold_loss":0}],"is_beta":false,"boss_relics":[{"not_picked":["Empty Cage","Cursed Key"],"picked":"Busted Crown"},{"not_picked":["Calling Bell","Snecko Eye"],"picked":"expansioncontent:StudyCardRelic"}],"items_purged_floors":[25,45],"is_endless":false,"potions_floor_spawned":[5,9,14,15,16,26,30,31,32,33,42,43,48,49,52],"killed_by":"downfall:NeowBossFinal","ascension_level":0}}