{"host":"dhv3u8yhd2rnugsp","time":1614206054,"event":{"mods":["100% Spire Juice","BaseMod","Block Reminder","Colored Map","Googly Eyes","Highlight Path","Minty Spire (QoL Compilation)","Permanent Neow","Quick Restart","Random Character Button","StSLib"],"gold_per_floor":[16,33,44,58,72,104,104,133,133,210,210,228,255,255,255,255,255],"floor_reached":16,"language":"ENG","playtime":679,"items_purged":[],"score":244,"play_id":"59265789-9869-49b8-a2e9-33498226b06f","local_time":"20210224163414","is_ascension_mode":true,"campfire_choices":[{"data":"Bouncing Flask","floor":7.0,"key":"SMITH"},{"data":"Unload","floor":11.0,"key":"SMITH"},{"floor":15,"key":"REST"}],"circlet_count":0,"master_deck":["AscendersBane","Strike_G","Strike_G","Strike_G","Strike_G","Strike_G","Defend_G","Defend_G","Defend_G","Defend_G","Defend_G","Survivor","Neutralize","Bouncing Flask+1","Acrobatics","PiercingWail","Cloak And Dagger","Backflip","Crippling Poison","Unload+1","Escape Plan","Burst"],"relics":["Ring of the Snake","Ice Cream","Pantograph","Ancient Tea Set","StrikeDummy","InkBottle"],"acts_visited":["Exordium"],"potions_floor_usage":[16],"damage_taken":[{"damage":3.0,"enemies":"Cultist","floor":1.0,"turns":5.0},{"damage":0.0,"enemies":"2 Louse","floor":2.0,"turns":2.0},{"damage":0.0,"enemies":"Small Slimes","floor":3.0,"turns":4.0},{"damage":4.0,"enemies":"Looter","floor":4.0,"turns":4.0},{"damage":6.0,"enemies":"2 Fungi Beasts","floor":5.0,"turns":5.0},{"damage":6.0,"enemies":"Lagavulin","floor":6.0,"turns":5.0},{"damage":17.0,"enemies":"3 Sentries","floor":8.0,"turns":11.0},{"damage":0.0,"enemies":"Exordium Thugs","floor":12.0,"turns":3.0},{"damage":5,"enemies":"Gremlin Nob","floor":13,"turns":3},{"damage":69,"enemies":"Slime Boss","floor":16,"turns":9}],"seed_played":"1889778682852804215","potions_obtained":[{"floor":1.0,"key":"BlessingOfTheForge"},{"floor":2.0,"key":"DuplicationPotion"},{"floor":6.0,"key":"Explosive Potion"},{"floor":13,"key":"Regen Potion"}],"is_trial":false,"path_per_floor":["M","M","M","M","M","E","R","E","T","?","R","M","E","?","R","B"],"character_chosen":"THE_SILENT","items_purchased":[],"campfire_rested":1,"item_purchase_floors":[],"current_hp_per_floor":[56,56,56,52,46,40,40,23,23,23,23,23,18,9,28,0,0],"gold":255,"neow_bonus":"ONE_RARE_RELIC","is_daily":false,"chose_seed":false,"campfire_upgraded":2,"win_rate":0.0,"timestamp":1614206054,"path_taken":["M","M","?","M","M","E","R","E","T","?","R","M","E","?","R","BOSS"],"items_purchased_type":[],"build_version":"2020-12-22","purchased_purges":0,"victory":false,"max_hp_per_floor":[66,66,66,66,66,66,66,66,66,66,66,66,66,66,66,66,66],"card_choices":[{"not_picked":["Dagger Throw","Expertise"],"picked":"Bouncing Flask","floor":1.0},{"not_picked":["Dagger Throw","Sucker Punch"],"picked":"Acrobatics","floor":2.0},{"not_picked":["Deflect","Cloak And Dagger"],"picked":"PiercingWail","floor":3.0},{"not_picked":["All Out Attack","Heel Hook"],"picked":"Cloak And Dagger","floor":4.0},{"not_picked":["PiercingWail","Tactician"],"picked":"Backflip","floor":5.0},{"not_picked":["Backstab","Eviscerate"],"picked":"Crippling Poison","floor":6.0},{"not_picked":["Dash","Slice"],"picked":"Unload","floor":8.0},{"not_picked":["Cloak And Dagger","Deflect"],"picked":"Escape Plan","floor":12.0},{"not_picked":["Slice","Sucker Punch"],"picked":"Burst","floor":13}],"player_experience":1688465,"relics_obtained":[{"floor":6.0,"key":"Pantograph"},{"floor":8.0,"key":"Ancient Tea Set"},{"floor":9.0,"key":"StrikeDummy"},{"floor":13,"key":"InkBottle"}],"event_choices":[{"damage_healed":0.0,"max_hp_gain":0.0,"max_hp_loss":0.0,"gold_gain":77.0,"event_name":"Golden Wing","player_choice":"Gained Gold","floor":10.0,"gold_loss":0.0,"damage_taken":0.0},{"damage_healed":0,"gold_gain":0,"player_choice":"Damaged","damage_taken":9,"max_hp_gain":0,"max_hp_loss":0,"event_name":"Wheel of Change","floor":14,"gold_loss":0}],"is_beta":false,"boss_relics":[],"items_purged_floors":[],"is_endless":false,"potions_floor_spawned":[1,2,6,13],"killed_by":"Slime Boss","ascension_level":20}}