{"host":"dj20jyxj5yo6mk8a","time":1614172439,"event":{"mods":["AchievementEnabler","BaseMod","BetterRewards","Card Forge","Minty Spire (QoL Compilation)","Replay The Spire","StSLib"],"gold_per_floor":[112,127,139,155,155,186,186,186,255,304,329,340,350,385,385,482,482,493,345,345,364,378,413,268,300,300,300,300,327,343,353,353,452,452,462,75,91,109,127,158,158,168,168,168,193,193,204,215,215,215,215,215,67,97,97],"floor_reached":56,"language":"ENG","playtime":2617,"items_purged":[],"score":1428,"play_id":"9b43fbf7-c27f-4233-8abb-9a580a66ccee","local_time":"20210224101359","is_ascension_mode":true,"campfire_choices":[{"floor":7.0,"key":"RECALL"}],"circlet_count":0,"master_deck":["Strike_G+1","Strike_G+1","Strike_G+1","Strike_G+1","Strike_G+1","Defend_G+1","Defend_G+1","Defend_G+1","Defend_G+1","Defend_G+1","Survivor+1","Neutralize+1","White Noise+1","BecomeAlmighty+1","Dark Echo+1","Blind+1","Dark Shackles+1","Discovery+1","Dramatic Entrance+1","Good Instincts+1","LiveForever+1","Poisoned Strike+1","RitualDagger+1","Sadistic Nature+1","Trip+1","White Noise+1","BecomeAlmighty+1","Dark Shackles+1","Discovery+1","Dramatic Entrance+1","Good Instincts+1","LiveForever+1","Sadistic Nature+1","Poisoned Strike+1","Trip+1","White Noise+1","Poisoned Stab+1","Terror+1","Deadly Poison+1","Deadly Poison+1","Toxin Wave+1","Backstab+1","Adrenaline+1","Toxin Wave+1","Bouncing Flask+1","Finesse+1","Burst+1","Noxious Fumes+1","After Image+1","Dash+1"],"relics":["Hammer of Thor","Seething Fire","Anvil of the Gods","Coffee Dripper","Byrd Skull","Boot","Incense Burner","Pet Ghost","Runic Pyramid","Lantern","Singing Bowl","TwistedFunnel","Ginger","Mirror","Akabeko","Busted Crown","Shuriken","Oddly Smooth Stone","ReplayTheSpireMod:Lightbulb","Snake Skull","Thread and Needle","Bag of Marbles","Nunchaku"],"acts_visited":["Exordium","TheCity","TheBeyond","TheEnding"],"potions_floor_usage":[],"damage_taken":[{"damage":0.0,"enemies":"2 Louse","floor":1.0,"turns":1.0},{"damage":0.0,"enemies":"Small Slimes","floor":2.0,"turns":3.0},{"damage":0.0,"enemies":"Cultist","floor":3.0,"turns":2.0},{"damage":0.0,"enemies":"Looter","floor":4.0,"turns":3.0},{"damage":1.0,"enemies":"3 Sentries","floor":6.0,"turns":2.0},{"damage":0.0,"enemies":"Gremlin Nob","floor":11.0,"turns":3.0},{"damage":0.0,"enemies":"Lots of Slimes","floor":12.0,"turns":1.0},{"damage":0.0,"enemies":"2 Fungi Beasts","floor":13.0,"turns":1.0},{"damage":0.0,"enemies":"Replay:BlueRogue","floor":14.0,"turns":1.0},{"damage":8.0,"enemies":"The Guardian","floor":16.0,"turns":5.0},{"damage":0.0,"enemies":"Chosen","floor":18.0,"turns":3.0},{"damage":0.0,"enemies":"Spheric Guardian","floor":21.0,"turns":1.0},{"damage":0.0,"enemies":"Snecko","floor":22.0,"turns":2.0},{"damage":0.0,"enemies":"Slavers","floor":23.0,"turns":2.0},{"damage":0.0,"enemies":"Gremlin Leader","floor":25.0,"turns":5.0},{"damage":12.0,"enemies":"Replay:Snechameleon","floor":29.0,"turns":3.0},{"damage":0.0,"enemies":"Cultist and Chosen","floor":30.0,"turns":1.0},{"damage":0.0,"enemies":"Shelled Parasite and Fungi","floor":31.0,"turns":1.0},{"damage":19.0,"enemies":"Collector","floor":33.0,"turns":4.0},{"damage":0.0,"enemies":"Orb Walker","floor":35.0,"turns":1.0},{"damage":20.0,"enemies":"3 Shapes","floor":37.0,"turns":1.0},{"damage":0.0,"enemies":"Spire Growth","floor":38.0,"turns":1.0},{"damage":0.0,"enemies":"Writhing Mass","floor":39.0,"turns":3.0},{"damage":0.0,"enemies":"Giant Head","floor":40.0,"turns":5.0},{"damage":0,"enemies":"Jaw Worm Horde","floor":42,"turns":1},{"damage":0,"enemies":"Nemesis","floor":45,"turns":3},{"damage":19,"enemies":"4 Shapes","floor":47,"turns":1},{"damage":0,"enemies":"Spire Growth","floor":48,"turns":2},{"damage":0,"enemies":"Replay:Hell Engine","floor":50,"turns":6},{"damage":19,"enemies":"Shield and Spear","floor":54,"turns":3},{"damage":50,"enemies":"The Heart","floor":55,"turns":7}],"seed_played":"2568448204997680309","potions_obtained":[{"floor":6.0,"key":"Fruit Juice"},{"floor":10.0,"key":"GhostInAJar"},{"floor":10.0,"key":"CunningPotion"},{"floor":10.0,"key":"EssenceOfSteel"},{"floor":11.0,"key":"Elixir"}],"is_trial":false,"path_per_floor":["M","M","M","M","?","E","R","$","T","?","E","M","M","E","R","B",null,"M","$","?","M","M","E","$","E","T","R","?","E","M","M","R","B",null,"M","$","M","M","M","E","R","M","T","R","E","?","M","M","R","B",null,"R","$","E","B",null],"character_chosen":"THE_SILENT","items_purchased":["Lantern","TwistedFunnel","Shuriken","Oddly Smooth Stone","Bag of Marbles"],"campfire_rested":0,"item_purchase_floors":[19,24,36,36,53],"current_hp_per_floor":[70,70,70,70,70,74,74,74,74,56,56,56,56,56,56,48,75,75,75,75,75,75,77,77,79,79,79,79,67,67,69,69,50,81,83,83,63,65,67,69,69,71,71,71,73,73,56,58,58,58,97,97,97,80,30],"gold":97,"neow_bonus":"BOSS_RELIC","is_daily":false,"chose_seed":false,"campfire_upgraded":0,"win_rate":0.0,"timestamp":1614172439,"path_taken":["M","M","M","M","?","E","R","$","T","?","E","M","M","E","R","BOSS","M","$","?","M","M","E","$","E","T","R","?","E","?","M","R","BOSS","M","$","M","M","M","E","R","M","T","R","E","?","?","M","R","BOSS","R","$","E","BOSS"],"items_purchased_type":["Relic","Relic","Relic","Relic","Relic"],"build_version":"2020-12-22","purchased_purges":0,"victory":true,"max_hp_per_floor":[70,70,70,70,70,75,75,75,75,75,75,75,75,75,75,75,75,75,75,75,75,75,77,77,79,79,79,79,79,79,81,81,81,81,83,83,83,85,87,89,89,91,91,91,93,93,95,97,97,97,97,97,97,99,99],"card_choices":[{"not_picked":["Cloak And Dagger","Prepared","Outmaneuver"],"picked":"SKIP","floor":1.0},{"not_picked":["PiercingWail","Hidden Blade","Quick Slash"],"picked":"SKIP","floor":2.0},{"not_picked":["Hidden Blade","Tactician"],"picked":"Poisoned Stab","floor":3.0},{"not_picked":["Tactician","Dagger Throw"],"picked":"Terror","floor":4.0},{"not_picked":["Adrenaline","Escape Plan"],"picked":"Deadly Poison","floor":6.0},{"not_picked":["Deflect","Cloak And Dagger"],"picked":"Deadly Poison","floor":10.0},{"not_picked":["Deflect","Reflex"],"picked":"Toxin Wave","floor":11.0},{"not_picked":["Tactician","Deflect"],"picked":"Backstab","floor":12.0},{"not_picked":["Dagger Throw","Prepared","Heel Hook"],"picked":"SKIP","floor":13.0},{"not_picked":["PiercingWail","Dagger Throw","Sucker Punch"],"picked":"SKIP","floor":14.0},{"not_picked":["Doppelganger","Corpse Explosion"],"picked":"Adrenaline","floor":16.0},{"not_picked":["ReplayTheSpireMod:Exploit Weakness","Prepared"],"picked":"Toxin Wave+1","floor":18.0},{"not_picked":["Flying Knee","Poisoned Stab+1"],"picked":"Bouncing Flask","floor":21.0},{"not_picked":["Acrobatics","Flying Knee","Dagger Spray"],"picked":"SKIP","floor":22.0},{"not_picked":["Dagger Spray","Dodge and Roll","Slice"],"picked":"Singing Bowl","floor":23.0},{"not_picked":["Glass Knife","Tactician","Eviscerate"],"picked":"Singing Bowl","floor":25.0},{"not_picked":["Dash","Replay:Poison Smokescreen"],"picked":"Burst","floor":29.0},{"not_picked":["Bane","Bouncing Flask+1"],"picked":"Noxious Fumes","floor":30.0},{"not_picked":["Dodge and Roll","Hidden Blade","Slice+1"],"picked":"Singing Bowl","floor":31.0},{"not_picked":["ReplayTheSpireMod:From All Sides","Wraith Form v2"],"picked":"After Image","floor":33.0},{"not_picked":["Poisoned Stab+1"],"picked":"Singing Bowl","floor":35.0},{"not_picked":[],"picked":"Dash","floor":37.0},{"not_picked":["Slice+1"],"picked":"Singing Bowl","floor":38.0},{"not_picked":["Replay:Poison Smokescreen+1"],"picked":"Singing Bowl","floor":39.0},{"not_picked":["Well Laid Plans"],"picked":"Singing Bowl","floor":40.0},{"not_picked":["Dodge and Roll+1"],"picked":"Singing Bowl","floor":42},{"not_picked":["Acrobatics+1"],"picked":"Singing Bowl","floor":45},{"not_picked":["ReplayTheSpireMod:The Works"],"picked":"Singing Bowl","floor":47},{"not_picked":["Predator"],"picked":"Singing Bowl","floor":48},{"not_picked":["ReplayTheSpireMod:Scrap Shanks+1"],"picked":"Singing Bowl","floor":54}],"player_experience":121849,"relics_obtained":[{"floor":6.0,"key":"Boot"},{"floor":11.0,"key":"Incense Burner"},{"floor":14.0,"key":"Pet Ghost"},{"floor":23.0,"key":"Singing Bowl"},{"floor":25.0,"key":"Ginger"},{"floor":26.0,"key":"Mirror"},{"floor":29.0,"key":"Akabeko"},{"floor":40.0,"key":"ReplayTheSpireMod:Lightbulb"},{"floor":43,"key":"Snake Skull"},{"floor":45,"key":"Thread and Needle"},{"floor":54,"key":"Nunchaku"}],"event_choices":[{"damage_healed":0.0,"max_hp_gain":0.0,"max_hp_loss":0.0,"gold_gain":0.0,"event_name":"Big Fish","player_choice":"Box","floor":5.0,"gold_loss":0.0,"damage_taken":0.0,"relics_obtained":["Byrd Skull"],"cards_obtained":["Regret"]},{"damage_healed":0.0,"max_hp_gain":0.0,"max_hp_loss":0.0,"gold_gain":0.0,"event_name":"Vampires","player_choice":"Ignored","floor":20.0,"gold_loss":0.0,"damage_taken":0.0},{"damage_healed":0.0,"max_hp_gain":0.0,"max_hp_loss":0.0,"gold_gain":0.0,"event_name":"Match and Keep!","player_choice":"2 cards matched","floor":28.0,"gold_loss":0.0,"damage_taken":0.0,"cards_obtained":["Delirium","Finesse"]},{"damage_healed":0,"gold_gain":0,"player_choice":"Cursed","damage_taken":0,"max_hp_gain":0,"max_hp_loss":0,"event_name":"Wheel of Change","floor":46,"gold_loss":0,"cards_obtained":["Decay"]}],"is_beta":false,"boss_relics":[{"not_picked":["Replay:Wanted Poster","Pandora\u0027s Box"],"picked":"Runic Pyramid"},{"not_picked":["Kintsugi","Snecko Eye"],"picked":"Busted Crown"}],"items_purged_floors":[],"is_endless":false,"potions_floor_spawned":[6,11,12,13,22,23,25,29,35,42,45,48],"ascension_level":3}}