{"host":"82qk6ob05uum3zoi","time":1614202321,"event":{"mods":["Act Like it!","BaseMod","BetterRewards","Minty Spire (QoL Compilation)","Reliquary","Robot Space Explorer","Ruina","StSLib","The Cursed"],"gold_per_floor":[116,133,150,150,138,182,182,14,60,98,98,98,98],"floor_reached":12,"language":"ENG","playtime":415,"items_purged":[],"score":106,"play_id":"34efefd0-8334-4ae6-a770-55e86a45538e","local_time":"20210225103201","is_ascension_mode":true,"campfire_choices":[{"floor":7,"key":"REST"}],"circlet_count":0,"master_deck":["Strike_G","Strike_G","Strike_G","Strike_G","Strike_G","Defend_G","Defend_G","Defend_G","Defend_G","Defend_G","Survivor","Neutralize","Reflex","Cloak And Dagger","Dagger Spray","Injury","Finisher","Slice","Slice","Backflip"],"relics":["Ring of the Snake","Golden Idol","InkBottle","ClockworkSouvenir","Bronze Scales","Bag of Preparation"],"acts_visited":["Exordium"],"potions_floor_usage":[6,6,10],"damage_taken":[{"damage":1,"enemies":"Jaw Worm","floor":1,"turns":6},{"damage":0,"enemies":"2 Louse","floor":2,"turns":4},{"damage":0,"enemies":"Small Slimes","floor":3,"turns":5},{"damage":1,"enemies":"Exordium Thugs","floor":5,"turns":4},{"damage":37,"enemies":"Lagavulin","floor":6,"turns":7},{"damage":20,"enemies":"3 Sentries","floor":10,"turns":5},{"damage":41,"enemies":"Lagavulin","floor":12,"turns":6}],"seed_played":"4152336062279319092","potions_obtained":[{"floor":1,"key":"LiquidBronze"},{"floor":3,"key":"SteroidPotion"},{"floor":6,"key":"Explosive Potion"}],"is_trial":false,"path_per_floor":["M","M","M","?","M","E","R","$","T","E","?","E"],"character_chosen":"THE_SILENT","items_purchased":["Slice","ClockworkSouvenir"],"campfire_rested":1,"item_purchase_floors":[8,8],"current_hp_per_floor":[76,76,76,76,75,38,61,61,61,41,41,0,0],"gold":98,"neow_bonus":"TEN_PERCENT_HP_BONUS","is_daily":false,"chose_seed":false,"campfire_upgraded":0,"win_rate":0.0,"timestamp":1614202321,"path_taken":["M","M","M","?","M","E","R","$","T","E","?","E"],"items_purchased_type":["Card","Relic"],"build_version":"2020-12-22","purchased_purges":0,"victory":false,"max_hp_per_floor":[77,77,77,77,77,77,77,77,77,77,77,77,77],"card_choices":[{"not_picked":["Skewer","Concentrate"],"picked":"Reflex","floor":1},{"not_picked":["Underhanded Strike","Dodge and Roll"],"picked":"Cloak And Dagger","floor":2},{"not_picked":["Flechettes","Bane"],"picked":"Dagger Spray","floor":3},{"not_picked":["Accuracy","Catalyst"],"picked":"Finisher","floor":5},{"not_picked":["Setup","Backflip"],"picked":"Slice","floor":6},{"not_picked":["Masterful Stab","Prepared"],"picked":"Backflip","floor":10}],"player_experience":451804,"relics_obtained":[{"floor":6,"key":"InkBottle"},{"floor":9,"key":"Bronze Scales"},{"floor":10,"key":"Bag of Preparation"}],"event_choices":[{"damage_healed":0,"gold_gain":0,"player_choice":"Take Wound","damage_taken":0,"relics_obtained":["Golden Idol"],"max_hp_gain":0,"max_hp_loss":0,"event_name":"Golden Idol","floor":4,"gold_loss":0,"cards_obtained":["Injury"]},{"damage_healed":0,"gold_gain":0,"player_choice":"Ignored","damage_taken":0,"max_hp_gain":0,"max_hp_loss":0,"event_name":"Shining Light","floor":11,"gold_loss":0}],"is_beta":false,"boss_relics":[],"items_purged_floors":[],"is_endless":false,"potions_floor_spawned":[1,3,6],"killed_by":"Lagavulin","ascension_level":4}}