{"host":"6bfiq9sgomorosoy","time":1614149463,"event":{"mods":["2.2 Compatiblity","AchievementEnabler","BaseMod","Better Note","Better Third Choice","BetterRewards","Conspire","Downfall","Googly Eyes","Highlight Path","Hubris","Minty Spire (QoL Compilation)","Quick Restart","Rare Cards Sparkle","Reliquary","Replay The Spire","StSLib"],"gold_per_floor":[111,75,90,21,21,56,56,66,66,78,78,91,37,55,55,55,55],"floor_reached":16,"language":"ENG","playtime":802,"items_purged":[],"score":102,"play_id":"e4057f0c-2158-4808-bcf2-f725520618c0","local_time":"20210224195103","is_ascension_mode":false,"campfire_choices":[{"data":"hubris:SharpeningStone","floor":7,"key":"SMITH"},{"data":"hubris:ReadiedAction","floor":11,"key":"SMITH"},{"floor":15,"key":"REST"}],"circlet_count":0,"master_deck":["Strike_R","Strike_R","Strike_R","Strike_R","Strike_R","Defend_R","Defend_R","Defend_R","Defend_R","Bash","Dark Shackles","Iron Wave","Flex+1","Thunderclap","hubris:SharpeningStone+1","Dual Wield","Hemogenesis","hubris:ReadiedAction+1","ReplayTheSpireMod:Corrosion Curse","Armaments","Demon Form"],"relics":["Burning Blood","conspire:Dentures","reliquary:Aerogel"],"acts_visited":["Exordium"],"potions_floor_usage":[16,16],"damage_taken":[{"damage":2,"enemies":"Small Slimes","floor":1,"turns":5},{"damage":1,"enemies":"Cultist","floor":3,"turns":3},{"damage":38,"enemies":"Lagavulin","floor":6,"turns":8},{"damage":2,"enemies":"2 Louse","floor":8,"turns":3},{"damage":14,"enemies":"conspire:2 RoseBushes","floor":10,"turns":6},{"damage":22,"enemies":"Large Slime","floor":12,"turns":8},{"damage":27,"enemies":"Exordium Thugs","floor":14,"turns":7},{"damage":45,"enemies":"Slime Boss","floor":16,"turns":6}],"seed_played":"-6588669103737167770","potions_obtained":[{"floor":8,"key":"ColorlessPotion"},{"floor":10,"key":"PowerPotion"}],"is_trial":false,"path_per_floor":["M","$","M","$","?","E","R","M","T","M","R","M","$","M","R","B"],"character_chosen":"IRONCLAD","items_purchased":["Flex+1","hubris:SharpeningStone","Armaments"],"campfire_rested":1,"item_purchase_floors":[2,4,13],"current_hp_per_floor":[80,80,80,80,80,48,48,52,52,44,44,33,33,19,43,0,0],"gold":55,"neow_bonus":"RANDOM_COLORLESS","is_daily":false,"chose_seed":false,"campfire_upgraded":2,"win_rate":0.0,"timestamp":1614149463,"path_taken":["M","$","M","$","?","E","R","M","T","?","R","M","$","M","R","BOSS"],"items_purchased_type":["Card","Card","Card"],"build_version":"2020-12-22","purchased_purges":0,"victory":false,"max_hp_per_floor":[80,80,80,80,80,80,80,80,80,80,80,80,80,80,80,80,80],"card_choices":[{"not_picked":["Survey Options","Replay:Sssssssssshield"],"picked":"Dark Shackles","floor":0},{"not_picked":["Warcry","Replay:Undeath\u0027s Touch"],"picked":"Iron Wave","floor":1},{"not_picked":["Replay:Undeath\u0027s Touch","Wild Strike"],"picked":"Thunderclap","floor":3},{"not_picked":["Searing Blow","True Grit"],"picked":"Dual Wield","floor":6},{"not_picked":["Havoc","Iron Wave"],"picked":"Hemogenesis","floor":8},{"not_picked":["Sword Boomerang","Flex"],"picked":"hubris:ReadiedAction","floor":10},{"not_picked":["Sword Boomerang","Heavy Blade"],"picked":"ReplayTheSpireMod:Corrosion Curse","floor":12},{"not_picked":["Warcry","Armaments"],"picked":"Demon Form","floor":14}],"player_experience":153948,"relics_obtained":[{"floor":6,"key":"conspire:Dentures"},{"floor":9,"key":"reliquary:Aerogel"}],"event_choices":[{"damage_healed":0,"gold_gain":0,"player_choice":"Ignored","damage_taken":0,"max_hp_gain":0,"max_hp_loss":0,"event_name":"Purifier","floor":5,"gold_loss":0}],"is_beta":false,"boss_relics":[],"items_purged_floors":[],"is_endless":false,"potions_floor_spawned":[8,10],"killed_by":"Slime Boss","ascension_level":0}}