{"host":"pmmuxs046gii331m","time":1614188077,"event":{"mods":["AchievementEnabler","BaseMod","Colored Powertips","Custom Start","Downfall","Gold Saver","Infinite Spire","Minty Spire (QoL Compilation)","Permanent Neow","Quick Restart","StSLib"],"gold_per_floor":[1501,1501,1451,693,693,724,724,724,772,782,800,800,826,845,845,943,943,962,962,980,980,991,991,1011,1011,1089,1089,1102,1129,581,594,594,689,689,707,687,697,697,707,707,582,582,607,623,623,673,673,707,707,707],"floor_reached":51,"language":"ENG","playtime":4492,"items_purged":["Strike_R","Strike_R","Strike_R","Defend_R"],"score":1084,"play_id":"e3ba8962-6963-4168-b91d-94cc3d6b1910","local_time":"20210224123437","is_ascension_mode":true,"campfire_choices":[{"data":"Armaments","floor":7,"key":"SMITH"},{"data":"Body Slam","floor":12,"key":"SMITH"},{"data":"Entrench","floor":15,"key":"SMITH"},{"data":"Armaments","floor":23,"key":"SMITH"},{"data":"Juggernaut","floor":25,"key":"SMITH"},{"data":"Iron Wave","floor":27,"key":"SMITH"},{"data":"Metallicize","floor":32,"key":"SMITH"},{"data":"Defend_R","floor":40,"key":"PURGE"},{"data":"Defend_R","floor":42,"key":"PURGE"},{"data":"downfall:Haunted","floor":45,"key":"PURGE"},{"data":"Seeing Red","floor":49,"key":"SMITH"}],"circlet_count":0,"master_deck":["Defend_R","Bash","Iron Wave","Armaments+1","Inflame","Metallicize+1","Body Slam+1","Seeing Red+1","Entrench+1","Iron Wave+1","Juggernaut+1","Power Through","Dual Wield+1","Armaments+1","Cleave+1","Fire Breathing+1","Writhe","Wild Strike"],"relics":["Burning Blood","FossilizedHelix","infinitespire:EmpoweringShard","infinitespire:Bottled Soul","PreservedInsect","infinitespire:PuzzleCube","Busted Crown","infinitespire:WardingShard","Question Card","Peace Pipe","Lee\u0027s Waffle","Cursed Key","HandDrill","Akabeko","Du-Vu Doll","Frozen Egg 2"],"acts_visited":["Exordium","TheCity","TheBeyond"],"potions_floor_usage":[6,6,11,18,20,29,33],"damage_taken":[{"damage":22,"enemies":"Small Slimes","floor":1,"turns":4},{"damage":2,"enemies":"Lagavulin","floor":6,"turns":7},{"damage":0,"enemies":"2 Louse","floor":10,"turns":4},{"damage":0,"enemies":"Jaw Worm","floor":11,"turns":4},{"damage":5,"enemies":"Gremlin Nob","floor":13,"turns":4},{"damage":0,"enemies":"Large Slime","floor":14,"turns":5},{"damage":0,"enemies":"Slime Boss","floor":16,"turns":9},{"damage":10,"enemies":"Spheric Guardian","floor":18,"turns":4},{"damage":0,"enemies":"2 Thieves","floor":20,"turns":4},{"damage":0,"enemies":"Shelled Parasite and Fungi","floor":22,"turns":4},{"damage":51,"enemies":"3 Cultists","floor":24,"turns":7},{"damage":0,"enemies":"Centurion and Healer","floor":28,"turns":5},{"damage":0,"enemies":"Gremlin Leader","floor":29,"turns":4},{"damage":8,"enemies":"Snake Plant","floor":31,"turns":2},{"damage":0,"enemies":"Automaton","floor":33,"turns":8},{"damage":0,"enemies":"3 Shapes","floor":35,"turns":5},{"damage":0,"enemies":"3 Darklings","floor":37,"turns":4},{"damage":25,"enemies":"Spire Growth","floor":39,"turns":4},{"damage":0,"enemies":"Sphere and 2 Shapes","floor":44,"turns":3},{"damage":0,"enemies":"Mind Bloom Boss Battle","floor":46,"turns":4},{"damage":4,"enemies":"Reptomancer","floor":48,"turns":4},{"damage":58,"enemies":"Time Eater","floor":50,"turns":11}],"seed_played":"-8795524182627510267","potions_obtained":[{"floor":0,"key":"Block Potion"},{"floor":0,"key":"DistilledChaos"},{"floor":0,"key":"Weak Potion"},{"floor":10,"key":"sneckomod:MuddlingPotion"},{"floor":16,"key":"ColorlessPotion"},{"floor":24,"key":"SpeedPotion"},{"floor":31,"key":"SneckoOil"},{"floor":33,"key":"BlessingOfTheForge"},{"floor":35,"key":"ElixirPotion"},{"floor":36,"key":"SmokeBomb"},{"floor":37,"key":"sneckomod:MuddlingPotion"}],"is_trial":false,"path_per_floor":["M","?","?","$","?","E","R","?","T","M","M","R","E","M","R","B",null,"M","?","M","?","M","R","M","R","T","R","M","E","$","M","R","B",null,"M","?","M","AVR","M","R","$","R","T","M","R","?","?","E","R","B",null],"character_chosen":"IRONCLAD","items_purchased":["FossilizedHelix","infinitespire:EmpoweringShard","Armaments","Inflame","Peace Pipe","Lee\u0027s Waffle"],"campfire_rested":0,"item_purchase_floors":[4,4,4,4,30,30],"current_hp_per_floor":[56,56,56,56,56,60,60,65,65,71,77,77,78,84,84,85,85,81,81,85,85,85,85,40,40,40,40,46,52,92,90,90,92,92,92,92,92,92,73,73,73,73,73,79,79,85,92,92,92,40],"gold":707,"neow_bonus":"THREE_SMALL_POTIONS","is_daily":false,"chose_seed":false,"campfire_upgraded":8,"win_rate":0.0,"timestamp":1614188077,"path_taken":["M","?","?","$","?","E","R","?","T","M","M","R","E","M","R","BOSS","M","?","M","?","M","R","?","R","T","R","M","E","$","M","R","BOSS","M","?","?","AVR","M","R","$","R","T","M","R","?","?","E","R","BOSS"],"items_purchased_type":["Relic","Relic","Card","Card","Relic","Relic"],"build_version":"2020-12-22","purchased_purges":4,"victory":true,"max_hp_per_floor":[80,80,80,80,80,80,80,85,85,85,85,85,85,85,85,85,85,85,85,85,85,85,85,85,85,85,85,85,85,92,92,92,92,92,92,92,92,92,92,92,92,92,92,92,92,92,92,92,92,92],"card_choices":[{"not_picked":["Headbutt","Battle Trance"],"picked":"Iron Wave","floor":1},{"not_picked":["Hemokinesis","Clothesline"],"picked":"Metallicize","floor":6},{"not_picked":["Second Wind","Clothesline"],"picked":"Body Slam","floor":10},{"not_picked":["Sword Boomerang","Thunderclap"],"picked":"Seeing Red","floor":11},{"not_picked":["Pommel Strike","Thunderclap"],"picked":"Entrench","floor":13},{"not_picked":["Entrench","Warcry"],"picked":"Iron Wave","floor":14},{"not_picked":["Feed","Offering"],"picked":"Juggernaut","floor":16},{"not_picked":[],"picked":"Power Through","floor":18},{"not_picked":[],"picked":"Dual Wield+1","floor":20},{"not_picked":[],"picked":"Armaments","floor":22},{"not_picked":["Uppercut"],"picked":"SKIP","floor":24},{"not_picked":["Headbutt+1"],"picked":"SKIP","floor":28},{"not_picked":["Combust+1"],"picked":"SKIP","floor":29},{"not_picked":["Perfected Strike","Anger+1"],"picked":"SKIP","floor":31},{"not_picked":["Armaments+1"],"picked":"Cleave+1","floor":35},{"not_picked":["Dark Embrace+1","Pommel Strike"],"picked":"SKIP","floor":37},{"not_picked":["Sentinel"],"picked":"Fire Breathing+1","floor":39},{"not_picked":["Cleave","Infernal Blade+1"],"picked":"SKIP","floor":44},{"not_picked":["Havoc+1"],"picked":"Wild Strike","floor":48}],"player_experience":606781,"relics_obtained":[{"floor":6,"key":"infinitespire:Bottled Soul"},{"floor":9,"key":"PreservedInsect"},{"floor":13,"key":"infinitespire:PuzzleCube"},{"floor":26,"key":"infinitespire:WardingShard"},{"floor":29,"key":"Question Card"},{"floor":43,"key":"Akabeko"},{"floor":46,"key":"Du-Vu Doll"},{"floor":48,"key":"Frozen Egg 2"}],"event_choices":[{"cards_removed":["Strike_R"],"damage_healed":0,"gold_gain":0,"player_choice":"Forget","damage_taken":0,"max_hp_gain":0,"max_hp_loss":0,"event_name":"Living Wall","floor":2,"gold_loss":0},{"cards_removed":["Strike_R"],"damage_healed":0,"gold_gain":0,"player_choice":"Card Removal","damage_taken":0,"max_hp_gain":0,"max_hp_loss":0,"event_name":"The Cleric","floor":3,"gold_loss":50},{"damage_healed":0,"gold_gain":0,"player_choice":"Donut","damage_taken":0,"max_hp_gain":5,"max_hp_loss":0,"event_name":"Big Fish","floor":8,"gold_loss":0},{"damage_healed":0,"gold_gain":0,"player_choice":"0 cards matched","damage_taken":0,"max_hp_gain":0,"max_hp_loss":0,"event_name":"Match and Keep!","floor":21,"gold_loss":0,"cards_obtained":[]},{"damage_healed":0,"gold_gain":0,"player_choice":"Bought 1 Potion","damage_taken":0,"max_hp_gain":0,"max_hp_loss":0,"event_name":"The Woman in Blue","floor":36,"gold_loss":0},{"damage_healed":0,"gold_gain":0,"player_choice":"Fight","damage_taken":0,"max_hp_gain":0,"max_hp_loss":0,"event_name":"MindBloom","floor":46,"gold_loss":0},{"damage_healed":23,"gold_gain":0,"player_choice":"Writhe","damage_taken":0,"max_hp_gain":0,"max_hp_loss":0,"event_name":"Winding Halls","floor":47,"gold_loss":0,"cards_obtained":["Writhe"]}],"is_beta":false,"boss_relics":[{"not_picked":["Velvet Choker","Fusion Hammer"],"picked":"Busted Crown"},{"not_picked":["infinitespire:Burning Sword","Snecko Eye"],"picked":"Cursed Key"}],"items_purged_floors":[4,30,38,41],"is_endless":false,"potions_floor_spawned":[1,10,16,24,31,33,35,37],"ascension_level":7}}