{"host":"nbofzmb1hl9rnais","time":1614141353,"event":{"mods":["BaseMod","Colored Map","Minty Spire (QoL Compilation)","StSLib","The Bug Knight"],"gold_per_floor":[109,127,202,92,103,103,138,213,213,4,20,20,20],"floor_reached":12,"language":"ENG","playtime":621,"items_purged":["Expertise"],"score":82,"play_id":"8f574056-b722-43ab-aff9-9bb6b76b28c4","local_time":"20210223203553","daily_mods":["SealedDeck"],"is_ascension_mode":true,"campfire_choices":[{"data":"HollowMod:SiblingsSouls","floor":6,"key":"SMITH"}],"circlet_count":0,"master_deck":["Backstab","HollowMod:CloakDash","HollowMod:HeavyBlow","Blur","HollowMod:AbyssShriek","HollowMod:SiblingsSouls","HollowMod:SiblingsSouls","HollowMod:SiblingsSouls+1","HollowMod:ShadowDash","HollowMod:ShadowDash","Well Laid Plans","HollowMod:VengefulVoid","HollowMod:ShadowDash+1"],"relics":["Ring of the Snake","Toxic Egg 2","The Courier","Bottled Tornado"],"acts_visited":["Exordium"],"potions_floor_usage":[12],"damage_taken":[{"damage":0,"enemies":"Small Slimes","floor":1,"turns":4},{"damage":0,"enemies":"Cultist","floor":2,"turns":2},{"damage":0,"enemies":"2 Louse","floor":5,"turns":1},{"damage":30,"enemies":"3 Sentries","floor":7,"turns":6},{"damage":5,"enemies":"Large Slime","floor":11,"turns":4},{"damage":33,"enemies":"Gremlin Nob","floor":12,"turns":3}],"seed_played":"-6331306052384287474","potions_obtained":[{"floor":1,"key":"LiquidBronze"}],"is_trial":true,"path_per_floor":["M","M","?","$","M","R","E","?","T","$","M","E"],"character_chosen":"THE_SILENT","items_purchased":["Well Laid Plans","Bottled Tornado"],"campfire_rested":0,"item_purchase_floors":[4,10],"current_hp_per_floor":[70,70,63,63,63,63,33,22,22,22,17,0,0],"gold":20,"neow_bonus":"","is_daily":false,"chose_seed":false,"campfire_upgraded":1,"win_rate":0.0,"timestamp":1614141353,"path_taken":["M","M","?","?","M","R","E","?","T","$","M","E"],"items_purchased_type":["Card","Relic"],"build_version":"2020-12-22","purchased_purges":1,"victory":false,"max_hp_per_floor":[70,70,70,70,70,70,70,70,70,70,70,70,70],"card_choices":[{"not_picked":["Acrobatics","Dagger Throw","Flying Knee"],"picked":"SKIP","floor":1},{"not_picked":["Sucker Punch","Acrobatics"],"picked":"HollowMod:ShadowDash","floor":2},{"not_picked":["Concentrate","HollowMod:BaldurShell"],"picked":"HollowMod:VengefulVoid","floor":5},{"not_picked":["HollowMod:SoulStrike","HollowMod:GrimmsGift+1"],"picked":"HollowMod:ShadowDash+1","floor":7},{"not_picked":["Outmaneuver+1","Die Die Die","Poisoned Stab"],"picked":"SKIP","floor":11}],"player_experience":184165,"relics_obtained":[{"floor":7,"key":"Toxic Egg 2"},{"floor":9,"key":"The Courier"}],"event_choices":[{"damage_healed":0,"gold_gain":75,"player_choice":"Touch","damage_taken":7,"max_hp_gain":0,"max_hp_loss":0,"event_name":"FaceTrader","floor":3,"gold_loss":0},{"damage_healed":0,"gold_gain":75,"player_choice":"Gather Gold","damage_taken":11,"max_hp_gain":0,"max_hp_loss":0,"event_name":"World of Goop","floor":8,"gold_loss":0}],"is_beta":false,"boss_relics":[],"items_purged_floors":[4],"is_endless":false,"potions_floor_spawned":[1],"killed_by":"Gremlin Nob","ascension_level":1}}