{"host":"zxd2l8an9de7z7b9","time":1614166693,"event":{"mods":["100% Spire Juice","2.2 Compatiblity","AchievementEnabler","BaseMod","CapriCore","Colored Map","Colored Powertips","Marisa£¨Ùöéë¡¡Øª×âÞÞ£©","Minty Spire (QoL Compilation)","Rare Cards Sparkle","StSLib","SuperFastMode","Td1madao Mod","everything is the same but u backflip on backflip"],"gold_per_floor":[116,116,135,135,85,96,110,110,110,126,126,136,61,61,61,61,61],"floor_reached":16,"language":"KOR","playtime":251,"items_purged":["Strike_R"],"score":92,"play_id":"52df1e4d-b6b8-47f5-87b2-f59169c65d1b","local_time":"20210224203813","is_ascension_mode":false,"campfire_choices":[{"data":"Double Tap","floor":15.0,"key":"SMITH"}],"circlet_count":0,"master_deck":["Strike_R","Strike_R+1","Strike_R","Strike_R","Defend_R+1","Bash","Double Tap+1","Pommel Strike"],"relics":["Burning Blood","Incense Burner","TungstenRod","Red Skull"],"acts_visited":["Exordium"],"potions_floor_usage":[],"damage_taken":[{"damage":0.0,"enemies":"Small Slimes","floor":1.0,"turns":3.0},{"damage":0.0,"enemies":"2 Louse","floor":3.0,"turns":3.0},{"damage":11.0,"enemies":"Jaw Worm","floor":6.0,"turns":2.0},{"damage":0.0,"enemies":"Large Slime","floor":7.0,"turns":5.0},{"damage":14.0,"enemies":"3 Louse","floor":10.0,"turns":3.0},{"damage":5.0,"enemies":"Exordium Wildlife","floor":12.0,"turns":3.0},{"damage":14,"enemies":"The Guardian","floor":16,"turns":5}],"seed_played":"1839436312329635361","potions_obtained":[{"floor":3.0,"key":"Dexterity Potion"},{"floor":10.0,"key":"Swift Potion"}],"is_trial":false,"path_per_floor":["M","?","M","?","?","M","M","?","T","M","?","M","$","T","R","B"],"character_chosen":"IRONCLAD","items_purchased":[],"campfire_rested":0,"item_purchase_floors":[],"current_hp_per_floor":[62,46,52,45,45,40,46,46,46,38,31,32,32,32,32,18,18],"gold":61,"neow_bonus":"THREE_RARE_CARDS","is_daily":false,"chose_seed":false,"campfire_upgraded":1,"win_rate":0.0,"timestamp":1614166693,"path_taken":["M","?","M","?","?","?","M","?","T","M","?","M","$","?","R","BOSS"],"items_purchased_type":[],"build_version":"2020-12-22","purchased_purges":1,"victory":false,"max_hp_per_floor":[80,80,80,80,80,80,80,80,80,80,80,80,80,80,80,80,80],"card_choices":[{"not_picked":["Feed","Juggernaut"],"picked":"Double Tap","floor":0.0},{"not_picked":["Thunderclap","Reckless Charge","Heavy Blade"],"picked":"SKIP","floor":1.0},{"not_picked":["Clothesline","Shrug It Off","Clash"],"picked":"SKIP","floor":3.0},{"not_picked":["Wild Strike","Armaments"],"picked":"Pommel Strike","floor":6.0},{"not_picked":["Disarm","Sever Soul","Shockwave"],"picked":"SKIP","floor":7.0},{"not_picked":["Reckless Charge","Shrug It Off","Twin Strike"],"picked":"SKIP","floor":10.0},{"not_picked":["True Grit","Evolve","Thunderclap"],"picked":"SKIP","floor":12.0},{"not_picked":["True Grit","Evolve","Thunderclap"],"picked":"SKIP","floor":12.0}],"player_experience":471346,"relics_obtained":[{"floor":9.0,"key":"Incense Burner"},{"floor":14.0,"key":"Red Skull"}],"event_choices":[{"damage_healed":0.0,"max_hp_gain":0.0,"max_hp_loss":0.0,"gold_gain":0.0,"event_name":"Shining Light","player_choice":"Entered Light","floor":2.0,"gold_loss":0.0,"damage_taken":16.0,"cards_upgraded":["Strike_R","Defend_R"]},{"cards_removed":["Defend_R"],"damage_healed":0.0,"max_hp_gain":0.0,"max_hp_loss":0.0,"gold_gain":0.0,"event_name":"Golden Wing","player_choice":"Card Removal","floor":4.0,"gold_loss":0.0,"damage_taken":7.0},{"cards_removed":["Defend_R"],"damage_healed":0.0,"max_hp_gain":0.0,"max_hp_loss":0.0,"gold_gain":0.0,"event_name":"The Cleric","player_choice":"Card Removal","floor":5.0,"gold_loss":50.0,"damage_taken":0.0},{"cards_removed":["Defend_R"],"damage_healed":0.0,"max_hp_gain":0.0,"max_hp_loss":0.0,"gold_gain":0.0,"event_name":"Living Wall","player_choice":"Forget","floor":8.0,"gold_loss":0.0,"damage_taken":0.0},{"damage_healed":0.0,"max_hp_gain":0.0,"max_hp_loss":0.0,"gold_gain":0.0,"event_name":"Scrap Ooze","player_choice":"Success","floor":11.0,"gold_loss":0.0,"damage_taken":7.0,"relics_obtained":["TungstenRod"]}],"is_beta":false,"boss_relics":[],"items_purged_floors":[13],"is_endless":false,"potions_floor_spawned":[3,10],"killed_by":"The Guardian","ascension_level":0}}