{"host":"l2dnabsh5e0fsksb","time":1614142209,"event":{"mods":["2.2 Compatiblity","BaseMod","Downfall","Minty Spire (QoL Compilation)","Quick Restart","StSLib"],"gold_per_floor":[99,110,110,110,20,348,348,383,533,561,561,461,476,490,506,585,585,585,599,612,712,712,730,730,630,642,642,658,658,690,690,708,780,780,780,792,802,312,312,60,128,140,155,155,170,181,181,191,191,191],"floor_reached":51,"language":"ENG","playtime":2451,"items_purged":["Regret","Pride","Regret"],"score":1221,"play_id":"6bd47669-7c5f-42a1-a8b0-4df84f189b50","local_time":"20210224152009","is_ascension_mode":true,"campfire_choices":[{"data":"hexamod:Sear","floor":1.0,"key":"SMITH"},{"data":"downfall:Malfunctioning","floor":12.0,"key":"PURGE"},{"floor":18.0,"key":"RECALL"},{"data":"downfall:Haunted","floor":25.0,"key":"PURGE"},{"floor":27.0,"key":"REST"},{"data":"downfall:Haunted","floor":35.0,"key":"PURGE"},{"floor":44.0,"key":"REST"},{"floor":47.0,"key":"REST"},{"floor":49.0,"key":"REST"}],"circlet_count":0,"master_deck":["AscendersBane","hexamod:Strike","hexamod:Strike+1","hexamod:Strike","hexamod:Defend+1","hexamod:Defend","hexamod:Defend+1","hexamod:Sear+1","hexamod:Float","hexamod:SkipABeat","hexamod:Hexaguard","hexamod:EmpoweredFlame","hexamod:PowerFromBeyond","hexamod:GhostLash","hexamod:GhostflameBarrier+1","hexamod:Hexaguard","hexamod:EtherealExpedition+1","hexamod:GhostOfSpireFuture+1","hexamod:SoulSteal","hexamod:SearingWound+1","hexamod:Firestarter","hexamod:RadiantFlame","hexamod:ShieldOfDarkness","hexamod:FirstSeal","hexamod:GhostLash","hexamod:InspiringFlames","hexamod:FlamesFromBeyond","hexamod:FlamesFromBeyond","hexamod:EmpoweredFlame","hexamod:StepThrough","hexamod:GhostShield+1","hexamod:GhostflameBarrier","hexamod:Hexaguard","hexamod:RainOfEmbers+1"],"relics":["hexamod:SpiritBrand","Darkstone Periapt","Old Coin","Peace Pipe","Strawberry","Du-Vu Doll","downfall:HeartBlessingBlue","Busted Crown","champ:DeflectingBracers","hexamod:InflammatoryLetter","StrikeDummy","downfall:HeartBlessingRed","Dead Branch","hexamod:BolsterEngine","War Paint","hexamod:IceCube","Kunai","Sling","Turnip","Mummified Hand"],"acts_visited":["Exordium","TheCity","TheBeyond"],"potions_floor_usage":[50,50],"damage_taken":[{"damage":0.0,"enemies":"Cultist","floor":2.0,"turns":3.0},{"damage":0.0,"enemies":"downfall:FleeingMerchant","floor":5.0,"turns":4.0},{"damage":19.0,"enemies":"3 Sentries","floor":6.0,"turns":7.0},{"damage":31.0,"enemies":"Gremlin Nob","floor":8.0,"turns":4.0},{"damage":15.0,"enemies":"Lagavulin","floor":10.0,"turns":8.0},{"damage":0.0,"enemies":"Small Slimes","floor":13.0,"turns":3.0},{"damage":0.0,"enemies":"Jaw Worm","floor":14.0,"turns":2.0},{"damage":3.0,"enemies":"3 Louse","floor":15.0,"turns":4.0},{"damage":16.0,"enemies":"SI_SHIV_ARCHETYPE","floor":16.0,"turns":9.0},{"damage":6.0,"enemies":"3 Byrds","floor":19.0,"turns":3.0},{"damage":19.0,"enemies":"Spheric Guardian","floor":20.0,"turns":5.0},{"damage":3.0,"enemies":"Colosseum Nobs","floor":21.0,"turns":6.0},{"damage":13.0,"enemies":"3 Cultists","floor":23.0,"turns":5.0},{"damage":28.0,"enemies":"Centurion and Healer","floor":26.0,"turns":5.0},{"damage":26.0,"enemies":"Cultist and Chosen","floor":28.0,"turns":6.0},{"damage":22.0,"enemies":"Slavers","floor":30.0,"turns":4.0},{"damage":14.0,"enemies":"Snake Plant","floor":32.0,"turns":3.0},{"damage":73.0,"enemies":"DF_ARCHETYPE_CLAW","floor":33.0,"turns":9.0},{"damage":18.0,"enemies":"3 Shapes","floor":36.0,"turns":5.0},{"damage":27.0,"enemies":"3 Darklings","floor":37.0,"turns":7.0},{"damage":0.0,"enemies":"downfall:FleeingMerchant","floor":38.0,"turns":4.0},{"damage":4.0,"enemies":"downfall:FleeingMerchant","floor":40.0,"turns":3.0},{"damage":36.0,"enemies":"4 Shapes","floor":42.0,"turns":4.0},{"damage":7.0,"enemies":"Maw","floor":43.0,"turns":5.0},{"damage":45.0,"enemies":"Transient","floor":45.0,"turns":5.0},{"damage":13.0,"enemies":"Writhing Mass","floor":46.0,"turns":4.0},{"damage":10.0,"enemies":"Maw","floor":48.0,"turns":4.0},{"damage":80,"enemies":"IC_BLOCK_ARCHETYPE","floor":50,"turns":7}],"seed_played":"2388922031498739689","potions_obtained":[{"floor":10.0,"key":"FairyPotion"},{"floor":13.0,"key":"PowerPotion"},{"floor":16.0,"key":"Block Potion"},{"floor":20.0,"key":"Regen Potion"},{"floor":21.0,"key":"sneckomod:MuddlingPotion"},{"floor":36.0,"key":"BlessingOfTheForge"},{"floor":45.0,"key":"Energy Potion"},{"floor":46.0,"key":"Guardian:BlockOnCardUsePotion"}],"is_trial":false,"path_per_floor":["R","M","?","?","$","E","T","E","?","E","?","R","M","M","M","B",null,"R","M","M","?","?","M","T","R","M","R","M","?","E","T","M","B",null,"R","M","M","$","?","$","T","M","M","R","M","M","R","M","R","B",null],"character_chosen":"THE_SPIRIT","items_purchased":["Kunai","hexamod:FlamesFromBeyond","hexamod:EmpoweredFlame","Sling","Turnip"],"campfire_rested":4,"item_purchase_floors":[38,38,38,40,40],"current_hp_per_floor":[63,63,69,75,75,56,56,25,31,23,35,45,45,45,42,26,89,89,83,64,76,76,63,63,63,35,68,49,55,40,40,33,17,91,91,80,60,67,73,76,76,47,40,76,38,32,68,65,101,28],"gold":191,"neow_bonus":"TRANSFORM_TWO_CARDS","is_daily":false,"chose_seed":false,"campfire_upgraded":1,"win_rate":0.0,"timestamp":1614142209,"path_taken":["R","M","?","?","?","E","T","E","?","E","?","R","M","?","M","BOSS","R","M","M","?","?","M","T","R","M","R","M","?","E","?","M","BOSS","R","M","M","$","?","$","T","M","M","R","M","?","R","M","R","BOSS"],"items_purchased_type":["Relic","Card","Card","Relic","Relic"],"build_version":"2020-12-22","purchased_purges":3,"victory":true,"max_hp_per_floor":[63,63,69,75,75,75,75,75,81,88,100,110,110,110,110,110,110,110,110,110,110,110,110,110,110,110,110,110,116,116,116,116,116,116,116,116,116,116,122,122,122,122,122,122,122,122,122,122,122,122],"card_choices":[{"not_picked":["hexamod:GhostShield","hexamod:SuperheatedStrike"],"picked":"hexamod:EmpoweredFlame","floor":2.0},{"not_picked":["hexamod:BurningTouch","hexamod:Again"],"picked":"hexamod:PowerFromBeyond","floor":5.0},{"not_picked":["hexamod:HauntingEcho","hexamod:FastForward"],"picked":"hexamod:GhostLash","floor":6.0},{"not_picked":["hexamod:ChargedBarrage","hexamod:HeatShield"],"picked":"hexamod:GhostflameBarrier","floor":8.0},{"not_picked":["hexamod:GhostOfSpirePast","hexamod:NightmareStrike"],"picked":"hexamod:Hexaguard","floor":10.0},{"not_picked":["hexamod:FastForward","hexamod:SpectralSpark"],"picked":"hexamod:EtherealExpedition","floor":13.0},{"not_picked":["hexamod:ChargedBarrage","hexamod:NightmareGuise"],"picked":"hexamod:GhostOfSpireFuture","floor":14.0},{"not_picked":["hexamod:HauntingEcho","hexamod:FastForward"],"picked":"hexamod:SoulSteal","floor":15.0},{"not_picked":["hexamod:ParanormalForm","hexamod:ApocalypticArmor"],"picked":"hexamod:SearingWound","floor":16.0},{"not_picked":["hexamod:RetreatToShadows+1"],"picked":"SKIP","floor":19.0},{"not_picked":[],"picked":"hexamod:Firestarter","floor":20.0},{"not_picked":[],"picked":"hexamod:RadiantFlame","floor":21.0},{"not_picked":[],"picked":"hexamod:ShieldOfDarkness","floor":23.0},{"not_picked":[],"picked":"hexamod:FirstSeal","floor":26.0},{"not_picked":["hexamod:SuperheatedStrike"],"picked":"SKIP","floor":28.0},{"not_picked":["hexamod:NightmareGuise"],"picked":"SKIP","floor":30.0},{"not_picked":[],"picked":"hexamod:GhostLash","floor":32.0},{"not_picked":["hexamod:NightmareGuise"],"picked":"SKIP","floor":36.0},{"not_picked":[],"picked":"hexamod:InspiringFlames","floor":37.0},{"not_picked":[],"picked":"hexamod:FlamesFromBeyond","floor":38.0},{"not_picked":[],"picked":"hexamod:StepThrough","floor":40.0},{"not_picked":["hexamod:GhostLash"],"picked":"SKIP","floor":42.0},{"not_picked":[],"picked":"hexamod:GhostShield+1","floor":43.0},{"not_picked":[],"picked":"hexamod:GhostflameBarrier","floor":45.0},{"not_picked":[],"picked":"hexamod:Hexaguard","floor":46.0},{"not_picked":[],"picked":"hexamod:RainOfEmbers+1","floor":48.0}],"player_experience":1972580,"relics_obtained":[{"floor":6.0,"key":"Old Coin"},{"floor":8.0,"key":"Peace Pipe"},{"floor":10.0,"key":"Strawberry"},{"floor":21.0,"key":"champ:DeflectingBracers"},{"floor":21.0,"key":"hexamod:InflammatoryLetter"},{"floor":24.0,"key":"StrikeDummy"},{"floor":30.0,"key":"hexamod:BolsterEngine"},{"floor":31.0,"key":"War Paint"},{"floor":41.0,"key":"Mummified Hand"}],"event_choices":[{"damage_healed":0.0,"max_hp_gain":0.0,"max_hp_loss":0.0,"gold_gain":0.0,"event_name":"Big Fish","player_choice":"Box","floor":3.0,"gold_loss":0.0,"damage_taken":0.0,"relics_obtained":["Darkstone Periapt"],"cards_obtained":["Regret"]},{"damage_healed":0.0,"max_hp_gain":0.0,"max_hp_loss":0.0,"gold_gain":0.0,"event_name":"Addict","player_choice":"Stole Relic","floor":29.0,"gold_loss":0.0,"damage_taken":0.0,"relics_obtained":["Dead Branch"],"cards_obtained":["Pride"]}],"is_beta":false,"boss_relics":[{"not_picked":["Calling Bell","Runic Pyramid"],"picked":"Busted Crown"},{"not_picked":["Cursed Key","hexamod:UnbrokenSoul"],"picked":"hexamod:IceCube"}],"items_purged_floors":[5,38,40],"is_endless":false,"potions_floor_spawned":[10,13,14,15,16,20,21,36,37,45,46,48],"ascension_level":13}}