{"host":"3uci9gpt6cwo3y1o","time":1614145474,"event":{"mods":["BaseMod","Bossed Relics","Minty Spire (QoL Compilation)","MostiFishMod","Reliquary","StSLib","TestMod"],"gold_per_floor":[110,510,510,214,514,543,562,581,604,639,685,699,699,699,699],"floor_reached":14,"language":"ZHS","playtime":423,"items_purged":["Defend_P"],"score":181,"play_id":"46de56aa-fb0f-4e72-9ee8-3a8754cffb31","local_time":"20210224134434","is_ascension_mode":true,"campfire_choices":[{"data":"TalkToTheHand","floor":13,"key":"SMITH"}],"circlet_count":0,"master_deck":["AscendersBane","Strike_P","Strike_P","Strike_P","Strike_P","Defend_P+1","Defend_P+1","Defend_P+1","Eruption+1","Vigilance","MasterReality+1","InnerPeace+1","TalkToTheHand+1"],"relics":["PureWater","DaveBox","Membership Card","testmod-EnergyCheck","SynthV:TestCard","Medical Kit","reliquary:PurpleTingedLeaf","War Paint","reliquary:Buckler","Nunchaku"],"acts_visited":["Exordium"],"potions_floor_usage":[10],"damage_taken":[{"damage":0.0,"enemies":"Jaw Worm","floor":1.0,"turns":4.0},{"damage":28.0,"enemies":"3 Sentries","floor":6.0,"turns":9.0},{"damage":0,"enemies":"Small Slimes","floor":7,"turns":3},{"damage":0,"enemies":"Cultist","floor":8,"turns":2},{"damage":2,"enemies":"Gremlin Nob","floor":10,"turns":3},{"damage":10,"enemies":"Gremlin Gang","floor":12,"turns":4},{"damage":23,"enemies":"Lagavulin","floor":14,"turns":3}],"seed_played":"-8152027038546402945","potions_obtained":[{"floor":1.0,"key":"AttackPotion"},{"floor":7,"key":"Dexterity Potion"}],"is_trial":false,"path_per_floor":["M","?","?","$","?","E","M","M","T","E","T","M","R","E"],"character_chosen":"WATCHER","items_purchased":["Medical Kit","reliquary:PurpleTingedLeaf","testmod-SpacePotion"],"campfire_rested":0,"item_purchase_floors":[4,4,4],"current_hp_per_floor":[67,67,45,45,45,20,21,22,22,22,22,15,15,0,0],"gold":699,"neow_bonus":"TEN_PERCENT_HP_BONUS","is_daily":false,"chose_seed":false,"campfire_upgraded":1,"win_rate":0.0,"timestamp":1614145474,"path_taken":["M","?","?","?","?","E","M","M","T","E","?","?","R","E"],"items_purchased_type":["Relic","Relic","Potion"],"build_version":"2020-12-22","purchased_purges":1,"victory":false,"max_hp_per_floor":[74,74,74,74,74,74,74,74,74,74,74,74,74,74,74],"card_choices":[{"not_picked":["Sanctity","Protect","MostiFishMod:Clarity"],"picked":"SKIP","floor":1.0},{"not_picked":["Evaluate","CutThroughFate","ThirdEye","Indignation"],"picked":"MasterReality","floor":6},{"not_picked":["Swivel","FlyingSleeves","BowlingBash","Pray","EmptyFist"],"picked":"SKIP","floor":7},{"not_picked":["PathToVictory","Protect","Fasting2","Crescendo"],"picked":"InnerPeace","floor":8},{"not_picked":["MostiFishMod:Moonprays","LikeWater","EmptyFist","PathToVictory"],"picked":"TalkToTheHand","floor":10},{"not_picked":["ForeignInfluence","SandsOfTime","SashWhip","Perseverance","MostiFishMod:Clarity"],"picked":"SKIP","floor":12}],"player_experience":921300,"relics_obtained":[{"floor":1.0,"key":"SynthV:TestCard"},{"floor":6,"key":"War Paint"},{"floor":9,"key":"reliquary:Buckler"},{"floor":10,"key":"Nunchaku"}],"event_choices":[{"damage_healed":0.0,"max_hp_gain":0.0,"max_hp_loss":0.0,"gold_gain":400.0,"event_name":"恩洛斯的盘子","player_choice":"Sell","floor":2.0,"relics_lost":["testmod-TestBox"],"gold_loss":0.0,"damage_taken":0.0},{"damage_healed":0.0,"max_hp_gain":0.0,"max_hp_loss":0.0,"gold_gain":0.0,"event_name":"Shining Light","player_choice":"Entered Light","floor":3.0,"gold_loss":0.0,"damage_taken":22.0,"cards_upgraded":["Eruption","Defend_P"]},{"damage_healed":0.0,"max_hp_gain":0.0,"max_hp_loss":0.0,"gold_gain":0.0,"event_name":"给自己的盒子","player_choice":"Swap Relic","floor":5.0,"relics_lost":["Old Coin"],"gold_loss":0.0,"damage_taken":0.0,"relics_obtained":["Old Coin"]}],"is_beta":false,"boss_relics":[],"items_purged_floors":[4],"is_endless":false,"potions_floor_spawned":[1,7],"killed_by":"Lagavulin","ascension_level":17}}