{"host":"nx6k9gttpbkpebht","time":1614200296,"event":{"mods":["BaseMod","Colored Map","Colored Powertips","DeckTracker","Downfall","Googly Eyes","Minty Spire (QoL Compilation)","StSLib"],"gold_per_floor":[111,111,124,124,143,143,202,235,282,282,307,87,146,159,159,260,260,260,260,157,167,179,179,179,179],"floor_reached":24,"language":"ENG","playtime":1511,"items_purged":["Strike_R"],"score":204,"play_id":"2be0396e-98b4-4ff9-80e4-eb84d0df7ed5","local_time":"20210224215816","is_ascension_mode":false,"campfire_choices":[{"data":"Armaments","floor":6,"key":"SMITH"},{"floor":10,"key":"REST"},{"floor":15,"key":"REST"},{"data":"Barricade","floor":23,"key":"SMITH"}],"circlet_count":0,"master_deck":["Strike_R","Strike_R","Strike_R","Defend_R","Defend_R","Defend_R","Bash+1","Flex","Spot Weakness","Armaments+1","Barricade+1","Shrug It Off","Demon Form","Headbutt","Twin Strike"],"relics":["Black Blood","Lantern","Toy Ornithopter","Happy Flower","Thread and Needle","Oddly Smooth Stone"],"acts_visited":["Exordium","TheCity"],"potions_floor_usage":[7,18],"damage_taken":[{"damage":5,"enemies":"2 Louse","floor":1,"turns":3},{"damage":10,"enemies":"Cultist","floor":3,"turns":4},{"damage":0,"enemies":"Small Slimes","floor":5,"turns":3},{"damage":23,"enemies":"3 Sentries","floor":7,"turns":10},{"damage":28,"enemies":"Gremlin Nob","floor":8,"turns":4},{"damage":41,"enemies":"3 Sentries","floor":11,"turns":10},{"damage":0,"enemies":"2 Fungi Beasts","floor":14,"turns":7},{"damage":43,"enemies":"Hexaghost","floor":16,"turns":13},{"damage":0,"enemies":"3 Byrds","floor":18,"turns":1},{"damage":14,"enemies":"Spheric Guardian","floor":21,"turns":6},{"damage":24,"enemies":"Centurion and Healer","floor":22,"turns":11},{"damage":82,"enemies":"Slavers","floor":24,"turns":4}],"seed_played":"4835746190154518376","potions_obtained":[{"floor":3,"key":"Block Potion"},{"floor":8,"key":"SmokeBomb"}],"is_trial":false,"path_per_floor":["M","?","M","$","M","R","?","E","T","R","E","$","?","M","R","B",null,"M","?","$","M","M","R","E"],"character_chosen":"IRONCLAD","items_purchased":["Oddly Smooth Stone","Headbutt","Strength Potion"],"campfire_rested":2,"item_purchase_floors":[12,20,20],"current_hp_per_floor":[80,80,76,76,80,80,63,41,41,65,30,30,30,36,60,23,80,80,80,80,78,66,66,0,0],"gold":179,"neow_bonus":"UPGRADE_CARD","is_daily":false,"chose_seed":false,"campfire_upgraded":2,"win_rate":0.0,"timestamp":1614200296,"path_taken":["M","?","?","?","M","R","?","E","T","R","E","$","?","M","R","BOSS","M","?","?","?","M","R","E"],"items_purchased_type":["Relic","Card","Potion"],"build_version":"2020-12-22","purchased_purges":1,"victory":false,"max_hp_per_floor":[80,80,80,80,80,80,80,80,80,80,80,80,80,80,80,80,80,80,80,80,80,80,80,80,80],"card_choices":[{"not_picked":["Intimidate","Warcry"],"picked":"Flex","floor":1},{"not_picked":["Clash","Anger","Cleave"],"picked":"SKIP","floor":3},{"not_picked":["Carnage","Anger"],"picked":"Armaments","floor":5},{"not_picked":["Warcry","Clash"],"picked":"Barricade","floor":7},{"not_picked":["Bloodletting","Infernal Blade","True Grit"],"picked":"SKIP","floor":8},{"not_picked":["Flex","Dark Embrace","Body Slam"],"picked":"SKIP","floor":11},{"not_picked":["Armaments","Perfected Strike"],"picked":"Shrug It Off","floor":14},{"not_picked":["Offering","Fiend Fire"],"picked":"Demon Form","floor":16},{"not_picked":["Inflame","Pommel Strike","Fire Breathing+1"],"picked":"SKIP","floor":21},{"not_picked":["Sword Boomerang","Searing Blow"],"picked":"Twin Strike","floor":22}],"player_experience":63186,"relics_obtained":[{"floor":8,"key":"Toy Ornithopter"},{"floor":9,"key":"Happy Flower"},{"floor":11,"key":"Thread and Needle"}],"event_choices":[{"damage_healed":0,"gold_gain":0,"cards_transformed":["Strike_R"],"player_choice":"Transformed","damage_taken":0,"max_hp_gain":0,"max_hp_loss":0,"event_name":"Transmorgrifier","floor":2,"gold_loss":0,"cards_obtained":["Spot Weakness"]},{"damage_healed":0,"gold_gain":0,"player_choice":"Searched \u00272\u0027 times","damage_taken":0,"relics_obtained":["Lantern"],"max_hp_gain":0,"max_hp_loss":0,"event_name":"Dead Adventurer","floor":7,"gold_loss":0},{"damage_healed":0,"gold_gain":59,"player_choice":"Gained Gold","damage_taken":0,"max_hp_gain":0,"max_hp_loss":0,"event_name":"Golden Wing","floor":13,"gold_loss":0},{"cards_removed":["Defend_R"],"damage_healed":0,"gold_gain":0,"player_choice":"Purged","damage_taken":0,"max_hp_gain":0,"max_hp_loss":0,"event_name":"Purifier","floor":19,"gold_loss":0}],"is_beta":false,"boss_relics":[{"not_picked":["Mark of Pain","Astrolabe"],"picked":"Black Blood"}],"items_purged_floors":[12],"is_endless":false,"potions_floor_spawned":[3,8,16,18],"killed_by":"Slavers","ascension_level":0}}