{"host":"rm0ctv8qd8mnbkg1","time":1614178948,"event":{"mods":["Act Like it!","Aspiration","BaseMod","Beaked The Cultist","BetterRewards","Colored Map","DNKmod","Dark Map","Defuse TimeMaze Blight","Friendly Minions","Gensokyo","Hubris","Library of Ruina","Library of Ruina Extra","Marisa????????","Minty Spire (QoL Compilation)","MostiFishMod","Permanent Neow","Rare Cards Sparkle","Relic Sorter","Reliquary","Replay The Spire","Ruina","RumiaBox-????????","Shade Mod","Shop Mod","Spicy Shops","Spire Arcade","StSLib","The Animator","The Construct","The Servant 0.9.4","TheVacant","Wandering Minibosses","??????REMEMod"],"gold_per_floor":[10011,10024,9413,9427,9427,9427,8826,8826,8826,8855,8855,8875,8888,8908,8908,9009,9009],"floor_reached":16,"language":"ENG","playtime":341,"items_purged":[],"score":227,"play_id":"b74dc7c8-5a7b-4cc2-b9dc-860bb62e8baa","local_time":"20210224150228","is_ascension_mode":false,"campfire_choices":[{"data":"ruina:GoldRush","floor":6,"key":"SMITH"},{"data":"ReplayTheSpireMod:Reroute Power","floor":11,"key":"SMITH"},{"data":"Loop","floor":15,"key":"SMITH"}],"circlet_count":0,"master_deck":["Strike_B","Strike_B","Strike_B","Defend_B+1","Defend_B","Defend_B","Defend_B","Zap","Dualcast+1","ruina:GoldRush+1","Defragment","Go for the Eyes","Loop","Loop+1","ReplayTheSpireMod:Reroute Power+1","hubris:Ukulele","Capacitor","Streamline","Sweeping Beam"],"relics":["Cracked Core","REME_ComplimentaryCards","DaveBox","SynthV","aspiration:Nostalgia","Shade:YorickSkull","PlanX","SynthV:C4","hubris:BallOfYels","War Paint","ClockworkSouvenir","Replay:Baseball","PageOfLittleHelper","MagicDraw3"],"acts_visited":["Exordium"],"potions_floor_usage":[],"damage_taken":[{"damage":0,"enemies":"Gensokyo:Python","floor":1,"turns":2},{"damage":0,"enemies":"Gensokyo:2_Kodama","floor":2,"turns":2},{"damage":0,"enemies":"Gensokyo:Gryphon","floor":4,"turns":1},{"damage":0,"enemies":"Gensokyo:Aya","floor":10,"turns":2},{"damage":0,"enemies":"Gensokyo:VengefulSpirit","floor":12,"turns":2},{"damage":0,"enemies":"Gensokyo:3_Kodama","floor":13,"turns":2},{"damage":0,"enemies":"Gensokyo:Gryphon_and_Rabbit","floor":14,"turns":2},{"damage":19,"enemies":"Gensokyo:Kokoro","floor":16,"turns":7}],"seed_played":"-7674931165180622554","potions_obtained":[{"floor":2,"key":"DistilledChaos"},{"floor":13,"key":"FocusPotion"}],"is_trial":false,"path_per_floor":["M","M","$","M","?","R","$","?","T","E","R","M","M","M","R","B"],"character_chosen":"DEFECT","items_purchased":["Loop","PlanX","ReplayTheSpireMod:Reroute Power","SynthV:C4","hubris:BallOfYels","War Paint","ClockworkSouvenir","Replay:Baseball"],"campfire_rested":0,"item_purchase_floors":[3,3,3,3,7,7,7,7],"current_hp_per_floor":[1000,1000,1000,1000,1000,1000,1000,1000,1000,1000,1000,1000,1000,1000,1000,981,981],"gold":9009,"neow_bonus":"NOSTALGIA","is_daily":false,"chose_seed":false,"campfire_upgraded":3,"win_rate":0.0,"timestamp":1614178948,"path_taken":["M","M","$","M","?","R","?","?","T","E","R","M","M","M","R","BOSS"],"items_purchased_type":["Card","Relic","Card","Relic","Relic","Relic","Relic","Relic"],"build_version":"2020-12-22","purchased_purges":0,"victory":false,"max_hp_per_floor":[1000,1000,1000,1000,1000,1000,1000,1000,1000,1000,1000,1000,1000,1000,1000,1000,1000],"card_choices":[{"not_picked":["Go for the Eyes","BasicCrystalCard","Barrage"],"picked":"Defragment","floor":1},{"not_picked":["Compile Driver","Blizzard"],"picked":"Go for the Eyes","floor":2},{"not_picked":["ReplaySort","BasicCrystalCard"],"picked":"hubris:Ukulele","floor":4},{"not_picked":["Rebound","ReplayTheSpireMod:GoodbyeWorld","hubris:Prefetch"],"picked":"SKIP","floor":10},{"not_picked":["Beam Cell","ReplayTheSpireMod:GoodbyeWorld"],"picked":"Capacitor","floor":12},{"not_picked":["BootSequence","Steam"],"picked":"Streamline","floor":13},{"not_picked":["Reinforced Body","MostiFishMod:LinkProtocol"],"picked":"Sweeping Beam","floor":14}],"player_experience":303838,"relics_obtained":[{"floor":9,"key":"PageOfLittleHelper"},{"floor":10,"key":"MagicDraw3"}],"event_choices":[],"is_beta":false,"boss_relics":[],"items_purged_floors":[],"is_endless":false,"potions_floor_spawned":[2,4,10,13,14],"killed_by":"Gensokyo:Kokoro","ascension_level":0}}