{"host":"rkc66x5lvwcew90n","time":1614128371,"event":{"mods":["BaseMod","Hermit","Koishi","Marisa????????","Minty Spire (QoL Compilation)","StSLib","SuperFastMode","The Servant 0.9.4"],"gold_per_floor":[112,112,130,130,130,130,146,146,221,221,221,69,69,99,99,99,99],"floor_reached":16,"language":"ENG","playtime":722,"items_purged":[],"score":106,"play_id":"9ff3f10e-7b07-46e9-84d5-ff5393a214c0","local_time":"20210223165931","is_ascension_mode":true,"campfire_choices":[{"data":"Neutralize","floor":6,"key":"SMITH"},{"data":"Sucker Punch","floor":8,"key":"SMITH"},{"data":"Strike_G","floor":11,"key":"SMITH"},{"floor":15,"key":"REST"}],"circlet_count":0,"master_deck":["Strike_G","Strike_G","Strike_G+1","Strike_G","Strike_G+1","Defend_G","Defend_G+1","Defend_G","Defend_G","Defend_G","Survivor","Neutralize+1","Sucker Punch+1","Prepared","Prepared"],"relics":["Ring of the Snake","Pen Nib","Gambling Chip","TungstenRod","Question Card","PrismaticShard","Nunchaku"],"acts_visited":["Exordium"],"potions_floor_usage":[],"damage_taken":[{"damage":4,"enemies":"Jaw Worm","floor":1,"turns":4},{"damage":6,"enemies":"Cultist","floor":3,"turns":4},{"damage":3,"enemies":"Small Slimes","floor":7,"turns":4},{"damage":9,"enemies":"Lagavulin","floor":14,"turns":6},{"damage":51,"enemies":"Slime Boss","floor":16,"turns":9}],"seed_played":"-5020448618753802188","potions_obtained":[],"is_trial":false,"path_per_floor":["M","?","M","T","?","R","M","R","T","?","R","$","?","E","R","B"],"character_chosen":"THE_SILENT","items_purchased":["PrismaticShard"],"campfire_rested":1,"item_purchase_floors":[12],"current_hp_per_floor":[66,66,60,60,60,60,57,57,57,57,57,57,44,35,56,5,5],"gold":99,"neow_bonus":"RANDOM_COMMON_RELIC","is_daily":false,"chose_seed":false,"campfire_upgraded":3,"win_rate":0.0,"timestamp":1614128371,"path_taken":["M","?","?","?","?","R","?","R","T","?","R","?","?","E","R","BOSS"],"items_purchased_type":["Relic"],"build_version":"2020-12-22","purchased_purges":0,"victory":false,"max_hp_per_floor":[70,70,70,70,70,70,70,70,70,70,70,70,70,70,70,70,70],"card_choices":[{"not_picked":["Dodge and Roll","Masterful Stab"],"picked":"Sucker Punch","floor":1},{"not_picked":["Dodge and Roll","Distraction"],"picked":"Sucker Punch","floor":3},{"not_picked":["All Out Attack","Bane"],"picked":"Prepared","floor":7},{"not_picked":["Compile Driver","Koishi:ParalyzingFear","FlurryOfBlows"],"picked":"Prepared","floor":14}],"player_experience":291394,"relics_obtained":[{"floor":4,"key":"Gambling Chip"},{"floor":9,"key":"Question Card"},{"floor":14,"key":"Nunchaku"}],"event_choices":[{"damage_healed":0,"gold_gain":0,"player_choice":"Bought 0 Potions","damage_taken":0,"max_hp_gain":0,"max_hp_loss":0,"event_name":"The Woman in Blue","floor":2,"gold_loss":0},{"cards_removed":["Sucker Punch"],"damage_healed":0,"gold_gain":0,"player_choice":"Gave Card","damage_taken":0,"relics_obtained":["TungstenRod"],"max_hp_gain":0,"max_hp_loss":0,"event_name":"WeMeetAgain","floor":5,"gold_loss":0},{"damage_healed":0,"gold_gain":0,"player_choice":"Ignored","damage_taken":0,"max_hp_gain":0,"max_hp_loss":0,"event_name":"Golden Wing","floor":10,"gold_loss":0},{"damage_healed":0,"gold_gain":0,"player_choice":"Entered Light","damage_taken":14,"max_hp_gain":0,"max_hp_loss":0,"event_name":"Shining Light","floor":13,"gold_loss":0,"cards_upgraded":["Strike_G","Defend_G"]}],"is_beta":false,"boss_relics":[],"items_purged_floors":[],"is_endless":false,"potions_floor_spawned":[],"killed_by":"Slime Boss","ascension_level":2}}