{"host":"owox7x4ngjt9htcc","time":1614148228,"event":{"mods":["BaseMod","Colored Map","DeckTracker","Keyboard Shortcuts","Minty Spire (QoL Compilation)","SuperFastMode"],"gold_per_floor":[114,67,342,357,357,387,402,432,507,507,532,547,577,592,592,692,692,707,632,647,647,118,148,163,178,178,28,43,43,73,88,88,188,188,203,218,233,233,248,278,293,323,373,388,463,493,520,49,49,49],"floor_reached":51,"language":"KOR","playtime":2094,"items_purged":[],"score":951,"play_id":"449b6b36-b967-43e0-8ad5-4d3e7e7d4923","local_time":"20210224153028","daily_mods":["Heirloom","Colorless Cards","DeadlyEvents"],"is_ascension_mode":false,"campfire_choices":[{"floor":10,"key":"REST"},{"data":"Shrug It Off","floor":15,"key":"SMITH"},{"data":"Armaments","floor":29,"key":"SMITH"},{"data":"Apotheosis","floor":32,"key":"SMITH"},{"data":"Limit Break","floor":49,"key":"SMITH"}],"circlet_count":0,"master_deck":["Defend_R","Defend_R","Defend_R","Defend_R","Bash","Cleave","Iron Wave","Inflame","Cleave","Demon Form","Pommel Strike","Shrug It Off+1","Madness","Master of Strategy","Warcry+1","Iron Wave","Bite","Bite","Bite","Bite+1","Bite+1","Dropkick","Ghostly Armor","Trip","Armaments+1","Apotheosis+1","Limit Break+1","True Grit+1","Ghostly Armor+1","Sword Boomerang+1","Seeing Red","Panacea+1","Juggernaut+1","Parasite","Impervious","Sword Boomerang"],"relics":["Burning Blood","Magic Flower","Gremlin Horn","Sundial","Bottled Flame","Centennial Puzzle","Toy Ornithopter","Black Star","Oddly Smooth Stone","Lee\u0027s Waffle","Ice Cream","Whetstone","Red Skull","Bronze Scales","Mummified Hand","Tiny Chest","Coffee Dripper","Potion Belt","Blue Candle","Gambling Chip","Frozen Egg 2","Happy Flower","Singing Bowl","Bottled Lightning","MawBank","Bird Faced Urn"],"acts_visited":["Exordium","TheCity","TheBeyond"],"potions_floor_usage":[20,23,30,50,50,50,50],"damage_taken":[{"damage":6,"enemies":"Cultist","floor":1,"turns":3},{"damage":11,"enemies":"Jaw Worm","floor":4,"turns":2},{"damage":44,"enemies":"Lagavulin","floor":6,"turns":7},{"damage":1,"enemies":"2 Louse","floor":7,"turns":2},{"damage":27,"enemies":"Gremlin Nob","floor":8,"turns":4},{"damage":9,"enemies":"Blue Slaver","floor":12,"turns":3},{"damage":11,"enemies":"Lagavulin","floor":13,"turns":7},{"damage":0,"enemies":"3 Louse","floor":14,"turns":2},{"damage":48,"enemies":"The Guardian","floor":16,"turns":10},{"damage":17,"enemies":"Spheric Guardian","floor":18,"turns":4},{"damage":20,"enemies":"2 Thieves","floor":20,"turns":5},{"damage":45,"enemies":"Book of Stabbing","floor":23,"turns":6},{"damage":9,"enemies":"Snecko","floor":24,"turns":5},{"damage":6,"enemies":"Centurion and Healer","floor":25,"turns":6},{"damage":11,"enemies":"Snake Plant","floor":28,"turns":4},{"damage":17,"enemies":"Slavers","floor":30,"turns":5},{"damage":18,"enemies":"Cultist and Chosen","floor":31,"turns":6},{"damage":55,"enemies":"Automaton","floor":33,"turns":8},{"damage":1,"enemies":"3 Shapes","floor":35,"turns":2},{"damage":12,"enemies":"3 Darklings","floor":36,"turns":4},{"damage":17,"enemies":"Maw","floor":37,"turns":5},{"damage":38,"enemies":"Jaw Worm Horde","floor":39,"turns":4},{"damage":34,"enemies":"Giant Head","floor":40,"turns":7},{"damage":0,"enemies":"4 Shapes","floor":41,"turns":4},{"damage":14,"enemies":"Reptomancer","floor":42,"turns":5},{"damage":4,"enemies":"Spire Growth","floor":44,"turns":4},{"damage":13,"enemies":"Giant Head","floor":46,"turns":5},{"damage":4,"enemies":"Writhing Mass","floor":47,"turns":4},{"damage":40,"enemies":"Time Eater","floor":50,"turns":9}],"seed_played":"1986488565424594500","potions_obtained":[{"floor":7,"key":"BloodPotion"},{"floor":8,"key":"Block Potion"},{"floor":13,"key":"EssenceOfSteel"},{"floor":16,"key":"DistilledChaos"},{"floor":24,"key":"AttackPotion"},{"floor":28,"key":"DistilledChaos"},{"floor":31,"key":"Swift Potion"},{"floor":37,"key":"LiquidBronze"},{"floor":40,"key":"SpeedPotion"},{"floor":41,"key":"Ancient Potion"},{"floor":46,"key":"ColorlessPotion"}],"is_trial":false,"path_per_floor":["M","$","?","M","?","E","M","E","T","R","T","M","E","M","R","B",null,"M","?","M","?","$","E","M","M","T","$","M","R","E","M","R","B",null,"M","M","M","?","M","E","M","E","T","M","T","E","M","$","R","B",null],"character_chosen":"IRONCLAD","items_purchased":["Iron Wave","Oddly Smooth Stone","Lee\u0027s Waffle","Dropkick","Ghostly Armor","Trip","Bronze Scales","Impervious","Bird Faced Urn","Sword Boomerang"],"campfire_rested":1,"item_purchase_floors":[2,22,22,22,22,22,27,48,48,48],"current_hp_per_floor":[80,80,80,78,78,43,51,33,33,57,57,57,55,64,64,25,80,72,72,69,56,63,36,55,63,63,63,63,63,63,62,62,42,63,63,63,63,63,49,51,63,63,63,63,63,59,65,65,65,53],"gold":49,"neow_bonus":"","is_daily":true,"chose_seed":false,"campfire_upgraded":4,"win_rate":0.0,"timestamp":1614148228,"path_taken":["M","?","?","?","?","E","?","?","T","R","?","M","E","M","R","BOSS","M","?","M","?","?","E","M","?","T","$","M","R","E","M","R","BOSS","M","?","?","?","M","E","M","E","T","M","?","E","M","$","R","BOSS"],"items_purchased_type":["Card","Relic","Relic","Card","Card","Card","Relic","Card","Relic","Card"],"build_version":"2020-12-22","purchased_purges":0,"victory":true,"max_hp_per_floor":[80,80,80,80,80,80,80,80,80,80,80,80,80,80,80,80,80,80,80,80,56,63,63,63,63,63,63,63,63,63,63,63,63,63,63,63,63,63,63,63,63,63,63,63,63,63,65,65,65,65],"card_choices":[{"not_picked":["Flex","Body Slam"],"picked":"Cleave","floor":1},{"not_picked":["Second Wind","Flash of Steel"],"picked":"Inflame","floor":4},{"not_picked":["Anger","Warcry"],"picked":"Flex","floor":6},{"not_picked":["Dark Embrace","Heavy Blade"],"picked":"Cleave","floor":7},{"not_picked":["Forethought","Feel No Pain"],"picked":"Demon Form","floor":8},{"not_picked":["Thunderclap","Spot Weakness"],"picked":"Pommel Strike","floor":12},{"not_picked":["Seeing Red","Havoc"],"picked":"Shrug It Off","floor":13},{"not_picked":["Cleave","Clothesline"],"picked":"Madness","floor":14},{"not_picked":["HandOfGreed","Double Tap"],"picked":"Master of Strategy","floor":16},{"not_picked":["Pommel Strike","Feel No Pain"],"picked":"Warcry+1","floor":18},{"not_picked":["Evolve","Heavy Blade"],"picked":"Iron Wave","floor":20},{"not_picked":["Entrench","Searing Blow","Pommel Strike"],"picked":"SKIP","floor":23},{"not_picked":["Pommel Strike","Cleave","Flex"],"picked":"SKIP","floor":24},{"not_picked":["Sword Boomerang","Wild Strike"],"picked":"Armaments","floor":25},{"not_picked":["Havoc","Sentinel+1","Clothesline"],"picked":"SKIP","floor":28},{"not_picked":["Dropkick","Carnage"],"picked":"Apotheosis","floor":30},{"not_picked":["Armaments","Second Wind","Heavy Blade+1"],"picked":"SKIP","floor":31},{"not_picked":["Transmutation","Apotheosis"],"picked":"Limit Break","floor":33},{"not_picked":["Wild Strike+1","Anger+1"],"picked":"True Grit+1","floor":35},{"not_picked":["Bandage Up+1","Pommel Strike","Perfected Strike"],"picked":"SKIP","floor":36},{"not_picked":["Pommel Strike+1","Mind Blast"],"picked":"Ghostly Armor+1","floor":37},{"not_picked":["Clash+1","Headbutt"],"picked":"Sword Boomerang+1","floor":39},{"not_picked":["Cleave","Havoc"],"picked":"Seeing Red","floor":40},{"not_picked":["Wild Strike+1","Headbutt","Havoc"],"picked":"SKIP","floor":41},{"not_picked":["Pummel","Power Through+1","True Grit"],"picked":"SKIP","floor":42},{"not_picked":["Thunderclap+1","Armaments"],"picked":"Panacea+1","floor":44},{"not_picked":["Intimidate","Mind Blast"],"picked":"Juggernaut+1","floor":46},{"not_picked":["Thunderclap","Dark Shackles","Pommel Strike+1"],"picked":"Singing Bowl","floor":47}],"player_experience":945774,"relics_obtained":[{"floor":6,"key":"Gremlin Horn"},{"floor":8,"key":"Sundial"},{"floor":9,"key":"Bottled Flame"},{"floor":11,"key":"Centennial Puzzle"},{"floor":13,"key":"Toy Ornithopter"},{"floor":23,"key":"Ice Cream"},{"floor":23,"key":"Whetstone"},{"floor":26,"key":"Red Skull"},{"floor":30,"key":"Mummified Hand"},{"floor":30,"key":"Tiny Chest"},{"floor":40,"key":"Potion Belt"},{"floor":40,"key":"Blue Candle"},{"floor":42,"key":"Gambling Chip"},{"floor":42,"key":"Frozen Egg 2"},{"floor":43,"key":"Happy Flower"},{"floor":45,"key":"Singing Bowl"},{"floor":46,"key":"Bottled Lightning"},{"floor":46,"key":"MawBank"}],"event_choices":[{"damage_healed":0,"gold_gain":275,"player_choice":"Desecrate","damage_taken":0,"max_hp_gain":0,"max_hp_loss":0,"event_name":"Golden Shrine","floor":3,"gold_loss":0,"cards_obtained":["Regret"]},{"cards_removed":["Regret"],"damage_healed":0,"gold_gain":0,"player_choice":"Forget","damage_taken":0,"max_hp_gain":0,"max_hp_loss":0,"event_name":"Living Wall","floor":5,"gold_loss":0},{"cards_removed":["Strike_R"],"damage_healed":0,"gold_gain":0,"player_choice":"Gave Gold","damage_taken":0,"max_hp_gain":0,"max_hp_loss":0,"event_name":"Beggar","floor":19,"gold_loss":75},{"damage_healed":0,"gold_gain":0,"player_choice":"Became a vampire","damage_taken":0,"max_hp_gain":0,"max_hp_loss":24,"event_name":"Vampires","floor":21,"gold_loss":0,"cards_obtained":["Bite","Bite","Bite","Bite","Bite"]},{"cards_removed":["Flex"],"damage_healed":5,"gold_gain":0,"player_choice":"Offered Common","damage_taken":0,"max_hp_gain":0,"max_hp_loss":0,"event_name":"Bonfire Elementals","floor":38,"gold_loss":0},{"cards_removed":["Flex"],"damage_healed":5,"gold_gain":0,"player_choice":"Offered Special","damage_taken":0,"max_hp_gain":0,"max_hp_loss":0,"event_name":"Bonfire Elementals","floor":38,"gold_loss":0}],"is_beta":false,"boss_relics":[{"not_picked":["SlaversCollar","Tiny House"],"picked":"Black Star"},{"not_picked":["Runic Pyramid","Runic Cube"],"picked":"Coffee Dripper"}],"items_purged_floors":[],"is_endless":false,"potions_floor_spawned":[7,8,13,16,24,28,31,37,40,41,46],"ascension_level":0}}