{"host":"nz11ypxva4e39b7q","time":1614203065,"event":{"mods":["BaseMod","Better Third Choice","Better Vampires","Colored Map","Minty Spire (QoL Compilation)","Quick Restart","Shapeshifter Mod","StSLib"],"gold_per_floor":[116,41,41,41,55,55,80,80,149,149,162,162,192,207,207,282,282,294,344,359,284,306,338,338,366,390,390,425,435,462,387,387,466,466,482,482,34,34,45,45,45],"floor_reached":40,"language":"ENG","playtime":2494,"items_purged":["StSShapeShifter:ShapeShifter_Strike"],"score":891,"play_id":"0bab23bf-c2d2-4b30-b947-072b474ab370","local_time":"20210224224425","is_ascension_mode":true,"campfire_choices":[{"data":"StSShapeShifter:PantherForm","floor":6.0,"key":"SMITH"},{"data":"StSShapeShifter:OpportuneSwoop","floor":8.0,"key":"SMITH"},{"data":"StSShapeShifter:Efflorescence","floor":10.0,"key":"SMITH"},{"data":"StSShapeShifter:FesteringBite","floor":12.0,"key":"SMITH"},{"data":"StSShapeShifter:OwlForm","floor":15.0,"key":"SMITH"},{"floor":24.0,"key":"REST"},{"floor":27.0,"key":"REST"},{"data":"StSShapeShifter:Sap_Burst","floor":32.0,"key":"SMITH"}],"circlet_count":0,"master_deck":["AscendersBane","StSShapeShifter:ShapeShifter_Strike","StSShapeShifter:ShapeShifter_Strike","StSShapeShifter:ShapeShifter_Strike","StSShapeShifter:ShapeShifter_Defend","StSShapeShifter:ShapeShifter_Defend","StSShapeShifter:ShapeShifter_Defend","StSShapeShifter:ShapeShifter_Defend","StSShapeShifter:OpportuneSwoop+1","StSShapeShifter:PantherForm+1","StSShapeShifter:Efflorescence+1","StSShapeShifter:FesteringBite+1","StSShapeShifter:OwlForm+1","StSShapeShifter:Bonk","StSShapeShifter:Sap_Burst+1","StSShapeShifter:ClimbTree","StSShapeShifter:EmbraceTheCycle+1","StSShapeShifter:PorcupineForm","StSShapeShifter:MammothForm","StSShapeShifter:Spring"],"relics":["StSShapeShifter:AnimalHeart","StSShapeShifter:TheShapeShiftersMagnolia","NeowsBlessing","Bag of Marbles","Ancient Tea Set","Philosopher\u0027s Stone","Regal Pillow","Mummified Hand","Pen Nib","Shuriken","Shovel","Empty Cage","Lantern","StSShapeShifter:FruitTree"],"acts_visited":["Exordium","TheCity","TheBeyond"],"potions_floor_usage":[39],"damage_taken":[{"damage":0.0,"enemies":"Small Slimes","floor":1.0,"turns":1.0},{"damage":0.0,"enemies":"Jaw Worm","floor":5.0,"turns":1.0},{"damage":0.0,"enemies":"Gremlin Nob","floor":7.0,"turns":1.0},{"damage":0.0,"enemies":"Cultist","floor":11.0,"turns":5.0},{"damage":41.0,"enemies":"3 Sentries","floor":13.0,"turns":12.0},{"damage":0.0,"enemies":"Gremlin Gang","floor":14.0,"turns":6.0},{"damage":18.0,"enemies":"Slime Boss","floor":16.0,"turns":10.0},{"damage":18.0,"enemies":"Shell Parasite","floor":18.0,"turns":4.0},{"damage":21.0,"enemies":"2 Thieves","floor":20.0,"turns":4.0},{"damage":1.0,"enemies":"Cultist and Chosen","floor":22.0,"turns":8.0},{"damage":51.0,"enemies":"Book of Stabbing","floor":23.0,"turns":6.0},{"damage":26.0,"enemies":"Slavers","floor":25.0,"turns":8.0},{"damage":19.0,"enemies":"Book of Stabbing","floor":28.0,"turns":10.0},{"damage":6.0,"enemies":"Snake Plant","floor":29.0,"turns":4.0},{"damage":16.0,"enemies":"Slavers","floor":30.0,"turns":7.0},{"damage":5.0,"enemies":"Champ","floor":33.0,"turns":15.0},{"damage":50,"enemies":"3 Darklings","floor":35,"turns":12},{"damage":0,"enemies":"Orb Walker","floor":39,"turns":3},{"damage":31,"enemies":"Giant Head","floor":40,"turns":5}],"seed_played":"-98353909801612637","potions_obtained":[{"floor":5.0,"key":"Explosive Potion"},{"floor":7.0,"key":"LiquidMemories"},{"floor":11.0,"key":"FairyPotion"},{"floor":20.0,"key":"FearPotion"},{"floor":23.0,"key":"Explosive Potion"},{"floor":28.0,"key":"Block Potion"},{"floor":33.0,"key":"FearPotion"},{"floor":35,"key":"Block Potion"}],"is_trial":false,"path_per_floor":["M","$","?","?","M","R","E","R","T","R","M","R","E","M","R","B",null,"M","?","M","$","M","E","R","E","T","R","E","M","E","?","R","B",null,"M","?","$","?","M","E"],"character_chosen":"SHAPESHIFTER","items_purchased":["StSShapeShifter:PantherForm","Lantern","StSShapeShifter:FruitTree"],"campfire_rested":2,"item_purchase_floors":[2,37,37],"current_hp_per_floor":[66,66,71,71,71,71,71,71,71,71,71,71,30,30,30,12,62,44,44,23,23,22,1,39,13,13,51,32,26,10,10,10,5,60,10,10,10,10,10,0,0],"gold":45,"neow_bonus":"THREE_ENEMY_KILL","is_daily":false,"chose_seed":false,"campfire_upgraded":6,"win_rate":0.0,"timestamp":1614203065,"path_taken":["M","$","?","?","?","R","E","R","T","R","?","R","E","M","R","BOSS","M","?","?","$","M","E","R","E","T","R","E","M","E","?","R","BOSS","M","?","$","?","?","E"],"items_purchased_type":["Card","Relic","Relic"],"build_version":"2020-12-22","purchased_purges":1,"victory":false,"max_hp_per_floor":[73,73,78,78,78,78,78,78,78,78,78,78,78,78,78,78,78,78,78,78,78,78,78,78,78,78,78,78,78,78,78,78,78,78,78,78,78,78,78,78,78],"card_choices":[{"not_picked":["StSShapeShifter:ShiftingStrike","StSShapeShifter:OakBlade"],"picked":"StSShapeShifter:OpportuneSwoop","floor":1.0},{"not_picked":["StSShapeShifter:FallingLeaves","StSShapeShifter:BladeOfGrass"],"picked":"StSShapeShifter:Efflorescence","floor":5.0},{"not_picked":["StSShapeShifter:FlowerShield","StSShapeShifter:BulwarkOfDiscovery","StSShapeShifter:RestoreBalance"],"picked":"SKIP","floor":7.0},{"not_picked":["StSShapeShifter:BloomingSlash","StSShapeShifter:Sapling"],"picked":"StSShapeShifter:FesteringBite","floor":11.0},{"not_picked":["StSShapeShifter:OakBlade","StSShapeShifter:LeapingSlash"],"picked":"StSShapeShifter:OwlForm","floor":13.0},{"not_picked":["StSShapeShifter:RockSlide","StSShapeShifter:SquirrelForm"],"picked":"StSShapeShifter:Bonk","floor":14.0},{"not_picked":["StSShapeShifter:BurstOfLifeEscapeDeath","StSShapeShifter:Tornado"],"picked":"StSShapeShifter:Sap_Burst","floor":16.0},{"not_picked":["StSShapeShifter:DeepWound","StSShapeShifter:EagleForm+1"],"picked":"StSShapeShifter:ClimbTree","floor":18.0},{"not_picked":["StSShapeShifter:FlowerShield","StSShapeShifter:SunflowerShuriken+1","StSShapeShifter:Maul"],"picked":"SKIP","floor":20.0},{"not_picked":["StSShapeShifter:FallingLeaves","StSShapeShifter:BearForm","StSShapeShifter:BloomingSlash"],"picked":"SKIP","floor":22.0},{"not_picked":["StSShapeShifter:Wildfire2","StSShapeShifter:EmbraceTheCycle+1","StSShapeShifter:Blossom2"],"picked":"SKIP","floor":23.0},{"not_picked":["StSShapeShifter:FullMoon","StSShapeShifter:OpportuneSwoop"],"picked":"StSShapeShifter:EmbraceTheCycle","floor":25.0},{"not_picked":["StSShapeShifter:FlowerShield","StSShapeShifter:HydraForm","StSShapeShifter:HippoForm"],"picked":"SKIP","floor":28.0},{"not_picked":["StSShapeShifter:RockSlide","StSShapeShifter:FlowerShield"],"picked":"StSShapeShifter:PorcupineForm","floor":29.0},{"not_picked":["StSShapeShifter:Vengeance","StSShapeShifter:PoisonIvy","StSShapeShifter:MammothForm"],"picked":"SKIP","floor":30.0},{"not_picked":["StSShapeShifter:Vengeance","StSShapeShifter:PoisonIvy"],"picked":"StSShapeShifter:MammothForm","floor":30.0},{"not_picked":["StSShapeShifter:Summon_Mountains","StSShapeShifter:PhoenixForm"],"picked":"StSShapeShifter:Spring","floor":33.0},{"not_picked":["StSShapeShifter:Roar+1","StSShapeShifter:HummingbirdForm","StSShapeShifter:ShiftingStrike"],"picked":"SKIP","floor":35},{"not_picked":["StSShapeShifter:Rest+1","StSShapeShifter:MonkeyForm+1","StSShapeShifter:Maul"],"picked":"SKIP","floor":39}],"player_experience":1107883,"relics_obtained":[{"floor":7.0,"key":"Bag of Marbles"},{"floor":13.0,"key":"Ancient Tea Set"},{"floor":23.0,"key":"Regal Pillow"},{"floor":25.0,"key":"Mummified Hand"},{"floor":26.0,"key":"Pen Nib"},{"floor":28.0,"key":"Shuriken"},{"floor":30.0,"key":"Shovel"}],"event_choices":[{"damage_healed":0.0,"max_hp_gain":5.0,"max_hp_loss":0.0,"gold_gain":0.0,"event_name":"Big Fish","player_choice":"Donut","floor":3.0,"gold_loss":0.0,"damage_taken":0.0},{"cards_removed":["StSShapeShifter:Lynx_Form"],"damage_healed":0.0,"max_hp_gain":0.0,"max_hp_loss":0.0,"gold_gain":0.0,"event_name":"Bonfire Elementals","player_choice":"Offered Basic","floor":4.0,"gold_loss":0.0,"damage_taken":0.0},{"damage_healed":0.0,"max_hp_gain":0.0,"max_hp_loss":0.0,"gold_gain":100.0,"event_name":"The Joust","player_choice":"Bet on Murderer","floor":19.0,"gold_loss":50.0,"damage_taken":0.0},{"cards_removed":["StSShapeShifter:Tortoise_Form"],"damage_healed":0.0,"max_hp_gain":0.0,"max_hp_loss":0.0,"gold_gain":0.0,"event_name":"Beggar","player_choice":"Gave Gold","floor":31.0,"gold_loss":75.0,"damage_taken":0.0},{"damage_healed":0,"gold_gain":0,"player_choice":"Upgraded","damage_taken":0,"max_hp_gain":0,"max_hp_loss":0,"event_name":"Upgrade Shrine","floor":38,"gold_loss":0,"cards_upgraded":["StSShapeShifter:EmbraceTheCycle"]}],"is_beta":false,"boss_relics":[{"not_picked":["Runic Dome","Astrolabe"],"picked":"Philosopher\u0027s Stone"},{"not_picked":["SlaversCollar","Sozu"],"picked":"Empty Cage"}],"items_purged_floors":[21],"is_endless":false,"potions_floor_spawned":[5,7,11,20,23,28,33,35],"killed_by":"Giant Head","ascension_level":16}}