{"host":"zxkjcgzis4pm3za5","time":1614191504,"event":{"mods":["2.2 Compatiblity","AchievementEnabler","BaseMod","Colored Map","Colored Powertips","Minty Spire (QoL Compilation)","Quick Restart","Random Character Button","Relic Filter Mod","Relic Sorter","Relic Stats","StSLib","ojb\u0027s Info Mod"],"gold_per_floor":[116,38,38,38,56,56,82,82,130,130,143,174,191,18,18,93,93,103,113,113,132,132,165,180,192,192,242,242,269,155,172,172,245,245,260,260,271,271,291,291,317,317,317,336,355,384,284,313,313,313,313,313,313,54,85,85,85],"floor_reached":56,"language":"ENG","playtime":2326,"items_purged":["Parasite","Injury","Dagger Spray+1"],"score":2120,"play_id":"dbb3e7d8-b45c-472c-849d-d3e99c9a0874","local_time":"20210225000144","is_ascension_mode":true,"campfire_choices":[{"data":"Blade Dance","floor":6.0,"key":"SMITH"},{"floor":8.0,"key":"REST"},{"data":"Blade Dance","floor":10.0,"key":"SMITH"},{"floor":15.0,"key":"REST"},{"data":"Cloak And Dagger","floor":32.0,"key":"SMITH"},{"floor":40,"key":"RECALL"},{"floor":42,"key":"REST"},{"floor":49,"key":"REST"},{"floor":53,"key":"REST"}],"circlet_count":0,"master_deck":["AscendersBane","Defend_G+1","Defend_G+1","Defend_G+1","Defend_G+1","Defend_G+1","Survivor","Neutralize","Blade Dance+1","Blade Dance+1","Quick Slash+1","Dodge and Roll","Dagger Throw+1","Terror","Die Die Die+1","Skewer+1","Cloak And Dagger+1","Phantasmal Killer","Footwork+1","Dash+1","Prepared+1","Finisher+1","Masterful Stab+1","Deflect+1","PiercingWail","Sucker Punch+1","Backstab+1","Bite+1","Bite+1","Bite+1","Bite+1","Bite+1","Night Terror","Escape Plan","Accuracy+1","Adrenaline","Cloak And Dagger+1","Footwork+1","Escape Plan","Escape Plan","Predator+1","Dodge and Roll","Acrobatics","Acrobatics","Reflex","Blade Dance","Doppelganger","Footwork"],"relics":["SlaversCollar","Molten Egg 2","Prayer Wheel","Art of War","InkBottle","Chemical X","Cursed Key","MutagenicStrength","Mercury Hourglass","Question Card","Bronze Scales","Fusion Hammer","Calipers","Thread and Needle","Vajra","Ninja Scroll"],"acts_visited":["Exordium","TheCity","TheBeyond","TheEnding"],"potions_floor_usage":[35,46,48,55,56,56],"damage_taken":[{"damage":13.0,"enemies":"2 Louse","floor":1.0,"turns":5.0},{"damage":1.0,"enemies":"Cultist","floor":5.0,"turns":4.0},{"damage":21.0,"enemies":"Lagavulin","floor":7.0,"turns":7.0},{"damage":0.0,"enemies":"Small Slimes","floor":11.0,"turns":1.0},{"damage":13.0,"enemies":"3 Sentries","floor":12.0,"turns":6.0},{"damage":4.0,"enemies":"Exordium Wildlife","floor":13.0,"turns":3.0},{"damage":17.0,"enemies":"The Guardian","floor":16.0,"turns":8.0},{"damage":6.0,"enemies":"2 Thieves","floor":18.0,"turns":3.0},{"damage":18.0,"enemies":"Shell Parasite","floor":19.0,"turns":4.0},{"damage":10.0,"enemies":"Snecko","floor":21.0,"turns":4.0},{"damage":0.0,"enemies":"Book of Stabbing","floor":23.0,"turns":1.0},{"damage":0.0,"enemies":"Centurion and Healer","floor":24.0,"turns":3.0},{"damage":0.0,"enemies":"Snake Plant","floor":25.0,"turns":2.0},{"damage":20.0,"enemies":"Slavers","floor":29.0,"turns":3.0},{"damage":0.0,"enemies":"Cultist and Chosen","floor":31.0,"turns":3.0},{"damage":14.0,"enemies":"Collector","floor":33.0,"turns":6.0},{"damage":0,"enemies":"3 Shapes","floor":35,"turns":2},{"damage":0,"enemies":"Orb Walker","floor":37,"turns":1},{"damage":13,"enemies":"Transient","floor":39,"turns":6},{"damage":0,"enemies":"Nemesis","floor":41,"turns":3},{"damage":0,"enemies":"4 Shapes","floor":44,"turns":4},{"damage":6,"enemies":"Maw","floor":45,"turns":6},{"damage":30,"enemies":"Reptomancer","floor":46,"turns":4},{"damage":0,"enemies":"Nemesis","floor":48,"turns":3},{"damage":15,"enemies":"Donu and Deca","floor":50,"turns":8},{"damage":28,"enemies":"Awakened One","floor":51,"turns":11},{"damage":40,"enemies":"Shield and Spear","floor":55,"turns":11},{"damage":32,"enemies":"The Heart","floor":56,"turns":2}],"seed_played":"-7185121124395148860","potions_obtained":[{"floor":12.0,"key":"BlessingOfTheForge"},{"floor":13.0,"key":"Weak Potion"},{"floor":16.0,"key":"DistilledChaos"},{"floor":21.0,"key":"DistilledChaos"},{"floor":24.0,"key":"DistilledChaos"},{"floor":29.0,"key":"AttackPotion"},{"floor":31.0,"key":"Weak Potion"},{"floor":33.0,"key":"Energy Potion"},{"floor":37,"key":"LiquidBronze"},{"floor":39,"key":"Swift Potion"},{"floor":45,"key":"Strength Potion"},{"floor":46,"key":"DistilledChaos"},{"floor":55,"key":"SkillPotion"}],"is_trial":false,"path_per_floor":["M","$","?","?","M","R","E","R","T","R","M","E","M","$","R","B",null,"M","M","?","M","?","E","M","M","T","?","?","E","$","M","R","B",null,"M","$","M","?","M","R","E","R","T","M","M","E","$","E","R","B","B",null,"R","$","E","B"],"character_chosen":"THE_SILENT","items_purchased":["Dagger Spray","Blade Dance","Chemical X","Escape Plan","LiquidMemories","Block Potion"],"campfire_rested":5,"item_purchase_floors":[2,2,14,30,54,54],"current_hp_per_floor":[46,46,39,39,38,38,17,36,36,36,36,23,19,19,38,21,55,49,31,31,21,21,21,21,21,21,21,21,13,13,19,19,20,37,43,43,43,43,36,36,43,43,43,43,43,16,16,28,40,43,35,41,43,43,23,0,0],"gold":85,"neow_bonus":"BOSS_RELIC","is_daily":false,"chose_seed":false,"campfire_upgraded":3,"win_rate":0.0,"timestamp":1614191504,"path_taken":["M","$","?","?","M","R","E","R","T","R","M","E","?","$","R","BOSS","M","M","?","M","?","E","M","?","T","?","?","E","?","M","R","BOSS","M","$","M","?","M","R","E","R","T","M","?","E","$","E","R","BOSS","BOSS","R","$","E","BOSS"],"items_purchased_type":["Card","Card","Relic","Card","Potion","Potion"],"build_version":"2020-12-22","purchased_purges":3,"victory":false,"max_hp_per_floor":[66,66,66,66,66,66,66,66,66,66,66,66,66,66,66,66,66,66,66,66,66,66,66,66,66,66,66,46,46,43,43,43,43,43,43,43,43,43,43,43,43,43,43,43,43,43,43,43,43,43,43,43,43,43,43,43,43],"relic_stats":{"counters":[28,124],"Bronze Scales":[192],"Prayer Wheel":13,"Art of War":[3],"Chemical X":[21],"Cursed Key":2,"Question Card":18,"obtain_stats":[{"Calipers":41,"Vajra":48,"Thread and Needle":46,"Cursed Key":17,"Question Card":26,"Mercury Hourglass":23,"SlaversCollar":0,"Ninja Scroll":55,"MutagenicStrength":22,"Bronze Scales":29,"Molten Egg 2":4,"Prayer Wheel":7,"Fusion Hammer":34,"Art of War":9,"Chemical X":14,"InkBottle":12,"Ring of the Snake":0},{"Calipers":20,"Vajra":24,"Thread and Needle":23,"Cursed Key":7,"Question Card":13,"Mercury Hourglass":11,"SlaversCollar":0,"Ninja Scroll":27,"MutagenicStrength":10,"Bronze Scales":14,"Molten Egg 2":1,"Prayer Wheel":3,"Fusion Hammer":16,"Art of War":3,"Chemical X":6,"InkBottle":5,"Ring of the Snake":0},{"Calipers":75,"Vajra":92,"Thread and Needle":89,"Cursed Key":34,"Question Card":51,"Mercury Hourglass":46,"SlaversCollar":0,"Ninja Scroll":122,"MutagenicStrength":45,"Bronze Scales":54,"Molten Egg 2":5,"Prayer Wheel":16,"Fusion Hammer":63,"Art of War":16,"Chemical X":26,"InkBottle":23,"Ring of the Snake":0}],"InkBottle":[70],"Mercury Hourglass":[289]},"card_choices":[{"not_picked":["Predator","Leg Sweep"],"picked":"Blade Dance","floor":1.0},{"not_picked":["Backflip","Flying Knee+1"],"picked":"Quick Slash+1","floor":5.0},{"not_picked":["Prepared","Catalyst"],"picked":"Dodge and Roll","floor":7.0},{"not_picked":["Concentrate","Bane+1"],"picked":"Dagger Throw+1","floor":11.0},{"not_picked":["Bane+1","Sucker Punch+1"],"picked":"Terror","floor":11.0},{"not_picked":["Calculated Gamble","Blur"],"picked":"Die Die Die+1","floor":12.0},{"not_picked":["Endless Agony+1","Deflect"],"picked":"Skewer+1","floor":13.0},{"not_picked":["Deadly Poison","Blur"],"picked":"Cloak And Dagger","floor":13.0},{"not_picked":["Venomology","A Thousand Cuts"],"picked":"Phantasmal Killer","floor":16.0},{"not_picked":["Deadly Poison","Bane+1"],"picked":"Dagger Spray+1","floor":18.0},{"not_picked":["Backflip","Concentrate"],"picked":"Footwork+1","floor":18.0},{"not_picked":["Deadly Poison+1","Deflect"],"picked":"Dash+1","floor":19.0},{"not_picked":["Riddle With Holes+1","Calculated Gamble"],"picked":"Prepared+1","floor":19.0},{"not_picked":["Grand Finale+1","Dagger Throw+1"],"picked":"Finisher+1","floor":21.0},{"not_picked":["Dagger Throw+1","Crippling Poison","Finisher+1"],"picked":"SKIP","floor":21.0},{"not_picked":["Crippling Poison","Dagger Spray+1"],"picked":"Masterful Stab+1","floor":23.0},{"not_picked":["Caltrops","Poisoned Stab+1"],"picked":"Deflect+1","floor":24.0},{"not_picked":["Bane+1","Dagger Throw+1"],"picked":"PiercingWail","floor":24.0},{"not_picked":["Dagger Spray+1","Cloak And Dagger"],"picked":"Sucker Punch+1","floor":25.0},{"not_picked":["Quick Slash+1","Underhanded Strike+1"],"picked":"Backstab+1","floor":25.0},{"not_picked":["Bane+1","Setup","Catalyst"],"picked":"Night Terror","floor":29.0},{"not_picked":["Quick Slash+1","Blade Dance","PiercingWail"],"picked":"Accuracy+1","floor":31.0},{"not_picked":["Calculated Gamble","Deflect","Bane+1","Infinite Blades"],"picked":"SKIP","floor":31.0},{"not_picked":["Grand Finale+1","Unload+1","Malaise"],"picked":"Adrenaline","floor":33.0},{"not_picked":["Dagger Spray+1","Underhanded Strike+1","Dodge and Roll"],"picked":"Cloak And Dagger+1","floor":35},{"not_picked":["Terror+1","Setup","Poisoned Stab+1","Underhanded Strike+1"],"picked":"SKIP","floor":35},{"not_picked":["Dagger Throw+1","Blade Dance","Quick Slash+1"],"picked":"Footwork+1","floor":37},{"not_picked":["Outmaneuver+1","Noxious Fumes","Bane+1"],"picked":"Escape Plan","floor":37},{"not_picked":["Flying Knee+1","Skewer+1","Die Die Die+1"],"picked":"Escape Plan","floor":39},{"not_picked":["Bouncing Flask","Masterful Stab+1","Finisher+1"],"picked":"Predator+1","floor":39},{"not_picked":["Slice+1","Sucker Punch+1","Crippling Poison+1"],"picked":"Dodge and Roll","floor":41},{"not_picked":["Flying Knee+1","Leg Sweep","Bane+1"],"picked":"Acrobatics","floor":44},{"not_picked":["Tools of the Trade","Slice+1","Dagger Spray+1"],"picked":"Acrobatics","floor":44},{"not_picked":["Quick Slash+1","Underhanded Strike+1","Dodge and Roll"],"picked":"Reflex","floor":45},{"not_picked":["Outmaneuver","All Out Attack+1","Bane+1","Flying Knee+1"],"picked":"SKIP","floor":45},{"not_picked":["Predator+1","Distraction","Deadly Poison"],"picked":"Blade Dance","floor":46},{"not_picked":["Unload+1","Reflex","Bane+1"],"picked":"Doppelganger","floor":48},{"not_picked":["Deflect","Deadly Poison","Underhanded Strike+1"],"picked":"Footwork","floor":55}],"player_experience":438844,"relics_obtained":[{"floor":7.0,"key":"Prayer Wheel"},{"floor":9.0,"key":"Art of War"},{"floor":12.0,"key":"InkBottle"},{"floor":23.0,"key":"Mercury Hourglass"},{"floor":26.0,"key":"Question Card"},{"floor":29.0,"key":"Bronze Scales"},{"floor":41,"key":"Calipers"},{"floor":46,"key":"Thread and Needle"},{"floor":48,"key":"Vajra"},{"floor":55,"key":"Ninja Scroll"}],"event_choices":[{"cards_removed":["Strike_G"],"damage_healed":0.0,"max_hp_gain":0.0,"max_hp_loss":0.0,"gold_gain":0.0,"event_name":"Golden Wing","player_choice":"Card Removal","floor":3.0,"gold_loss":0.0,"damage_taken":7.0},{"cards_removed":["Dagger Spray"],"damage_healed":0.0,"max_hp_gain":0.0,"max_hp_loss":0.0,"gold_gain":0.0,"event_name":"WeMeetAgain","player_choice":"Gave Card","floor":4.0,"gold_loss":0.0,"damage_taken":0.0,"relics_obtained":["Molten Egg 2"]},{"damage_healed":0.0,"max_hp_gain":0.0,"max_hp_loss":0.0,"gold_gain":0.0,"event_name":"Back to Basics","player_choice":"Simplicity","floor":20.0,"gold_loss":0.0,"damage_taken":0.0,"cards_upgraded":["Strike_G","Strike_G","Strike_G","Strike_G","Defend_G","Defend_G","Defend_G","Defend_G","Defend_G"]},{"damage_healed":0.0,"max_hp_gain":0.0,"max_hp_loss":0.0,"gold_gain":0.0,"event_name":"Drug Dealer","player_choice":"Inject Mutagens","floor":22.0,"gold_loss":0.0,"damage_taken":0.0,"relics_obtained":["MutagenicStrength"]},{"damage_healed":0.0,"max_hp_gain":0.0,"max_hp_loss":0.0,"gold_gain":50.0,"event_name":"Nest","player_choice":"Stole From Cult","floor":27.0,"gold_loss":0.0,"damage_taken":0.0},{"damage_healed":0.0,"max_hp_gain":0.0,"max_hp_loss":20.0,"gold_gain":0.0,"event_name":"Vampires","player_choice":"Became a vampire","floor":28.0,"gold_loss":0.0,"damage_taken":0.0,"cards_obtained":["Bite","Bite","Bite","Bite","Bite"]},{"damage_healed":0,"gold_gain":0,"player_choice":"Ignored","damage_taken":0,"max_hp_gain":0,"max_hp_loss":0,"event_name":"SecretPortal","floor":38,"gold_loss":0}],"is_beta":false,"boss_relics":[{"not_picked":["Coffee Dripper","Runic Dome"],"picked":"Cursed Key"},{"not_picked":["Astrolabe","Philosopher\u0027s Stone"],"picked":"Fusion Hammer"}],"items_purged_floors":[30,47,54],"is_endless":false,"potions_floor_spawned":[12,13,16,21,24,29,31,33,37,39,45,46,55],"killed_by":"The Heart","ascension_level":20}}