{"host":"9pm4ffml2aj85aj7","time":1614168397,"event":{"mods":["Act Like it!","BaseMod","BetterRewards","Bossed Relics","Gensokyo","GifTheSpireLib","Library of Ruina","Library of Ruina Extra","Lobotomy","LobotomyExtend","Minty Spire (QoL Compilation)","Relic Filter Mod","Remilia£®¿Ÿ√◊¿Ú—«£©","Replay The Spire","Shop Mod","StSLib","The Jungle","Wide Potions"],"gold_per_floor":[115,127,52,52,52,82,109,109,134,134,165,165,88,88,88,193,193,193,93,112,112,212,212,227,327,350,350,350,350,450,450,450,552,552,563,563,563,287,287,287,287,137,164,164,182,182,182,27,27,27,27],"floor_reached":52,"language":"ZHS","playtime":1360,"items_purged":["TrimTheIngredients","Zzzzzap","Shame","Unlock1"],"score":802,"play_id":"952c1bf3-8bc1-4272-a455-2d6f191048a3","local_time":"20210224200637","daily_mods":["SealedDeck","Vintage","Time Dilation","Flight","Lethality"],"is_ascension_mode":false,"campfire_choices":[{"data":"UndertakePrescript","floor":8,"key":"SMITH"},{"data":"Clone","floor":12,"key":"SMITH"},{"data":"PreemptiveStrike","floor":15,"key":"SMITH"},{"data":"FlashOfSunup","floor":23,"key":"SMITH"},{"data":"RushDown","floor":27,"key":"SMITH"},{"floor":32,"key":"DIG"},{"data":"TrashDisposal","floor":40,"key":"SMITH"},{"floor":41,"key":"REST"},{"floor":49,"key":"REST"}],"circlet_count":0,"master_deck":["UndertakePrescript+1","RushDown+1","Clone+1","SinglePointStab+1","SinglePointStab+1","FlashOfSunup+1","PreemptiveStrike+1","UnforgettableMelody+1","TrashDisposal+1"],"relics":["PageOfLibrarian","Lantern","LetterFromLob","Pear","NeowsBlessing","Onion Ring","PageOfAlriune","Juzu Bracelet","Anchor","Replay:Bottled Eggs","MagicBullet_r","LaetitiaHeart","Ancient Tea Set","theJungle:SneckoAutograph","PageOfTodaysShyLook","ScarletDevilRocket","Durian","PageOfSnowWhitesApple","NeowsBlessing","Sling","PageOfRedShoes","Blood Vial","Boot","NeowsBlessing","Lee\u0027s Waffle"],"acts_visited":["Exordium","theJungle:Jungle","TheBeyond"],"potions_floor_usage":[16,16,33],"damage_taken":[{"damage":0,"enemies":"2 Louse","floor":1,"turns":1},{"damage":0,"enemies":"Cultist","floor":2,"turns":1},{"damage":0,"enemies":"Lagavulin","floor":6,"turns":1},{"damage":0,"enemies":"Gremlin Nob","floor":7,"turns":1},{"damage":0,"enemies":"3 Sentries","floor":11,"turns":1},{"damage":0,"enemies":"Fading Forest","floor":16,"turns":5},{"damage":0,"enemies":"theJungle:GiantWrat","floor":18,"turns":1},{"damage":0,"enemies":"theJungle:GiantWrat","floor":18,"turns":1},{"damage":0,"enemies":"theJungle:GiantWrat","floor":20,"turns":1},{"damage":0,"enemies":"Shell Parasite","floor":24,"turns":1},{"damage":0,"enemies":"theJungle:QueenSpyder","floor":33,"turns":1},{"damage":17,"enemies":"3 Shapes","floor":35,"turns":2},{"damage":20,"enemies":"Orb Walker","floor":45,"turns":1},{"damage":0,"enemies":"Time Eater","floor":50,"turns":1},{"damage":0,"enemies":"Time Eater","floor":51,"turns":1}],"seed_played":"5501215837395377292","potions_obtained":[{"floor":11,"key":"EntropicBrew"},{"floor":16,"key":"Flashbang"},{"floor":24,"key":"Block Potion"}],"is_trial":true,"path_per_floor":["M","M","$","WH","WH","E","E","R","T","WH","E","R","$","WH","R","B",null,"M","$","M","?","WH","R","M","WH","T","R","WH","WH","WH","?","R","B",null,"M","WH","WH","$","?","R","R","$","T","WH","M","WH","WH","$","R","B",null,null],"character_chosen":"Librarian","items_purchased":["UnforgettableMelody","Sling","Lee\u0027s Waffle"],"campfire_rested":2,"item_purchase_floors":[13,38,48],"current_hp_per_floor":[60,70,70,70,70,70,70,70,70,70,70,70,70,70,70,77,87,87,87,87,87,87,87,87,87,87,87,87,87,87,87,92,92,92,75,75,75,75,75,75,92,92,92,101,83,93,93,118,102,102,102],"gold":27,"neow_bonus":"THREE_ENEMY_KILL","is_daily":false,"chose_seed":false,"campfire_upgraded":6,"win_rate":0.0,"timestamp":1614168397,"path_taken":["M","M","$","WH","WH","E","E","R","T","WH","E","R","$","WH","R","BOSS","M","$","M","?","WH","R","M","WH","T","R","WH","WH","WH","?","R","BOSS","M","WH","WH","$","?","R","R","$","T","WH","M","WH","WH","$","R","BOSS"],"items_purchased_type":["Card","Relic","Relic"],"build_version":"2020-12-22","purchased_purges":4,"victory":true,"max_hp_per_floor":[68,78,78,78,78,78,78,78,78,78,77,77,77,77,77,87,87,87,87,87,87,87,87,87,87,87,87,87,87,87,87,92,92,92,92,92,92,92,92,92,92,92,92,101,101,111,111,118,102,102,102],"card_choices":[{"not_picked":["WrathOfTorment","EnergyCycle","MultiHit","FleetEdge","SilentMist","QuickSuppression","WildCard","EnergyConversion","FierceOnslaught"],"picked":"SKIP","floor":6},{"not_picked":["KeepItFresh","ScratchThat","Overcharge","TendonChords","HighKick","Outburst","SunsetBlade","Thrust","Rewind"],"picked":"SKIP","floor":7},{"not_picked":["ShockingBlow","Eject","EnergyBeam","HandleRequest","Parry","ToOvercomeCrisis","RepressedFlesh","ChargeUp","DevastatingThrash"],"picked":"SKIP","floor":11}],"player_experience":59338,"relics_obtained":[{"floor":1,"key":"Lantern"},{"floor":1,"key":"LetterFromLob"},{"floor":2,"key":"Pear"},{"floor":6,"key":"Onion Ring"},{"floor":7,"key":"PageOfAlriune"},{"floor":9,"key":"Juzu Bracelet"},{"floor":11,"key":"Replay:Bottled Eggs"},{"floor":20,"key":"Ancient Tea Set"},{"floor":24,"key":"PageOfTodaysShyLook"},{"floor":26,"key":"ScarletDevilRocket"},{"floor":32,"key":"Durian"},{"floor":35,"key":"PageOfSnowWhitesApple"},{"floor":43,"key":"Blood Vial"},{"floor":45,"key":"Boot"}],"event_choices":[{"damage_healed":0,"gold_gain":0,"player_choice":"Bought 0 Potions","damage_taken":0,"max_hp_gain":0,"max_hp_loss":0,"event_name":"The Woman in Blue","floor":31,"gold_loss":0},{"damage_healed":0,"gold_gain":0,"player_choice":"Memory 1","damage_taken":0,"max_hp_gain":0,"max_hp_loss":0,"event_name":"SensoryStone","floor":39,"gold_loss":0}],"is_beta":false,"boss_relics":[{"not_picked":["Tiny House","ReplayTheSpireMod:DimensionalGlitch","Velvet Choker"]},{"not_picked":["Runic Dome","Abe\u0027s Treasure","Replay:Drink Me"]}],"items_purged_floors":[3,19,38,42],"is_endless":false,"potions_floor_spawned":[11,16,18,24],"ascension_level":0}}