{"host":"00olc56ucl6mk3pv","time":1614152020,"event":{"mods":["AchievementEnabler","BaseMod","Keyboard Shortcuts","Minty Spire (QoL Compilation)","Quick Restart","SuperFastMode"],"gold_per_floor":[110,110,122,122,18,52,52,78,130,205,205,205,215,241,241,315,315,330,330,343,343,343,371,371,386,438,452,452,552,74,109,109,186,186,202,9,22,38,48,48,79,79,103,103,130,130,130,140,140,140,140,140,140,49,49,49],"floor_reached":55,"language":"KOR","playtime":3787,"items_purged":["Strike_B","Strike_B","Strike_B"],"score":1908,"play_id":"2eb87bf2-ff17-4196-afbc-5a663fb1ba5f","local_time":"20210224163340","is_ascension_mode":true,"campfire_choices":[{"data":"Dualcast","floor":7.0,"key":"SMITH"},{"floor":11.0,"key":"REST"},{"data":"Darkness","floor":15.0,"key":"SMITH"},{"floor":24.0,"key":"REST"},{"data":"Ghostly","floor":28.0,"key":"SMITH"},{"data":"Ghostly","floor":32.0,"key":"SMITH"},{"data":"Coolheaded","floor":40.0,"key":"SMITH"},{"data":"Coolheaded","floor":42.0,"key":"SMITH"},{"floor":46.0,"key":"REST"},{"floor":49.0,"key":"RECALL"},{"data":"Heatsinks","floor":53.0,"key":"SMITH"}],"circlet_count":0,"master_deck":["AscendersBane","Defend_B","Defend_B+1","Defend_B","Defend_B+1","Zap+1","Dualcast+1","Ball Lightning","Biased Cognition+1","Sweeping Beam","Ball Lightning","Darkness+1","Coolheaded+1","Conserve Battery","Turbo","Core Surge","Self Repair","Ghostly+1","Ghostly+1","Ghostly+1","Redo+1","Leap+1","Coolheaded+1","Heatsinks+1","Biased Cognition","Hologram+1","Cold Snap","Loop","Aggregate+1","Compile Driver","Compile Driver","Hologram","Electrodynamics","Loop"],"relics":["FrozenCore","NeowsBlessing","Omamori","Ginger","Potion Belt","Matryoshka","Happy Flower","Velvet Choker","Question Card","Ancient Tea Set","Vajra","Pocketwatch","InkBottle","Strange Spoon","War Paint","Orrery","Turnip","Bronze Scales","Smiling Mask"],"acts_visited":["Exordium","TheCity","TheBeyond","TheEnding"],"potions_floor_usage":[],"damage_taken":[{"damage":0.0,"enemies":"Jaw Worm","floor":1.0,"turns":1.0},{"damage":0.0,"enemies":"2 Louse","floor":3.0,"turns":1.0},{"damage":0.0,"enemies":"Lagavulin","floor":6.0,"turns":1.0},{"damage":11.0,"enemies":"Gremlin Nob","floor":8.0,"turns":3.0},{"damage":3.0,"enemies":"Small Slimes","floor":13.0,"turns":2.0},{"damage":9.0,"enemies":"3 Sentries","floor":14.0,"turns":5.0},{"damage":9.0,"enemies":"The Guardian","floor":16.0,"turns":8.0},{"damage":11.0,"enemies":"Spheric Guardian","floor":18.0,"turns":4.0},{"damage":23.0,"enemies":"Shell Parasite","floor":20.0,"turns":4.0},{"damage":16.0,"enemies":"Slavers","floor":23.0,"turns":7.0},{"damage":12.0,"enemies":"Centurion and Healer","floor":25.0,"turns":6.0},{"damage":0.0,"enemies":"Snecko","floor":27.0,"turns":4.0},{"damage":16.0,"enemies":"Colosseum Slavers","floor":29.0,"turns":4.0},{"damage":0.0,"enemies":"Colosseum Nobs","floor":29.0,"turns":5.0},{"damage":6.0,"enemies":"Book of Stabbing","floor":31.0,"turns":5.0},{"damage":13.0,"enemies":"Collector","floor":33.0,"turns":14.0},{"damage":1.0,"enemies":"3 Darklings","floor":35.0,"turns":5.0},{"damage":0.0,"enemies":"Orb Walker","floor":37.0,"turns":5.0},{"damage":35.0,"enemies":"Sphere and 2 Shapes","floor":38.0,"turns":9.0},{"damage":0.0,"enemies":"Writhing Mass","floor":39.0,"turns":7.0},{"damage":1.0,"enemies":"Reptomancer","floor":41.0,"turns":9.0},{"damage":17.0,"enemies":"Nemesis","floor":45.0,"turns":7.0},{"damage":0.0,"enemies":"Maw","floor":48.0,"turns":8.0},{"damage":3.0,"enemies":"Donu and Deca","floor":50.0,"turns":12.0},{"damage":22.0,"enemies":"Time Eater","floor":51.0,"turns":14.0},{"damage":31,"enemies":"Shield and Spear","floor":55,"turns":5}],"seed_played":"6406254102708860960","potions_obtained":[{"floor":1.0,"key":"Swift Potion"},{"floor":6.0,"key":"ColorlessPotion"},{"floor":14.0,"key":"DuplicationPotion"},{"floor":18.0,"key":"Strength Potion"},{"floor":20.0,"key":"SkillPotion"},{"floor":27.0,"key":"Dexterity Potion"},{"floor":29.0,"key":"FearPotion"},{"floor":35.0,"key":"FearPotion"},{"floor":41.0,"key":"Strength Potion"},{"floor":45.0,"key":"Dexterity Potion"}],"is_trial":false,"path_per_floor":["M","?","M","?","$","E","R","E","T","?","R","?","M","E","R","B",null,"M","?","M","?","?","E","R","M","T","M","R","?","$","E","R","B",null,"M","$","M","M","M","R","E","R","T","?","E","R","?","M","R","B","B",null,"R","$","E"],"character_chosen":"DEFECT","items_purchased":["Ball Lightning","Coolheaded","PotionOfCapacity","Strange Spoon","Heatsinks","Orrery","Compile Driver","Loop"],"campfire_rested":3,"item_purchase_floors":[5,30,30,30,30,36,36,54],"current_hp_per_floor":[64,64,64,43,43,43,43,32,32,21,42,31,28,19,19,10,56,45,45,29,29,22,13,25,20,20,27,27,25,25,26,26,20,35,40,40,40,12,12,12,18,18,18,18,8,20,20,27,27,31,9,31,31,31,0,0],"gold":49,"neow_bonus":"THREE_ENEMY_KILL","is_daily":false,"chose_seed":false,"campfire_upgraded":7,"win_rate":0.0,"timestamp":1614152020,"path_taken":["M","?","M","?","$","E","R","E","T","?","R","?","M","E","R","BOSS","M","?","?","?","?","E","R","M","T","M","R","?","$","E","R","BOSS","M","$","M","M","M","R","E","R","T","?","E","R","?","M","R","BOSS","BOSS","R","$","E"],"items_purchased_type":["Card","Card","Potion","Relic","Card","Relic","Card","Card"],"build_version":"2020-12-22","purchased_purges":3,"victory":false,"max_hp_per_floor":[71,71,71,71,71,71,71,71,71,71,71,71,71,71,71,71,71,71,71,71,35,40,40,40,40,40,40,40,40,40,40,40,40,40,40,40,40,40,40,40,40,40,40,40,40,40,38,38,38,38,38,38,38,38,38,38],"card_choices":[{"not_picked":["Reprogram","Steam"],"picked":"Ball Lightning","floor":1.0},{"not_picked":["Barrage","Redo"],"picked":"Sweeping Beam","floor":3.0},{"not_picked":["Reboot","Steam Power"],"picked":"Darkness","floor":6.0},{"not_picked":["FTL","Fusion"],"picked":"Coolheaded","floor":8.0},{"not_picked":["Tempest","Self Repair"],"picked":"Conserve Battery","floor":13.0},{"not_picked":["Rebound","Multi-Cast"],"picked":"Turbo","floor":14.0},{"not_picked":["Meteor Strike","Creative AI"],"picked":"Core Surge","floor":16.0},{"not_picked":["Sunder","Conserve Battery"],"picked":"Self Repair","floor":18.0},{"not_picked":["Blizzard","Force Field","Scrape"],"picked":"SKIP","floor":20.0},{"not_picked":["Storm","Amplify","Streamline+1"],"picked":"SKIP","floor":23.0},{"not_picked":["Leap","Barrage","Fusion"],"picked":"Redo+1","floor":25.0},{"not_picked":["Beam Cell","Ball Lightning","Go for the Eyes"],"picked":"Leap+1","floor":27.0},{"not_picked":["Steam","Auto Shields","Steam Power","Sweeping Beam"],"picked":"SKIP","floor":31.0},{"not_picked":["Rainbow","Amplify","Multi-Cast"],"picked":"Biased Cognition","floor":33.0},{"not_picked":["Darkness","Sunder+1","FTL"],"picked":"Hologram+1","floor":35.0},{"not_picked":["Lockon","Redo","Conserve Battery"],"picked":"Creative AI","floor":36.0},{"not_picked":["Stack","Go for the Eyes","Rebound"],"picked":"Cold Snap","floor":36.0},{"not_picked":["Hologram","Seek","Sunder"],"picked":"Loop","floor":36.0},{"not_picked":["Stack","Thunder Strike","Gash+1"],"picked":"Aggregate+1","floor":36.0},{"not_picked":["Sweeping Beam+1","Sunder+1","Cold Snap","Compile Driver"],"picked":"SKIP","floor":37.0},{"not_picked":["Sweeping Beam+1","Sunder+1","Cold Snap"],"picked":"Compile Driver","floor":37.0},{"not_picked":["Turbo","Static Discharge","Compile Driver+1","Self Repair"],"picked":"SKIP","floor":38.0},{"not_picked":["Barrage+1","Leap","Coolheaded"],"picked":"Hologram","floor":39.0},{"not_picked":["Creative AI","Fission","Coolheaded"],"picked":"Electrodynamics","floor":41.0},{"not_picked":["Go for the Eyes","Conserve Battery+1","Chaos","Barrage+1"],"picked":"SKIP","floor":45.0},{"not_picked":["Ball Lightning","Hologram","Lockon+1","Loop"],"picked":"SKIP","floor":48.0}],"player_experience":614011,"relics_obtained":[{"floor":6.0,"key":"Omamori"},{"floor":8.0,"key":"Ginger"},{"floor":9.0,"key":"Potion Belt"},{"floor":14.0,"key":"Happy Flower"},{"floor":23.0,"key":"Question Card"},{"floor":26.0,"key":"Ancient Tea Set"},{"floor":26.0,"key":"Vajra"},{"floor":29.0,"key":"Pocketwatch"},{"floor":29.0,"key":"InkBottle"},{"floor":31.0,"key":"War Paint"},{"floor":41.0,"key":"Turnip"},{"floor":43.0,"key":"Bronze Scales"},{"floor":45.0,"key":"Smiling Mask"}],"event_choices":[{"damage_healed":0.0,"max_hp_gain":0.0,"max_hp_loss":0.0,"gold_gain":0.0,"cards_transformed":["Strike_B"],"event_name":"Living Wall","player_choice":"Change","floor":2.0,"gold_loss":0.0,"damage_taken":0.0,"cards_obtained":["Biased Cognition"]},{"damage_healed":0.0,"max_hp_gain":0.0,"max_hp_loss":0.0,"gold_gain":0.0,"event_name":"Shining Light","player_choice":"Entered Light","floor":4.0,"gold_loss":0.0,"damage_taken":21.0,"cards_upgraded":["Zap","Defend_B"]},{"damage_healed":0.0,"max_hp_gain":0.0,"max_hp_loss":0.0,"gold_gain":75.0,"event_name":"World of Goop","player_choice":"Gather Gold","floor":10.0,"gold_loss":0.0,"damage_taken":11.0},{"damage_healed":0.0,"max_hp_gain":0.0,"max_hp_loss":0.0,"gold_gain":0.0,"event_name":"Scrap Ooze","player_choice":"Success","floor":12.0,"gold_loss":0.0,"damage_taken":11.0,"relics_obtained":["Matryoshka"]},{"damage_healed":0.0,"max_hp_gain":0.0,"max_hp_loss":0.0,"gold_gain":0.0,"event_name":"Upgrade Shrine","player_choice":"Upgraded","floor":19.0,"gold_loss":0.0,"damage_taken":0.0,"cards_upgraded":["Biased Cognition"]},{"damage_healed":0.0,"max_hp_gain":0.0,"max_hp_loss":36.0,"gold_gain":0.0,"event_name":"Ghosts","player_choice":"Became a Ghost","floor":21.0,"gold_loss":0.0,"damage_taken":0.0,"cards_obtained":["Ghostly","Ghostly","Ghostly"]},{"damage_healed":0.0,"max_hp_gain":5.0,"max_hp_loss":0.0,"gold_gain":0.0,"event_name":"Forgotten Altar","player_choice":"Shed Blood","floor":22.0,"gold_loss":0.0,"damage_taken":12.0},{"damage_healed":0.0,"max_hp_gain":0.0,"max_hp_loss":0.0,"gold_gain":0.0,"event_name":"Colosseum","player_choice":"Fight","floor":29.0,"gold_loss":0.0,"damage_taken":0.0},{"damage_healed":0.0,"max_hp_gain":0.0,"max_hp_loss":0.0,"gold_gain":0.0,"event_name":"Colosseum","player_choice":"Fought Nobs","floor":29.0,"gold_loss":0.0,"damage_taken":0.0},{"cards_removed":["Creative AI"],"damage_healed":0.0,"max_hp_gain":0.0,"max_hp_loss":0.0,"gold_gain":0.0,"event_name":"Falling","player_choice":"Removed Power","floor":44.0,"gold_loss":0.0,"damage_taken":0.0},{"damage_healed":0.0,"max_hp_gain":0.0,"max_hp_loss":2.0,"gold_gain":0.0,"event_name":"Winding Halls","player_choice":"Max HP","floor":47.0,"gold_loss":0.0,"damage_taken":0.0}],"is_beta":false,"boss_relics":[{"not_picked":["Ectoplasm","Fusion Hammer"],"picked":"Velvet Choker"},{"not_picked":["Runic Dome","Philosopher\u0027s Stone"],"picked":"FrozenCore"}],"items_purged_floors":[5,30,54],"is_endless":false,"potions_floor_spawned":[1,6,14,18,20,27,29,29,35,41,45],"killed_by":"Shield and Spear","ascension_level":20}}