{"host":"tlbbab9afexrkdtf","time":1614199016,"event":{"mods":["2.2 Compatiblity","AchievementEnabler","BaseMod","Colored Map","Colored Powertips","Minty Spire (QoL Compilation)","Rare Cards Sparkle","StSLib"],"gold_per_floor":[111,111,111,127,139,167,167,184,184,184,200,221,233,233,233,328,328,346,346,363,363,108,108,108,108],"floor_reached":24,"language":"ENG","playtime":744,"items_purged":[],"score":246,"play_id":"724e8318-a638-4c6a-b6d3-6a017ce3faee","local_time":"20210224153656","is_ascension_mode":false,"campfire_choices":[{"data":"DeusExMachina","floor":7,"key":"SMITH"},{"floor":15,"key":"REST"},{"floor":23,"key":"REST"}],"circlet_count":0,"master_deck":["Eruption","Vigilance","CarveReality","Wallop+1","DeusExMachina+1","CrushJoints","TalkToTheHand","Jack Of All Trades","Consecrate","EmptyBody","CrushJoints+1","DeusExMachina","Perseverance","Ragnarok","DevaForm","BattleHymn","Establishment","Omniscience","ThirdEye","InnerPeace+1","Omniscience","ReachHeaven"],"relics":["PureWater","WingedGreaves","Torii","Turnip","Odd Mushroom","Pandora\u0027s Box","Nilry\u0027s Codex","Matryoshka"],"acts_visited":["Exordium","TheCity"],"potions_floor_usage":[6,6,11,16,24,24],"damage_taken":[{"damage":4,"enemies":"Small Slimes","floor":1,"turns":3},{"damage":0,"enemies":"Cultist","floor":4,"turns":2},{"damage":3,"enemies":"Jaw Worm","floor":5,"turns":2},{"damage":20,"enemies":"Gremlin Nob","floor":6,"turns":5},{"damage":0,"enemies":"Lots of Slimes","floor":8,"turns":3},{"damage":2,"enemies":"Large Slime","floor":11,"turns":4},{"damage":27,"enemies":"The Mushroom Lair","floor":12,"turns":3},{"damage":10,"enemies":"3 Louse","floor":13,"turns":2},{"damage":0,"enemies":"Slime Boss","floor":16,"turns":3},{"damage":0,"enemies":"Chosen","floor":18,"turns":4},{"damage":31,"enemies":"Spheric Guardian","floor":20,"turns":4},{"damage":46,"enemies":"Book of Stabbing","floor":24,"turns":5}],"seed_played":"612374702284556496","potions_obtained":[{"floor":1,"key":"PowerPotion"},{"floor":5,"key":"Regen Potion"},{"floor":8,"key":"Ancient Potion"},{"floor":11,"key":"Fruit Juice"},{"floor":13,"key":"ColorlessPotion"},{"floor":18,"key":"SpeedPotion"},{"floor":20,"key":"PowerPotion"}],"is_trial":false,"path_per_floor":["M","?","$","M","M","E","R","M","T","?","M","?","M","?","R","B",null,"M","?","M","?","$","R","E"],"character_chosen":"WATCHER","items_purchased":["Matryoshka"],"campfire_rested":2,"item_purchase_floors":[22],"current_hp_per_floor":[61,65,65,65,62,51,51,51,51,51,54,27,17,3,24,24,70,70,70,39,23,23,44,0,0],"gold":108,"neow_bonus":"ONE_RARE_RELIC","is_daily":false,"chose_seed":false,"campfire_upgraded":1,"win_rate":0.0,"timestamp":1614199016,"path_taken":["M","?","$","M","?","E","R","M","T","?","?","?","M","?","R","BOSS","M","?","?","?","$","R","E"],"items_purchased_type":["Relic"],"build_version":"2020-12-22","purchased_purges":0,"victory":false,"max_hp_per_floor":[65,65,65,65,65,65,65,65,65,65,70,70,70,70,70,70,70,70,70,70,70,70,70,70,70],"card_choices":[{"not_picked":["Study","Consecrate"],"picked":"SignatureMove","floor":1},{"not_picked":["FlyingSleeves","Crescendo"],"picked":"CarveReality","floor":4},{"not_picked":["ReachHeaven","Nirvana"],"picked":"Wallop","floor":5},{"not_picked":["ClearTheMind","Consecrate"],"picked":"DeusExMachina","floor":6},{"not_picked":["EmptyMind","Evaluate"],"picked":"CrushJoints","floor":8},{"not_picked":["CrushJoints","EmptyFist"],"picked":"Consecrate","floor":11},{"not_picked":["Protect","Pray"],"picked":"EmptyBody","floor":12},{"not_picked":["Protect","Crescendo"],"picked":"CrushJoints","floor":13},{"not_picked":["Omniscience","Establishment"],"picked":"DeusExMachina","floor":16},{"not_picked":["Consecrate","EmptyFist+1"],"picked":"InnerPeace+1","floor":18},{"not_picked":["Evaluate","Protect"],"picked":"ReachHeaven","floor":20}],"player_experience":363084,"relics_obtained":[{"floor":6,"key":"Torii"},{"floor":9,"key":"Turnip"},{"floor":12,"key":"Odd Mushroom"},{"floor":21,"key":"Nilry\u0027s Codex"}],"event_choices":[{"cards_removed":["SignatureMove"],"damage_healed":4,"gold_gain":0,"player_choice":"Offered Uncommon","damage_taken":0,"max_hp_gain":0,"max_hp_loss":0,"event_name":"Bonfire Elementals","floor":2,"gold_loss":0},{"damage_healed":0,"gold_gain":0,"player_choice":"2 cards matched","damage_taken":0,"max_hp_gain":0,"max_hp_loss":0,"event_name":"Match and Keep!","floor":10,"gold_loss":0,"cards_obtained":["TalkToTheHand","Jack Of All Trades"]},{"damage_healed":0,"gold_gain":0,"player_choice":"Fought Mushrooms","damage_taken":0,"max_hp_gain":0,"max_hp_loss":0,"event_name":"Mushrooms","floor":12,"gold_loss":0},{"damage_healed":0,"gold_gain":0,"player_choice":"Entered Light","damage_taken":14,"max_hp_gain":0,"max_hp_loss":0,"event_name":"Shining Light","floor":14,"gold_loss":0,"cards_upgraded":["Wallop","CrushJoints"]},{"damage_healed":0,"gold_gain":0,"cards_transformed":["Nirvana"],"player_choice":"Transformed","damage_taken":0,"max_hp_gain":0,"max_hp_loss":0,"event_name":"Transmorgrifier","floor":19,"gold_loss":0,"cards_obtained":["Omniscience"]},{"damage_healed":0,"gold_gain":0,"player_choice":"Obtained Book","damage_taken":16,"max_hp_gain":0,"max_hp_loss":0,"event_name":"Cursed Tome","floor":21,"gold_loss":0}],"is_beta":false,"boss_relics":[{"not_picked":["Coffee Dripper","Runic Dome"],"picked":"Pandora\u0027s Box"}],"items_purged_floors":[],"is_endless":false,"potions_floor_spawned":[1,5,8,11,13,18,20],"killed_by":"Book of Stabbing","ascension_level":0}}