{"host":"f5n4tidiz2n5sooh","time":1614161002,"event":{"mods":["BaseMod","Colored Map","Minty Spire (QoL Compilation)","Relic Stats","StSLib"],"gold_per_floor":[114,131,145,145,145,145,172,28,28,28,28],"floor_reached":10,"language":"ENG","playtime":191,"items_purged":[],"score":132,"play_id":"935957b6-0472-4de4-a1fe-42bf4346d1be","local_time":"20210224040322","is_ascension_mode":true,"campfire_choices":[{"data":"Zap","floor":6,"key":"SMITH"}],"circlet_count":0,"master_deck":["AscendersBane","Strike_B","Strike_B","Strike_B","Defend_B","Defend_B","Defend_B","Defend_B","Zap+1","Dualcast","All For One","Ball Lightning","Compile Driver","FTL","Sweeping Beam+1","Sunder+1"],"relics":["Cracked Core","Molten Egg 2","Nunchaku","Regal Pillow"],"acts_visited":["Exordium"],"potions_floor_usage":[3,10],"damage_taken":[{"damage":9,"enemies":"Jaw Worm","floor":1,"turns":3},{"damage":0,"enemies":"Small Slimes","floor":2,"turns":2},{"damage":0,"enemies":"2 Louse","floor":3,"turns":1},{"damage":36,"enemies":"Gremlin Nob","floor":7,"turns":4},{"damage":2,"enemies":"3 Sentries","floor":10,"turns":1}],"seed_played":"1107944705949743775","potions_obtained":[{"floor":2,"key":"Explosive Potion"},{"floor":7,"key":"BlessingOfTheForge"}],"is_trial":false,"path_per_floor":["M","M","M","?","?","R","E","$","T","E"],"character_chosen":"DEFECT","items_purchased":["FocusPotion","Sunder+1"],"campfire_rested":0,"item_purchase_floors":[8,8],"current_hp_per_floor":[55,55,55,44,37,37,1,1,1,0,0],"gold":28,"neow_bonus":"THREE_RARE_CARDS","is_daily":false,"chose_seed":false,"campfire_upgraded":1,"win_rate":0.0,"timestamp":1614161002,"path_taken":["M","M","M","?","?","R","E","$","T","E"],"items_purchased_type":["Potion","Card"],"build_version":"2020-12-22","purchased_purges":0,"victory":false,"max_hp_per_floor":[64,64,64,64,64,64,64,64,64,64,64],"relic_stats":{"Nunchaku":[0],"Regal Pillow":0,"counters":[5,11],"obtain_stats":[{"Nunchaku":7,"Regal Pillow":9,"Molten Egg 2":4,"Cracked Core":0},{"Nunchaku":4,"Regal Pillow":4,"Molten Egg 2":3,"Cracked Core":0},{"Nunchaku":10,"Regal Pillow":10,"Molten Egg 2":6,"Cracked Core":0}]},"card_choices":[{"not_picked":["Machine Learning","Seek"],"picked":"All For One","floor":0},{"not_picked":["Coolheaded","Capacitor"],"picked":"Ball Lightning","floor":1},{"not_picked":["Steam","Undo"],"picked":"Compile Driver","floor":2},{"not_picked":["Turbo","Steam"],"picked":"FTL","floor":3},{"not_picked":["Rainbow","Darkness"],"picked":"Sweeping Beam+1","floor":7}],"player_experience":2085341,"relics_obtained":[{"floor":7,"key":"Nunchaku"},{"floor":9,"key":"Regal Pillow"}],"event_choices":[{"damage_healed":0,"gold_gain":0,"player_choice":"Success","damage_taken":11,"relics_obtained":["Molten Egg 2"],"max_hp_gain":0,"max_hp_loss":0,"event_name":"Scrap Ooze","floor":4,"gold_loss":0},{"cards_removed":["Strike_B"],"damage_healed":0,"gold_gain":0,"player_choice":"Card Removal","damage_taken":7,"max_hp_gain":0,"max_hp_loss":0,"event_name":"Golden Wing","floor":5,"gold_loss":0}],"is_beta":false,"boss_relics":[],"items_purged_floors":[],"is_endless":false,"potions_floor_spawned":[2,7],"killed_by":"3 Sentries","ascension_level":20}}