{"host":"2d926qfvvz477zl6","time":1614203204,"event":{"mods":["Aspiration","BaseMod","Challenge The Spire","Colorless Booster Pack","Conspire","Defective Defect","Downfall","GifTheSpireLib","Googly Eyes","GungeonMod","Halation","Hermit","Hubris","Infinite Spire","Minty Spire (QoL Compilation)","Morshu Shopkeeper","Permanent Neow","Poor People Problems","Quick Restart","Rare Cards Sparkle","Reliquary","Replay The Spire","Shedinja","Shop Mod","Somnambulant","Spicy Shops","StS++","StSLib","Stuff the Spire","Td1madao Mod","The Awakened One except there are too many feathers","The Blue Laboratory","The Bug Knight","The Construct","The Cursed","The Disciple","The Edgeheg","The Forsaken","The Hierophant","The Servant 0.9.4","TheFirefly","Uncapped","Useless Jewels Mod","Wandering Minibosses","Wide Potions","egg","everything is the same but u backflip on backflip","slay the spire mod where everything is the same but ironclad has a cowboy hat","thorton"],"gold_per_floor":[110,110,110,10,23,48,48,48,48],"floor_reached":8,"language":"ENG","playtime":186,"items_purged":[],"score":92,"play_id":"8fbbd655-2ff6-4f40-bed3-510252019d40","local_time":"20210224164644","is_ascension_mode":true,"campfire_choices":[{"data":"infinitespire:SevenWalls","floor":7,"key":"SMITH"}],"circlet_count":0,"master_deck":["AscendersBane","Strike_B","Strike_B","Strike_B","Strike_B","Defend_B","Defend_B","Defend_B","Defend_B","Zap","Dualcast","Panic Button","infinitespire:SevenWalls+1","Gash","Sweeping Beam","StuffTheSpire:Plugnplay","conspire:SharedLibrary"],"relics":["Cracked Core","aspiration:Nostalgia","hierophant:PropheticMaskRelic","hubris:Towel","DemoMod:GlassGuonStoneRelic","Orichalcum"],"acts_visited":["Exordium"],"potions_floor_usage":[8],"damage_taken":[{"damage":0,"enemies":"Cultist","floor":1,"turns":4},{"damage":7,"enemies":"Jaw Worm","floor":5,"turns":3},{"damage":34,"enemies":"3 Sentries","floor":6,"turns":7},{"damage":12,"enemies":"Gremlin Nob","floor":8,"turns":2}],"seed_played":"4532252967264650038","potions_obtained":[{"floor":6,"key":"AttackPotion"}],"is_trial":false,"path_per_floor":["M","?","?","$","M","E","R","E"],"character_chosen":"DEFECT","items_purchased":["Gash","Sweeping Beam"],"campfire_rested":0,"item_purchase_floors":[4,4],"current_hp_per_floor":[64,64,47,47,40,6,6,0,0],"gold":48,"neow_bonus":"NOSTALGIA","is_daily":false,"chose_seed":false,"campfire_upgraded":1,"win_rate":0.0,"timestamp":1614203204,"path_taken":["M","?","?","?","?","E","R","E"],"items_purchased_type":["Card","Card"],"build_version":"2020-12-22","purchased_purges":0,"victory":false,"max_hp_per_floor":[71,71,71,71,71,71,71,71,71],"card_choices":[{"not_picked":["StuffTheSpire:Plugnplay","Streamline"],"picked":"Panic Button","floor":1},{"not_picked":["infinitespire:Fortify","infinitespire:Starlight"],"picked":"infinitespire:SevenWalls","floor":3},{"not_picked":["Double Energy","Panic Button"],"picked":"StuffTheSpire:Plugnplay","floor":5},{"not_picked":["Machine Learning","Beam Cell"],"picked":"conspire:SharedLibrary","floor":6}],"player_experience":539797,"relics_obtained":[{"floor":6,"key":"Orichalcum"}],"event_choices":[],"is_beta":false,"boss_relics":[],"items_purged_floors":[],"is_endless":false,"potions_floor_spawned":[6],"killed_by":"Gremlin Nob","ascension_level":14}}