{"host":"i9wanet4r0ff4t9y","time":1614166932,"event":{"mods":["2.2 Compatiblity","Act Like it!","BaseMod","Bestiary","Better Altar","Better Match","Better Note","Better Sensory Stone","Better Skull","Better Third Choice","Better Vampires","BetterRewards","CapriCore","Colored Map","Conspire","Curses Come First","Downfall","Energized Spire","Hubris","Minty Spire (QoL Compilation)","Quick Restart","READ ME - Guardian Mod","READ ME - Snecko Mod","Relic Stats","Reliquary","Ruina","Say the Spire","Spicy Shops","StSLib","The Gatherer","Transform Curses","Waifu the Spire"],"gold_per_floor":[111,111,111,47,47,47,60,87,112,130,155,155,155,155,155,232,232,248,76,107,107,107,135,135,150,150,160,36,36,36,64,76,164,176,199,211,223,25,38,38,69,81,105,105,105,137,137,137,137,137,137],"floor_reached":50,"language":"POL","playtime":1522,"items_purged":[],"score":1476,"play_id":"6fe042d0-26e8-406f-9b33-9365942a32db","local_time":"20210224124212","is_ascension_mode":true,"campfire_choices":[{"data":"Mayhem","floor":6.0,"key":"SMITH"},{"floor":12.0,"key":"REST"},{"data":"Adrenaline","floor":15.0,"key":"SMITH"},{"floor":24.0,"key":"REST"},{"floor":30.0,"key":"REST"},{"floor":32.0,"key":"REST"},{"floor":40.0,"key":"REST"},{"floor":45.0,"key":"REST"},{"data":"1","floor":47.0,"key":"LIFT"},{"floor":49.0,"key":"REST"}],"circlet_count":0,"master_deck":["AscendersBane","Strike_R","Strike_R","Strike_R","Strike_R","Strike_R","Defend_R","Defend_R","Defend_R","Defend_R","Bash","Mayhem+1","Infernal Blade","Whirlwind","Second Wind","Adrenaline+1","Injury","Panache","Cleave","Reckless Charge","Hemokinesis","Bludgeon","Rage","Juggernaut","Cleave","Clothesline+1","Brutality","Offering","Feel No Pain","True Grit+1","Clash","Slimebound:CheckThePlaybook","downfall:Icky","Rampage+1","Anger","Rupture","Rage","Infernal Blade","Reaper","Anger+1","Writhe","Metallicize","Shockwave+1","hubris:SharpeningStone+1","Demon Form","Fiend Fire"],"relics":["Burning Blood","Regal Pillow","Lizard Tail","Vajra","hubris:SlimyHat","reliquary:PurpleTingedLeaf","Bag of Preparation","Bottled Tornado","hubris:Towel","conspire:RoyalGoblet","Orrery","Magic Flower","Nloth\u0027s Gift","Kunai","Blue Candle","Girya","MawBank","SacredBark","conspire:TreasureMap","reliquary:Crutches","reliquary:PorcupineQuills","Anchor","hubris:Icosahedron"],"acts_visited":["Exordium","TheCity","TheBeyond"],"potions_floor_usage":[],"damage_taken":[{"damage":2.0,"enemies":"conspire:RoseBush","floor":1.0,"turns":4.0},{"damage":0.0,"enemies":"2 Louse","floor":7.0,"turns":1.0},{"damage":11.0,"enemies":"Gremlin Nob","floor":8.0,"turns":3.0},{"damage":5.0,"enemies":"Small Slimes","floor":10.0,"turns":2.0},{"damage":39.0,"enemies":"3 Sentries","floor":11.0,"turns":6.0},{"damage":66.0,"enemies":"Hexaghost","floor":16.0,"turns":8.0},{"damage":15.0,"enemies":"Chosen","floor":18.0,"turns":4.0},{"damage":38.0,"enemies":"conspire:MimicChest","floor":20.0,"turns":5.0},{"damage":21.0,"enemies":"conspire:SneckoGhost","floor":23.0,"turns":5.0},{"damage":21.0,"enemies":"Shell Parasite","floor":25.0,"turns":3.0},{"damage":25.0,"enemies":"Shelled Parasite and Fungi","floor":27.0,"turns":2.0},{"damage":28.0,"enemies":"Book of Stabbing","floor":31.0,"turns":4.0},{"damage":82.0,"enemies":"Automaton","floor":33.0,"turns":8.0},{"damage":69.0,"enemies":"3 Darklings","floor":35.0,"turns":6.0},{"damage":44.0,"enemies":"Orb Walker","floor":39.0,"turns":4.0},{"damage":62.0,"enemies":"Giant Head","floor":41.0,"turns":6.0},{"damage":43.0,"enemies":"3 Darklings","floor":42.0,"turns":5.0},{"damage":52.0,"enemies":"Reptomancer","floor":46.0,"turns":4.0},{"damage":125,"enemies":"hubris:GrandSnecko","floor":50,"turns":9}],"seed_played":"8943572522431644338","potions_obtained":[{"floor":7.0,"key":"champ:CounterPotion"},{"floor":8.0,"key":"Energy Potion"},{"floor":20.0,"key":"Slimebound:ThreeZeroPotion"},{"floor":25.0,"key":"GamblersBrew"},{"floor":31.0,"key":"Fire Potion"},{"floor":35.0,"key":"Weak Potion"},{"floor":42.0,"key":"SneckoOil"}],"is_trial":false,"path_per_floor":["M","?","?","$","?","R","M","E","T","M","E","R","?","?","R","B",null,"M","$","?","?","?","E","R","M","T","M","$","T","R","E","R","B",null,"M","?","?","$","M","R","E","M","T","?","R","E","R","?","R","B"],"character_chosen":"IRONCLAD","items_purchased":["Regal Pillow","Lizard Tail","Vajra","Mayhem","Infernal Blade","Whirlwind","Lee\u0027s Waffle","Orrery","Rupture","Rage","conspire:TreasureMap","Metallicize"],"campfire_rested":7,"item_purchase_floors":[0,0,0,0,0,0,4,19,28,28,38,38],"current_hp_per_floor":[35,6,6,82,82,82,82,77,77,79,47,82,82,82,82,24,68,60,60,29,29,29,19,58,48,48,32,32,32,71,54,82,11,64,27,43,43,43,23,62,21,57,57,57,82,58,58,58,82,0,0],"gold":137,"neow_bonus":"","is_daily":false,"chose_seed":false,"campfire_upgraded":2,"win_rate":0.0,"timestamp":1614166932,"path_taken":["M","?","?","$","?","R","M","E","T","?","E","R","?","?","R","BOSS","M","$","?","?","?","E","R","?","T","M","?","?","R","E","R","BOSS","M","?","?","?","M","R","E","?","T","?","R","E","R","?","R","BOSS"],"items_purchased_type":["Relic","Relic","Relic","Card","Card","Card","Relic","Relic","Card","Card","Relic","Card"],"build_version":"2020-12-22","purchased_purges":0,"victory":false,"max_hp_per_floor":[75,75,75,82,82,82,82,82,82,82,82,82,82,82,82,82,82,82,82,82,82,82,82,82,82,82,82,82,82,82,82,82,82,82,82,82,82,82,82,82,82,82,82,82,82,82,82,82,82,82,82],"relic_stats":{"Regal Pillow":61,"Lizard Tail":62,"counters":[40,163],"Blue Candle":[18],"Magic Flower":[88],"Bag of Preparation":[56],"Nloth\u0027s Gift":10,"Kunai":[25],"MawBank":84,"obtain_stats":[{"hubris:Metronome":26,"Regal Pillow":0,"Gremlin Horn":40,"conspire:RoyalGoblet":17,"SacredBark":34,"Vajra":0,"Magic Flower":20,"Juzu Bracelet":19,"hubris:SlimyHat":2,"Bag of Preparation":9,"Bottled Tornado":11,"Burning Blood":0,"Lizard Tail":0,"hubris:Icosahedron":3,"Mummified Hand":11,"DollysMirror":19,"MealTicket":13,"Red Mask":42,"reliquary:FingerTrap":38,"Kunai":43,"Girya":29,"Lee\u0027s Waffle":4,"conspire:TreasureMap":38,"hubris:DuctTape":31,"Blue Candle":26,"Oddly Smooth Stone":22,"PreservedInsect":22,"reliquary:Spinner":27,"hubris:Towel":2,"Frozen Egg 2":9,"MawBank":31,"WarpedTongs":25,"bronze:BronzeIdol":38,"reliquary:Crutches":48,"SlaversCollar":34,"Anchor":22,"reliquary:PorcupineQuills":43,"reliquary:Craggleroot":17,"Orrery":19,"reliquary:TuningFork":6,"hubris:ToyBattleship":29,"Nloth\u0027s Gift":22,"hubris:Potato":37,"TungstenRod":39,"reliquary:PurpleTingedLeaf":8},{"hubris:Metronome":10,"Regal Pillow":21,"Gremlin Horn":19,"conspire:RoyalGoblet":27,"SacredBark":34,"Vajra":21,"Magic Flower":29,"Juzu Bracelet":9,"hubris:SlimyHat":22,"Bag of Preparation":24,"Bottled Tornado":26,"Burning Blood":0,"Lizard Tail":21,"hubris:Icosahedron":1,"Mummified Hand":5,"DollysMirror":9,"MealTicket":6,"Red Mask":19,"reliquary:FingerTrap":17,"Kunai":19,"Girya":32,"Lee\u0027s Waffle":22,"conspire:TreasureMap":35,"hubris:DuctTape":14,"Blue Candle":31,"Oddly Smooth Stone":10,"PreservedInsect":10,"reliquary:Spinner":11,"hubris:Towel":1,"Frozen Egg 2":4,"MawBank":33,"WarpedTongs":10,"bronze:BronzeIdol":17,"reliquary:Crutches":20,"SlaversCollar":15,"Anchor":10,"reliquary:PorcupineQuills":38,"reliquary:Craggleroot":8,"Orrery":28,"reliquary:TuningFork":4,"hubris:ToyBattleship":13,"Nloth\u0027s Gift":29,"hubris:Potato":17,"TungstenRod":18,"reliquary:PurpleTingedLeaf":24},{"hubris:Metronome":27,"Regal Pillow":74,"Gremlin Horn":63,"conspire:RoyalGoblet":98,"SacredBark":129,"Vajra":74,"Magic Flower":107,"Juzu Bracelet":24,"hubris:SlimyHat":78,"Bag of Preparation":82,"Bottled Tornado":90,"Burning Blood":0,"Lizard Tail":74,"hubris:Icosahedron":3,"Mummified Hand":12,"DollysMirror":24,"MealTicket":14,"Red Mask":63,"reliquary:FingerTrap":55,"Kunai":63,"Girya":117,"Lee\u0027s Waffle":78,"conspire:TreasureMap":135,"hubris:DuctTape":41,"Blue Candle":115,"Oddly Smooth Stone":27,"PreservedInsect":27,"reliquary:Spinner":31,"hubris:Towel":3,"Frozen Egg 2":10,"MawBank":121,"WarpedTongs":27,"bronze:BronzeIdol":55,"reliquary:Crutches":66,"SlaversCollar":45,"Anchor":27,"reliquary:PorcupineQuills":150,"reliquary:Craggleroot":22,"Orrery":102,"reliquary:TuningFork":10,"hubris:ToyBattleship":38,"Nloth\u0027s Gift":107,"hubris:Potato":55,"TungstenRod":59,"reliquary:PurpleTingedLeaf":82}],"Burning Blood":218},"card_choices":[{"not_picked":["Clothesline","hubris:ReadiedAction"],"picked":"Second Wind","floor":1.0},{"not_picked":["Panacea","Enlightenment"],"picked":"Panache","floor":5.0},{"not_picked":["Warcry","True Grit"],"picked":"Cleave","floor":7.0},{"not_picked":["Sever Soul","Heavy Blade"],"picked":"Reckless Charge","floor":8.0},{"not_picked":["Fire Breathing","Evolve"],"picked":"Hemokinesis","floor":10.0},{"not_picked":["Evolve","Pommel Strike"],"picked":"Bludgeon","floor":11.0},{"not_picked":["Bludgeon","Brutality"],"picked":"Juggernaut","floor":16.0},{"not_picked":["Twin Strike","Whirlwind"],"picked":"Cleave","floor":18.0},{"not_picked":["Rampage","hubris:SharpeningStone"],"picked":"Clothesline+1","floor":19.0},{"not_picked":["Hemokinesis","Dropkick"],"picked":"Brutality","floor":19.0},{"not_picked":["Evolve","Sword Boomerang"],"picked":"Offering","floor":19.0},{"not_picked":["Perfected Strike","Bloodletting+1"],"picked":"Feel No Pain","floor":19.0},{"not_picked":["Twin Strike","Sever Soul"],"picked":"True Grit+1","floor":19.0},{"not_picked":["Bloodletting","Wild Strike"],"picked":"Clash","floor":20.0},{"not_picked":["conspire:Charge+1","hubris:ReadiedAction+1"],"picked":"Rampage+1","floor":23.0},{"not_picked":["hubris:CleavingFinish","Warcry"],"picked":"Anger","floor":25.0},{"not_picked":["Rage","Heavy Blade"],"picked":"Uppercut","floor":27.0},{"not_picked":["Clothesline","Fire Breathing"],"picked":"Infernal Blade","floor":31.0},{"not_picked":["Fiend Fire","Corruption"],"picked":"Reaper","floor":33.0},{"not_picked":["Iron Wave","Sword Boomerang"],"picked":"Anger+1","floor":35.0},{"not_picked":["Body Slam","True Grit"],"picked":"Shockwave+1","floor":39.0},{"not_picked":["Pommel Strike","Sever Soul"],"picked":"hubris:SharpeningStone+1","floor":41.0},{"not_picked":["Rage","Metallicize"],"picked":"Demon Form","floor":42.0},{"not_picked":["Rampage","Juggernaut"],"picked":"Fiend Fire","floor":46.0}],"player_experience":482601,"relics_obtained":[{"floor":8.0,"key":"reliquary:PurpleTingedLeaf"},{"floor":9.0,"key":"Bag of Preparation"},{"floor":11.0,"key":"Bottled Tornado"},{"floor":20.0,"key":"Magic Flower"},{"floor":23.0,"key":"Kunai"},{"floor":26.0,"key":"Blue Candle"},{"floor":29.0,"key":"Girya"},{"floor":31.0,"key":"MawBank"},{"floor":41.0,"key":"reliquary:Crutches"},{"floor":43.0,"key":"reliquary:PorcupineQuills"},{"floor":46.0,"key":"Anchor"}],"event_choices":[{"damage_healed":0.0,"max_hp_gain":0.0,"max_hp_loss":0.0,"gold_gain":0.0,"event_name":"Golden Wing","player_choice":"Ignored","floor":3.0,"gold_loss":0.0,"damage_taken":0.0},{"damage_healed":0.0,"max_hp_gain":0.0,"max_hp_loss":0.0,"gold_gain":1.0,"event_name":"betterStone:BetterStone","player_choice":"1","floor":5.0,"gold_loss":0.0,"damage_taken":0.0},{"damage_healed":0.0,"max_hp_gain":0.0,"max_hp_loss":0.0,"gold_gain":0.0,"event_name":"N\u0027loth","player_choice":"Traded Relic","floor":22.0,"relics_lost":["Lee\u0027s Waffle"],"gold_loss":0.0,"damage_taken":0.0,"relics_obtained":["Nloth\u0027s Gift"]},{"damage_healed":16.0,"max_hp_gain":0.0,"max_hp_loss":0.0,"gold_gain":0.0,"event_name":"Winding Halls","player_choice":"Writhe","floor":36.0,"gold_loss":0.0,"damage_taken":0.0,"cards_obtained":["Writhe"]},{"cards_removed":["Uppercut"],"damage_healed":0.0,"max_hp_gain":0.0,"max_hp_loss":0.0,"gold_gain":0.0,"event_name":"Falling","player_choice":"Removed Attack","floor":44.0,"gold_loss":0.0,"damage_taken":0.0}],"is_beta":false,"boss_relics":[{"not_picked":["Velvet Choker","energizedSpire:DecayingSkull"],"picked":"conspire:RoyalGoblet"},{"not_picked":["Runic Dome","Runic Cube"],"picked":"SacredBark"}],"items_purged_floors":[],"is_endless":false,"potions_floor_spawned":[7,8,20,25,31,35,42],"killed_by":"hubris:GrandSnecko","ascension_level":20}}