{"host":"avybiddlniqinkgc","time":1614137672,"event":{"mods":["AchievementEnabler","BaseMod","Colored Map","DeckTracker","Highlight Path","KOR Keyword Fix","Keyboard Shortcuts","Minty Spire (QoL Compilation)","Permanent Neow","Quick Restart","Random Character Button","Rare Cards Sparkle","StSLib","SuperFastMode"],"gold_per_floor":[113,113,132,144,157,157,157,171,196,196,225,150,115,128,128,226,226,237,248,248,5,5,5,5,5,30,50,70,70,105,105,105,105,105],"floor_reached":33,"language":"KOR","playtime":587,"items_purged":["Defend_B"],"score":303,"play_id":"981036e5-55a9-4965-977c-e5da26ffacef","local_time":"20210224123432","is_ascension_mode":true,"campfire_choices":[{"data":"Dualcast","floor":6.0,"key":"SMITH"},{"data":"Self Repair","floor":10.0,"key":"SMITH"},{"floor":15.0,"key":"REST"},{"data":"Darkness","floor":23,"key":"SMITH"},{"data":"Skim","floor":25,"key":"SMITH"},{"data":"Hologram","floor":32,"key":"SMITH"}],"circlet_count":0,"master_deck":["Strike_B","Strike_B+1","Defend_B+1","Defend_B+1","Dualcast+1","Doom and Gloom","Rebound","Coolheaded+1","Self Repair+1","Compile Driver","Leap","Skim+1","Multi-Cast","Chill+1","Coolheaded+1","Melter+1","Darkness+1","Barrage","Ghostly","Ghostly","Ghostly","Ghostly","Ghostly","Compile Driver","Leap","Redo","Redo","Hologram+1"],"relics":["Cracked Core","Bag of Preparation","War Paint","Dream Catcher","Astrolabe","Frozen Egg 2","Nunchaku","Boot","HornCleat"],"acts_visited":["Exordium","TheCity"],"potions_floor_usage":[27],"damage_taken":[{"damage":1.0,"enemies":"2 Louse","floor":1.0,"turns":2.0},{"damage":5.0,"enemies":"Small Slimes","floor":3.0,"turns":3.0},{"damage":0.0,"enemies":"Cultist","floor":4.0,"turns":2.0},{"damage":7.0,"enemies":"Red Slaver","floor":5.0,"turns":3.0},{"damage":7.0,"enemies":"Blue Slaver","floor":8.0,"turns":4.0},{"damage":9.0,"enemies":"3 Sentries","floor":11.0,"turns":5.0},{"damage":0.0,"enemies":"2 Fungi Beasts","floor":14.0,"turns":2.0},{"damage":62.0,"enemies":"Hexaghost","floor":16.0,"turns":11.0},{"damage":12,"enemies":"3 Byrds","floor":18,"turns":5},{"damage":0,"enemies":"Spheric Guardian","floor":19,"turns":1},{"damage":16,"enemies":"Centurion and Healer","floor":27,"turns":7},{"damage":0,"enemies":"Snecko","floor":28,"turns":6},{"damage":2,"enemies":"Slavers","floor":30,"turns":9},{"damage":37,"enemies":"Automaton","floor":33,"turns":6}],"seed_played":"4716582662172190049","potions_obtained":[{"floor":1.0,"key":"DistilledChaos"},{"floor":4.0,"key":"AttackPotion"},{"floor":16.0,"key":"SkillPotion"},{"floor":18,"key":"SkillPotion"},{"floor":27,"key":"Dexterity Potion"},{"floor":30,"key":"DuplicationPotion"}],"is_trial":false,"path_per_floor":["M","?","M","M","M","R","?","M","T","R","E","$","?","M","R","B",null,"M","M","?","$","?","R","?","R","T","M","M","$","E","T","R","B"],"character_chosen":"DEFECT","items_purchased":["Frozen Egg 2"],"campfire_rested":1,"item_purchase_floors":[21],"current_hp_per_floor":[74,59,54,54,47,47,47,47,47,47,38,38,56,56,75,23,75,73,73,37,37,37,37,37,37,37,31,31,31,37,37,37,0,0],"gold":105,"neow_bonus":"UPGRADE_CARD","is_daily":false,"chose_seed":false,"campfire_upgraded":5,"win_rate":0.0,"timestamp":1614137672,"path_taken":["M","?","M","M","M","R","?","?","T","R","E","?","?","M","R","BOSS","M","M","?","$","?","R","?","R","T","M","M","$","E","?","R","BOSS"],"items_purchased_type":["Relic"],"build_version":"2020-12-22","purchased_purges":1,"victory":false,"max_hp_per_floor":[75,75,75,75,75,75,75,75,75,75,75,75,75,75,75,75,75,75,75,37,37,37,37,37,37,37,37,37,37,37,37,37,37,37],"card_choices":[{"not_picked":["Darkness","Undo"],"picked":"Doom and Gloom","floor":1.0},{"not_picked":["Blizzard","Beam Cell"],"picked":"Rebound","floor":3.0},{"not_picked":["Leap","Cold Snap"],"picked":"Coolheaded","floor":4.0},{"not_picked":["Undo","Genetic Algorithm"],"picked":"Self Repair","floor":5.0},{"not_picked":["Sweeping Beam","Go for the Eyes"],"picked":"Compile Driver","floor":8.0},{"not_picked":["Go for the Eyes","Hello World"],"picked":"Leap","floor":11.0},{"not_picked":["Go for the Eyes","Gash"],"picked":"Ball Lightning","floor":14.0},{"not_picked":["Blizzard","Lockon"],"picked":"Skim","floor":15.0},{"not_picked":["Rainbow","Fission"],"picked":"Multi-Cast","floor":16.0},{"not_picked":["Streamline+1","Stack+1"],"picked":"Darkness","floor":18},{"not_picked":["Self Repair","Double Energy"],"picked":"Barrage","floor":19},{"not_picked":["Sweeping Beam","Cold Snap"],"picked":"Redo","floor":27},{"not_picked":["Stack","Leap"],"picked":"Redo","floor":28},{"not_picked":["White Noise","Conserve Battery"],"picked":"Hologram","floor":30}],"player_experience":11480,"relics_obtained":[{"floor":9.0,"key":"War Paint"},{"floor":11.0,"key":"Dream Catcher"},{"floor":26,"key":"Nunchaku"},{"floor":30,"key":"Boot"},{"floor":31,"key":"HornCleat"}],"event_choices":[{"damage_healed":0.0,"max_hp_gain":0.0,"max_hp_loss":0.0,"gold_gain":0.0,"event_name":"Shining Light","player_choice":"Entered Light","floor":2.0,"gold_loss":0.0,"damage_taken":15.0,"cards_upgraded":["Defend_B","Strike_B"]},{"damage_healed":0.0,"max_hp_gain":0.0,"max_hp_loss":0.0,"gold_gain":0.0,"event_name":"WeMeetAgain","player_choice":"Gave Potion","floor":7.0,"gold_loss":0.0,"damage_taken":0.0,"relics_obtained":["Bag of Preparation"]},{"damage_healed":18.0,"max_hp_gain":0.0,"max_hp_loss":0.0,"gold_gain":0.0,"event_name":"The Cleric","player_choice":"Healed","floor":13.0,"gold_loss":35.0,"damage_taken":0.0},{"damage_healed":0,"gold_gain":0,"player_choice":"Became a Ghost","damage_taken":0,"max_hp_gain":0,"max_hp_loss":38,"event_name":"Ghosts","floor":20,"gold_loss":0,"cards_obtained":["Ghostly","Ghostly","Ghostly","Ghostly","Ghostly"]},{"damage_healed":0,"gold_gain":0,"cards_transformed":["Strike_B","Zap"],"player_choice":"Became Test Subject","damage_taken":0,"max_hp_gain":0,"max_hp_loss":0,"event_name":"Drug Dealer","floor":22,"gold_loss":0,"cards_obtained":["Compile Driver","Leap"]}],"is_beta":false,"boss_relics":[{"not_picked":["SlaversCollar","Calling Bell"],"picked":"Astrolabe"}],"items_purged_floors":[12],"is_endless":false,"potions_floor_spawned":[1,4,16,18,27,30],"killed_by":"Automaton","ascension_level":1}}