{"host":"jgl9m63d23sfproq","time":1614141598,"event":{"mods":["Act Like it!","Aspiration","Bard","BaseMod","Bossed Relics","Colored Map","Conspire","Dark Map","DeckTracker","Downfall","Friendly Minions","Gensokyo","Jedi Mod","Marisa¡]Ãú«B¡@Å]²z¨F¡^","Minty Spire (QoL Compilation)","Reliquary","Replay The Spire","Shop Mod","Smile Girya","StSLib","The Blackbeard","The Construct","The Jungle","The Mystic","The Runesmith","The Servant 0.9.4","Wide Potions","Yuyuko"],"gold_per_floor":[114,114,114,128,138,138,170,170,170,170,53,70,86,102,102,200,200,220,220,220,260,4,4,4,4,21,41,41,41,57,73,92,127,127,127,127],"floor_reached":35,"language":"ZHS","playtime":1438,"items_purged":[],"score":279,"play_id":"d4cfc671-d26f-40ab-a391-cd78908b4f08","local_time":"20210224123958","is_ascension_mode":false,"campfire_choices":[{"floor":6,"key":"RECALL"},{"data":"jedi:pocketpoison","floor":8,"key":"SMITH"},{"data":"Blade Dance","floor":10,"key":"SMITH"},{"floor":15,"key":"DIG"},{"floor":23,"key":"REST"},{"data":"Noxious Fumes","floor":29,"key":"SMITH"},{"floor":34,"key":"REST"}],"circlet_count":0,"master_deck":["Strike_G","Strike_G","Strike_G","Strike_G","Defend_G","Defend_G","Defend_G","Defend_G","Defend_G","Survivor","Neutralize","Blade Dance+1","Die Die Die","Fire Breathing","jedi:pocketpoison+1","Accuracy","Hidden Blade","Crippling Poison","Deadly Poison","jedi:studyshivs","ReplayTheSpireMod:Shiv Toss+1","Prepared+1","Bouncing Flask","Noxious Fumes+1","Deflect+1","Cloak And Dagger","Cloak And Dagger","ReplayTheSpireMod:Necrosis"],"relics":["Ring of the Snake","aspiration:Nostalgia","m_BronzeBlood","reliquary:TuningFork","reliquary:RadioactivePellet","Mummified Hand","reliquary:ThirdArm","Ginger","Ornamental Fan","Dream Catcher"],"acts_visited":["Exordium","TheCity"],"potions_floor_usage":[7,30,33,35],"damage_taken":[{"damage":0,"enemies":"conspire:RoseBush","floor":1,"turns":4},{"damage":0,"enemies":"Cultist","floor":4,"turns":3},{"damage":0,"enemies":"Jaw Worm","floor":5,"turns":4},{"damage":16,"enemies":"Replay:BlueRogue","floor":7,"turns":8},{"damage":1,"enemies":"Red Slaver","floor":12,"turns":3},{"damage":0,"enemies":"Gremlin Gang","floor":13,"turns":2},{"damage":11,"enemies":"Large Slime","floor":14,"turns":4},{"damage":29,"enemies":"Slime Boss","floor":16,"turns":7},{"damage":14,"enemies":"Shell Parasite","floor":18,"turns":5},{"damage":28,"enemies":"conspire:MimicChest","floor":21,"turns":5},{"damage":9,"enemies":"3 Byrds","floor":26,"turns":4},{"damage":12,"enemies":"Snake Plant","floor":27,"turns":3},{"damage":0,"enemies":"Centurion and Healer","floor":30,"turns":5},{"damage":14,"enemies":"3 Cultists","floor":31,"turns":5},{"damage":30,"enemies":"Snake Plant","floor":32,"turns":4},{"damage":16,"enemies":"Replay:Snechameleon","floor":33,"turns":4},{"damage":37,"enemies":"Pondfish","floor":35,"turns":8}],"seed_played":"-1948854726656072988","potions_obtained":[{"floor":4,"key":"SkillPotion"},{"floor":18,"key":"Energy Potion"},{"floor":27,"key":"Strength Potion"},{"floor":33,"key":"Fire Potion"}],"is_trial":false,"path_per_floor":["M","?","?","M","M","R","E","R","T","R","$","M","M","M","R_BF","B",null,"M","?","?","?","$","R","PTL","PTL","M","M","T","R","M","M","M","E","R","B"],"character_chosen":"THE_SILENT","items_purchased":["Accuracy","Hidden Blade","Ornamental Fan"],"campfire_rested":2,"item_purchase_floors":[11,11,22],"current_hp_per_floor":[70,70,70,70,70,70,60,60,60,60,60,65,70,65,65,42,70,62,62,62,40,40,61,61,61,58,52,52,52,58,50,26,16,37,0,0],"gold":127,"neow_bonus":"NOSTALGIA","is_daily":false,"chose_seed":false,"campfire_upgraded":3,"win_rate":0.0,"timestamp":1614141598,"path_taken":["M","?","?","?","M","R","E","R","T","R","?","?","?","?","R_BF","BOSS","M","?","?","?","$","R","PTL","PTL","M","?","T","R","M","M","M","E","R","BOSS"],"items_purchased_type":["Card","Card","Relic"],"build_version":"2020-12-22","purchased_purges":0,"victory":false,"max_hp_per_floor":[70,70,70,70,70,70,70,70,70,70,70,70,70,70,70,70,70,70,70,70,70,70,70,70,70,70,70,70,70,70,70,70,70,70,70,70],"card_choices":[{"not_picked":["Expertise","Sucker Punch"],"picked":"Blade Dance","floor":1},{"not_picked":["bronze:Repulsor","Shrug It Off","Acrobatics"],"picked":"SKIP","floor":4},{"not_picked":["bronze:BuggyMess","bronze:Shield"],"picked":"Fire Breathing","floor":5},{"not_picked":["Skewer","Phantasmal Killer"],"picked":"jedi:pocketpoison","floor":7},{"not_picked":["Bane","Setup"],"picked":"Crippling Poison","floor":12},{"not_picked":["bronze:BuggyMess","Dagger Spray"],"picked":"Deadly Poison","floor":13},{"not_picked":["Flame Barrier","Blur","bronze:BuggyMess"],"picked":"SKIP","floor":14},{"not_picked":["Tools of the Trade","Doppelganger"],"picked":"jedi:studyshivs","floor":16},{"not_picked":["Backflip","Deflect"],"picked":"ReplayTheSpireMod:Shiv Toss+1","floor":18},{"not_picked":["Underhanded Strike","Bane"],"picked":"Prepared+1","floor":21},{"not_picked":["Night Terror","Sucker Punch"],"picked":"Bouncing Flask","floor":26},{"not_picked":["Acrobatics","Infinite Blades"],"picked":"Noxious Fumes","floor":27},{"not_picked":["Underhanded Strike","Sucker Punch+1"],"picked":"Deflect+1","floor":30},{"not_picked":["PiercingWail","Hidden Blade+1"],"picked":"Cloak And Dagger","floor":31},{"not_picked":["Slice+1","ReplayTheSpireMod:Exploit Weakness"],"picked":"Cloak And Dagger","floor":32},{"not_picked":["Flying Knee+1","Flechettes"],"picked":"ReplayTheSpireMod:Necrosis","floor":33}],"player_experience":62211,"relics_obtained":[{"floor":7,"key":"reliquary:TuningFork"},{"floor":9,"key":"reliquary:RadioactivePellet"},{"floor":15,"key":"Mummified Hand"},{"floor":21,"key":"Ginger"},{"floor":33,"key":"Dream Catcher"}],"event_choices":[{"damage_healed":0,"gold_gain":0,"player_choice":"Disagree","damage_taken":0,"max_hp_gain":0,"max_hp_loss":0,"event_name":"conspire:LoneGhost","floor":2,"gold_loss":0},{"damage_healed":0,"gold_gain":0,"cards_transformed":["Strike_G"],"player_choice":"Transformed","damage_taken":0,"max_hp_gain":0,"max_hp_loss":0,"event_name":"Transmorgrifier","floor":3,"gold_loss":0,"cards_obtained":["Die Die Die"]},{"damage_healed":0,"gold_gain":0,"player_choice":"Ignored","damage_taken":0,"max_hp_gain":0,"max_hp_loss":0,"event_name":"Ghosts","floor":20,"gold_loss":0}],"is_beta":false,"boss_relics":[{"not_picked":["Replay:Ancient Bell","reliquary:Ember"],"picked":"reliquary:ThirdArm"}],"items_purged_floors":[],"is_endless":false,"potions_floor_spawned":[4,5,18,27,31,33],"killed_by":"Pondfish","ascension_level":0}}