{"host":"imy0w7zcgpxryx7c","time":1614145903,"event":{"mods":["AchievementEnabler","BaseMod","Colored Powertips","Minty Spire (QoL Compilation)","Relic Sorter","StSLib"],"gold_per_floor":[115,115,115,38,38,38,77,77,77,130,163,275,326,359,371,507,519,547,559,148,169,188,188,231,275,275,275,275],"floor_reached":27,"language":"ENG","playtime":2505,"items_purged":["Defend_P"],"score":428,"play_id":"0d4f14ca-8952-4a8e-bcae-e32e3cd321e8","local_time":"20210224005143","is_ascension_mode":true,"campfire_choices":[{"data":"Eruption","floor":6,"key":"SMITH"},{"data":"Adaptation","floor":8,"key":"SMITH"},{"floor":15,"key":"REST"},{"data":"Scrawl","floor":23,"key":"SMITH"}],"circlet_count":0,"master_deck":["Strike_P","Strike_P","Strike_P+1","Strike_P+1","Defend_P","Defend_P","Defend_P","Eruption+1","Vigilance","FlurryOfBlows","FearNoEvil","Adaptation+1","FearNoEvil","Halt","Pray","Prostrate","DeusExMachina","CrushJoints","WheelKick","Scrawl+1","InnerPeace","Consecrate","FlurryOfBlows+1","Judgement"],"relics":["HolyWater","NeowsBlessing","Golden Idol","Mango","MawBank","Regal Pillow","Smiling Mask","Oddly Smooth Stone","WingedGreaves","Bag of Marbles","The Courier"],"acts_visited":["Exordium","TheCity"],"potions_floor_usage":[16,18,21],"damage_taken":[{"damage":0,"enemies":"2 Louse","floor":1,"turns":1},{"damage":0,"enemies":"3 Sentries","floor":7,"turns":1},{"damage":0,"enemies":"Gremlin Nob","floor":10,"turns":1},{"damage":0,"enemies":"Small Slimes","floor":11,"turns":2},{"damage":25,"enemies":"Lagavulin","floor":13,"turns":5},{"damage":0,"enemies":"Cultist","floor":14,"turns":1},{"damage":21,"enemies":"Slime Boss","floor":16,"turns":12},{"damage":2,"enemies":"Chosen","floor":18,"turns":4},{"damage":10,"enemies":"Shell Parasite","floor":21,"turns":4},{"damage":0,"enemies":"Sentry and Sphere","floor":22,"turns":2},{"damage":17,"enemies":"Slavers","floor":24,"turns":5},{"damage":18,"enemies":"Book of Stabbing","floor":25,"turns":3},{"damage":24,"enemies":"Slavers","floor":27,"turns":2}],"seed_played":"7492351819378176906","potions_obtained":[{"floor":10,"key":"Energy Potion"},{"floor":13,"key":"BlessingOfTheForge"},{"floor":14,"key":"StancePotion"},{"floor":16,"key":"FearPotion"},{"floor":18,"key":"EntropicBrew"},{"floor":24,"key":"Fire Potion"}],"is_trial":false,"path_per_floor":["M","?","?","$","?","R","E","R","T","E","M","?","E","M","R","B",null,"M","?","$","M","M","R","E","E","T","E"],"character_chosen":"WATCHER","items_purchased":["FearNoEvil","WheelKick","Oddly Smooth Stone","Scrawl"],"campfire_rested":1,"item_purchase_floors":[4,20,20,20],"current_hp_per_floor":[65,47,33,33,57,57,71,71,71,71,71,71,46,46,86,65,81,79,79,79,69,69,69,52,34,34,10,10],"gold":275,"neow_bonus":"THREE_ENEMY_KILL","is_daily":false,"chose_seed":false,"campfire_upgraded":3,"win_rate":0.0,"timestamp":1614145903,"path_taken":["M","?","?","$","?","R","E","R","T","E","M","?","E","?","R","BOSS","M","?","$","M","M","R","E","E","T","E"],"items_purchased_type":["Card","Card","Relic","Card"],"build_version":"2020-12-22","purchased_purges":1,"victory":false,"max_hp_per_floor":[72,72,72,72,72,72,86,86,86,86,86,86,86,86,86,86,86,86,86,86,86,86,86,86,86,86,86,86],"card_choices":[{"not_picked":["Protect","Weave"],"picked":"FlurryOfBlows","floor":1},{"not_picked":["MentalFortress","PathToVictory"],"picked":"Adaptation","floor":7},{"not_picked":["Evaluate","CutThroughFate"],"picked":"FearNoEvil","floor":10},{"not_picked":["Evaluate","Protect"],"picked":"Halt","floor":11},{"not_picked":["JustLucky","DevaForm"],"picked":"Pray","floor":13},{"not_picked":["SashWhip","EmptyBody"],"picked":"Prostrate","floor":14},{"not_picked":["Judgement","Establishment"],"picked":"DeusExMachina","floor":16},{"not_picked":["JustLucky","FlyingSleeves"],"picked":"CrushJoints","floor":18},{"not_picked":["EmptyMind","Halt"],"picked":"InnerPeace","floor":21},{"not_picked":["FollowUp","Protect+1"],"picked":"Consecrate","floor":22},{"not_picked":["ThirdEye","Conclude"],"picked":"FlurryOfBlows+1","floor":24},{"not_picked":["LikeWater","Protect+1"],"picked":"Judgement","floor":25}],"player_experience":493397,"relics_obtained":[{"floor":7,"key":"Mango"},{"floor":9,"key":"MawBank"},{"floor":10,"key":"Regal Pillow"},{"floor":13,"key":"Smiling Mask"},{"floor":24,"key":"WingedGreaves"},{"floor":25,"key":"Bag of Marbles"},{"floor":26,"key":"The Courier"}],"event_choices":[{"damage_healed":0,"gold_gain":0,"player_choice":"Take Damage","damage_taken":18,"relics_obtained":["Golden Idol"],"max_hp_gain":0,"max_hp_loss":0,"event_name":"Golden Idol","floor":2,"gold_loss":0},{"damage_healed":0,"gold_gain":0,"player_choice":"Entered Light","damage_taken":14,"max_hp_gain":0,"max_hp_loss":0,"event_name":"Shining Light","floor":3,"gold_loss":0,"cards_upgraded":["Strike_P","Strike_P"]},{"damage_healed":24,"gold_gain":0,"player_choice":"Banana","damage_taken":0,"max_hp_gain":0,"max_hp_loss":0,"event_name":"Big Fish","floor":5,"gold_loss":0},{"damage_healed":0,"gold_gain":100,"player_choice":"Pray","damage_taken":0,"max_hp_gain":0,"max_hp_loss":0,"event_name":"Golden Shrine","floor":12,"gold_loss":0},{"damage_healed":0,"gold_gain":0,"player_choice":"Ignored","damage_taken":0,"max_hp_gain":0,"max_hp_loss":0,"event_name":"Vampires","floor":19,"gold_loss":0}],"is_beta":false,"boss_relics":[{"not_picked":["Calling Bell","Ectoplasm"],"picked":"HolyWater"}],"items_purged_floors":[20],"is_endless":false,"potions_floor_spawned":[10,13,14,16,18,24,25],"killed_by":"Slavers","ascension_level":7}}