{"host":"sg4rmw8ghwyykzjv","time":1614171134,"event":{"mods":["2.2 Compatiblity","BaseMod","Colored Powertips","Friendly Minions","Highlight Path","Minty Spire (QoL Compilation)","StSLib","The Servant 0.9.4","YoumuÅiç∞ÈÆódöÎÅj"],"gold_per_floor":[11,21,36,56,56,82,82,32,32,32,48,48,48,65,65,165,165,182,194,5,5,5,5,30,50,74,74,274,290,300,91,91,194,194,210,226,249,264,201,201,234,245,245,245,257,2,2,21,21,21],"floor_reached":51,"language":"ENG","playtime":2810,"items_purged":["Strike_R","Clash","Bash","Disarm"],"score":1024,"play_id":"af228ad1-8c26-425a-93b8-1d0cc38c0426","local_time":"20210224215214","is_ascension_mode":true,"campfire_choices":[{"floor":7,"key":"REST"},{"data":"Body Slam","floor":12,"key":"SMITH"},{"floor":15,"key":"REST"},{"floor":23,"key":"REST"},{"floor":27,"key":"REST"},{"data":"Barricade","floor":32,"key":"SMITH"},{"data":"Juggernaut","floor":40,"key":"SMITH"},{"data":"Apotheosis","floor":47,"key":"SMITH"},{"data":"Secret Technique","floor":49,"key":"SMITH"}],"circlet_count":0,"master_deck":["Defend_R","Defend_R","Defend_R","Defend_R","Juggernaut+1","Metallicize","Body Slam+1","Shrug It Off","Barricade+1","Impervious","Shrug It Off","Bloodletting","Offering","Battle Trance","Disarm","Secret Technique+1","Impervious","Apotheosis+1","Impatience"],"relics":["Burning Blood","Bag of Preparation","Oddly Smooth Stone","Philosopher\u0027s Stone","Membership Card","Mercury Hourglass","Centennial Puzzle","PreservedInsect","Busted Crown","Art of War","Frozen Egg 2","White Beast Statue"],"acts_visited":["Exordium","TheCity","TheBeyond"],"potions_floor_usage":[14,19,24,30,41,50,50],"damage_taken":[{"damage":9,"enemies":"Jaw Worm","floor":1,"turns":5},{"damage":3,"enemies":"2 Louse","floor":2,"turns":3},{"damage":1,"enemies":"Small Slimes","floor":3,"turns":3},{"damage":27,"enemies":"Exordium Thugs","floor":4,"turns":5},{"damage":37,"enemies":"3 Sentries","floor":6,"turns":6},{"damage":6,"enemies":"2 Fungi Beasts","floor":11,"turns":3},{"damage":2,"enemies":"3 Louse","floor":14,"turns":3},{"damage":21,"enemies":"Hexaghost","floor":16,"turns":10},{"damage":18,"enemies":"2 Thieves","floor":18,"turns":4},{"damage":6,"enemies":"3 Byrds","floor":19,"turns":3},{"damage":26,"enemies":"Slavers","floor":24,"turns":8},{"damage":15,"enemies":"Sentry and Sphere","floor":25,"turns":6},{"damage":6,"enemies":"Chosen and Byrds","floor":29,"turns":6},{"damage":7,"enemies":"Snecko","floor":30,"turns":5},{"damage":6,"enemies":"Champ","floor":33,"turns":7},{"damage":0,"enemies":"3 Shapes","floor":35,"turns":4},{"damage":7,"enemies":"Orb Walker","floor":36,"turns":4},{"damage":0,"enemies":"Spire Growth","floor":38,"turns":4},{"damage":0,"enemies":"Reptomancer","floor":41,"turns":5},{"damage":0,"enemies":"3 Darklings","floor":42,"turns":5},{"damage":0,"enemies":"Transient","floor":45,"turns":5},{"damage":0,"enemies":"Maw","floor":48,"turns":5},{"damage":3,"enemies":"Time Eater","floor":50,"turns":5}],"seed_played":"4417257306909289193","potions_obtained":[{"floor":6,"key":"Explosive Potion"},{"floor":11,"key":"ElixirPotion"},{"floor":14,"key":"SmokeBomb"},{"floor":16,"key":"LiquidBronze"},{"floor":18,"key":"Swift Potion"},{"floor":25,"key":"Fire Potion"},{"floor":29,"key":"HeartOfIron"},{"floor":33,"key":"Swift Potion"},{"floor":35,"key":"BlessingOfTheForge"},{"floor":42,"key":"SkillPotion"},{"floor":45,"key":"ElixirPotion"}],"is_trial":false,"path_per_floor":["M","M","M","M","?","E","R","?","T","$","M","R","?","M","R","B",null,"M","M","$","?","?","R","E","M","T","R","?","M","M","$","R","B",null,"M","M","T","M","$","R","E","M","T","?","M","$","R","M","R","B",null],"character_chosen":"IRONCLAD","items_purchased":["Membership Card","Secret Technique","PreservedInsect","Apotheosis","Impatience","DuplicationPotion"],"campfire_rested":4,"item_purchase_floors":[20,31,31,46,46,46],"current_hp_per_floor":[77,80,80,59,59,28,52,52,52,52,52,52,45,49,73,58,75,63,63,63,63,48,73,53,44,44,69,69,69,68,68,68,68,81,85,84,84,85,85,85,85,85,85,85,85,85,85,85,85,85],"gold":21,"neow_bonus":"THREE_RARE_CARDS","is_daily":false,"chose_seed":false,"campfire_upgraded":5,"win_rate":0.0,"timestamp":1614171134,"path_taken":["M","M","M","M","?","E","R","?","T","$","M","R","?","M","R","BOSS","M","M","$","?","?","R","E","M","T","R","?","M","M","$","R","BOSS","M","M","?","M","$","R","E","M","T","?","M","$","R","?","R","BOSS"],"items_purchased_type":["Relic","Card","Relic","Card","Card","Potion"],"build_version":"2020-12-22","purchased_purges":4,"victory":true,"max_hp_per_floor":[80,80,80,80,80,80,80,80,80,80,80,80,80,80,80,80,80,80,80,80,80,85,85,85,85,85,85,85,85,85,85,85,85,85,85,85,85,85,85,85,85,85,85,85,85,85,85,85,85,85],"card_choices":[{"not_picked":["Corruption","Double Tap"],"picked":"Juggernaut","floor":0},{"not_picked":["Body Slam","Sword Boomerang"],"picked":"Metallicize","floor":1},{"not_picked":["Combust","Cleave"],"picked":"Clash","floor":2},{"not_picked":["Anger","Entrench"],"picked":"Disarm","floor":3},{"not_picked":["Thunderclap","Clothesline"],"picked":"Body Slam","floor":4},{"not_picked":["Rupture","Twin Strike"],"picked":"Shrug It Off","floor":6},{"not_picked":["Sword Boomerang","Havoc","Wild Strike"],"picked":"SKIP","floor":11},{"not_picked":["Wild Strike","Flex"],"picked":"Barricade","floor":14},{"not_picked":["Double Tap","Bludgeon"],"picked":"Impervious","floor":16},{"not_picked":["True Grit+1","Body Slam"],"picked":"Shrug It Off","floor":18},{"not_picked":["Thunderclap","Inflame"],"picked":"Bloodletting","floor":19},{"not_picked":["Cleave","Twin Strike+1","Clash"],"picked":"SKIP","floor":24},{"not_picked":["Sentinel","Wild Strike+1"],"picked":"Offering","floor":25},{"not_picked":["True Grit","Fire Breathing"],"picked":"Battle Trance","floor":29},{"not_picked":["Shrug It Off+1","Flex+1"],"picked":"Disarm","floor":30},{"not_picked":["Carnage+1"],"picked":"SKIP","floor":35},{"not_picked":["Blood for Blood+1"],"picked":"SKIP","floor":36},{"not_picked":["Heavy Blade"],"picked":"SKIP","floor":38},{"not_picked":["Headbutt+1"],"picked":"SKIP","floor":41},{"not_picked":["Headbutt+1"],"picked":"SKIP","floor":42},{"not_picked":["Clash"],"picked":"SKIP","floor":45},{"not_picked":["Havoc"],"picked":"SKIP","floor":48}],"player_experience":438919,"relics_obtained":[{"floor":6,"key":"Bag of Preparation"},{"floor":9,"key":"Oddly Smooth Stone"},{"floor":24,"key":"Mercury Hourglass"},{"floor":26,"key":"Centennial Puzzle"},{"floor":37,"key":"Art of War"},{"floor":41,"key":"Frozen Egg 2"},{"floor":43,"key":"White Beast Statue"}],"event_choices":[{"cards_removed":["Strike_R"],"damage_healed":0,"gold_gain":0,"player_choice":"Forget","damage_taken":0,"max_hp_gain":0,"max_hp_loss":0,"event_name":"Living Wall","floor":5,"gold_loss":0},{"cards_removed":["Strike_R"],"damage_healed":0,"gold_gain":0,"player_choice":"Card Removal","damage_taken":0,"max_hp_gain":0,"max_hp_loss":0,"event_name":"The Cleric","floor":8,"gold_loss":50},{"cards_removed":["Strike_R"],"damage_healed":0,"gold_gain":0,"player_choice":"Card Removal","damage_taken":7,"max_hp_gain":0,"max_hp_loss":0,"event_name":"Golden Wing","floor":13,"gold_loss":0},{"damage_healed":0,"gold_gain":0,"player_choice":"Ignored","damage_taken":0,"max_hp_gain":0,"max_hp_loss":0,"event_name":"Vampires","floor":21,"gold_loss":0},{"damage_healed":0,"gold_gain":0,"player_choice":"Shed Blood","damage_taken":20,"max_hp_gain":5,"max_hp_loss":0,"event_name":"Forgotten Altar","floor":22,"gold_loss":0},{"damage_healed":0,"gold_gain":200,"player_choice":"Gold","damage_taken":0,"max_hp_gain":0,"max_hp_loss":0,"event_name":"Wheel of Change","floor":28,"gold_loss":0},{"damage_healed":0,"gold_gain":0,"cards_transformed":["Strike_R"],"player_choice":"Transformed","damage_taken":0,"max_hp_gain":0,"max_hp_loss":0,"event_name":"Transmorgrifier","floor":44,"gold_loss":0,"cards_obtained":["Impervious"]}],"is_beta":false,"boss_relics":[{"not_picked":["Black Star","Empty Cage"],"picked":"Philosopher\u0027s Stone"},{"not_picked":["SacredBark","Runic Cube"],"picked":"Busted Crown"}],"items_purged_floors":[20,31,39,46],"is_endless":false,"potions_floor_spawned":[6,11,14,16,18,25,29,33,35,42,45,48],"ascension_level":5}}