{"host":"5n1fl7z5i1vf7jan","time":1614168089,"event":{"mods":["BaseMod","Minty Spire (QoL Compilation)","Quick Restart","Relic Stats"],"gold_per_floor":[116,116,129,129,204,204,231,231,231,231,231,269,284,303,303,392,392,412,462,14,14,32,372,372,372,444,444,468,55,80,80,80,173,173,189,189,48,48,68,68,89,89,89],"floor_reached":42,"language":"ENG","playtime":1280,"items_purged":["Strike_B","Regret"],"score":894,"play_id":"459d1b32-8f70-4122-ad5c-0db248845d7e","local_time":"20210224040129","is_ascension_mode":true,"campfire_choices":[{"data":"Zap","floor":6.0,"key":"SMITH"},{"data":"Rebound","floor":8.0,"key":"SMITH"},{"data":"Dualcast","floor":10.0,"key":"SMITH"},{"data":"Sunder","floor":15.0,"key":"SMITH"},{"data":"Biased Cognition","floor":25.0,"key":"SMITH"},{"data":"Ghostly","floor":27.0,"key":"SMITH"},{"floor":32.0,"key":"REST"},{"data":"Defragment","floor":40,"key":"SMITH"}],"circlet_count":0,"master_deck":["AscendersBane","Strike_B","Strike_B","Strike_B","Defend_B","Defend_B","Defend_B","Defend_B","Zap+1","Dualcast+1","Cold Snap","Rebound+1","Cold Snap","Doom and Gloom","Sunder+1","Sweeping Beam","Biased Cognition+1","FTL","Beam Cell","Ghostly+1","Ghostly","Ghostly","Double Energy+1","Chill","Defragment+1","Secret Technique","BootSequence","Loop"],"relics":["Cracked Core","NeowsBlessing","Pen Nib","Singing Bowl","Akabeko","Cables","Golden Idol","Pantograph","Cursed Key","Mango","Old Coin","InkBottle","Omamori","SlaversCollar"],"acts_visited":["Exordium","TheCity","TheBeyond"],"potions_floor_usage":[41],"damage_taken":[{"damage":0.0,"enemies":"Cultist","floor":1.0,"turns":1.0},{"damage":0.0,"enemies":"Small Slimes","floor":3.0,"turns":1.0},{"damage":0.0,"enemies":"Gremlin Nob","floor":7.0,"turns":1.0},{"damage":9.0,"enemies":"3 Sentries","floor":12.0,"turns":9.0},{"damage":1.0,"enemies":"2 Louse","floor":13.0,"turns":2.0},{"damage":0.0,"enemies":"Large Slime","floor":14.0,"turns":1.0},{"damage":9.0,"enemies":"Slime Boss","floor":16.0,"turns":6.0},{"damage":35.0,"enemies":"3 Byrds","floor":18.0,"turns":5.0},{"damage":3.0,"enemies":"Shell Parasite","floor":22.0,"turns":3.0},{"damage":15.0,"enemies":"Slavers","floor":23.0,"turns":4.0},{"damage":20.0,"enemies":"Cultist and Chosen","floor":28.0,"turns":6.0},{"damage":11.0,"enemies":"Shelled Parasite and Fungi","floor":30.0,"turns":8.0},{"damage":20.0,"enemies":"Automaton","floor":33.0,"turns":10.0},{"damage":0.0,"enemies":"3 Shapes","floor":35.0,"turns":4.0},{"damage":0,"enemies":"Orb Walker","floor":39,"turns":3},{"damage":4,"enemies":"Jaw Worm Horde","floor":41,"turns":3},{"damage":49,"enemies":"Nemesis","floor":42,"turns":6}],"seed_played":"-5571843370272310020","potions_obtained":[{"floor":3.0,"key":"SkillPotion"},{"floor":12.0,"key":"DuplicationPotion"},{"floor":14.0,"key":"Regen Potion"},{"floor":30.0,"key":"Swift Potion"},{"floor":33.0,"key":"FocusPotion"},{"floor":39,"key":"Energy Potion"}],"is_trial":false,"path_per_floor":["M","T","M","?","?","R","E","R","T","R","?","E","M","M","R","B",null,"M","?","$","?","M","E","T","R","T","R","M","$","M","?","R","B",null,"M","?","$","?","M","R","M","E"],"character_chosen":"DEFECT","items_purchased":["Beam Cell","Mango","Chill","Defragment","DuplicationPotion","Omamori","BootSequence"],"campfire_rested":1,"item_purchase_floors":[20,20,29,29,29,29,37],"current_hp_per_floor":[64,64,64,59,48,48,48,48,48,48,48,39,38,38,38,54,62,27,27,41,39,38,34,34,34,34,34,14,14,5,5,18,25,42,44,38,38,38,38,38,36,0,0],"gold":89,"neow_bonus":"THREE_ENEMY_KILL","is_daily":false,"chose_seed":false,"campfire_upgraded":7,"win_rate":0.0,"timestamp":1614168089,"path_taken":["M","?","?","?","?","R","E","R","T","R","?","E","M","M","R","BOSS","M","?","$","?","M","E","?","R","T","R","M","$","?","?","R","BOSS","M","?","$","?","M","R","M","E"],"items_purchased_type":["Card","Relic","Card","Card","Potion","Relic","Card"],"build_version":"2020-12-22","purchased_purges":2,"victory":false,"max_hp_per_floor":[71,71,71,71,71,71,71,71,71,71,64,64,64,64,64,64,64,64,64,78,39,41,43,43,43,43,43,43,43,45,45,45,47,47,49,53,53,50,50,50,52,52,52],"relic_stats":{"Singing Bowl":16,"counters":[17,73],"Golden Idol":89,"Pantograph":50,"Pen Nib":[13],"Cursed Key":1,"obtain_stats":[{"NeowsBlessing":0,"Singing Bowl":4,"Golden Idol":11,"Mango":20,"Pen Nib":2,"Omamori":29,"Cursed Key":17,"Akabeko":7,"Cables":9,"Old Coin":23,"SlaversCollar":34,"Pantograph":12,"Cracked Core":0,"InkBottle":26},{"NeowsBlessing":0,"Singing Bowl":2,"Golden Idol":3,"Mango":8,"Pen Nib":1,"Omamori":11,"Cursed Key":7,"Akabeko":3,"Cables":3,"Old Coin":10,"SlaversCollar":13,"Pantograph":4,"Cracked Core":0,"InkBottle":10},{"NeowsBlessing":0,"Singing Bowl":2,"Golden Idol":3,"Mango":26,"Pen Nib":1,"Omamori":39,"Cursed Key":21,"Akabeko":3,"Cables":3,"Old Coin":33,"SlaversCollar":57,"Pantograph":12,"Cracked Core":0,"InkBottle":33}],"InkBottle":[15],"Cables":[62,31,27,4,0]},"card_choices":[{"not_picked":["Hologram","Lockon"],"picked":"Cold Snap","floor":1.0},{"not_picked":["Capacitor","Hologram"],"picked":"Rebound","floor":3.0},{"not_picked":["Loop","Lockon"],"picked":"Cold Snap","floor":7.0},{"not_picked":["Static Discharge","FTL"],"picked":"Doom and Gloom","floor":12.0},{"not_picked":["Sweeping Beam","Redo"],"picked":"Sunder","floor":13.0},{"not_picked":["Cold Snap","Chaos"],"picked":"Sweeping Beam","floor":14.0},{"not_picked":["Core Surge","Meteor Strike"],"picked":"Biased Cognition","floor":16.0},{"not_picked":["Streamline","Steam"],"picked":"FTL","floor":18.0},{"not_picked":["Leap","Conserve Battery","Sweeping Beam"],"picked":"Singing Bowl","floor":22.0},{"not_picked":["Stack","Darkness","Go for the Eyes"],"picked":"Singing Bowl","floor":23.0},{"not_picked":["Steam Power","Conserve Battery"],"picked":"Double Energy+1","floor":28.0},{"not_picked":["Sunder","Leap","FTL"],"picked":"Singing Bowl","floor":30.0},{"not_picked":["Fission","Amplify","All For One"],"picked":"Singing Bowl","floor":33.0},{"not_picked":["Doom and Gloom+1","Genetic Algorithm","Gash"],"picked":"Singing Bowl","floor":35.0},{"not_picked":["Forethought","Dramatic Entrance","Metamorphosis"],"picked":"Singing Bowl","floor":36},{"not_picked":["Thinking Ahead","Discovery"],"picked":"Secret Technique","floor":36},{"not_picked":["Dramatic Entrance","Finesse","Mind Blast"],"picked":"Singing Bowl","floor":36},{"not_picked":["Redo","Doom and Gloom+1"],"picked":"Loop","floor":39},{"not_picked":["Barrage","Gash","Redo"],"picked":"Singing Bowl","floor":41}],"player_experience":401776,"relics_obtained":[{"floor":2.0,"key":"Pen Nib"},{"floor":7.0,"key":"Akabeko"},{"floor":9.0,"key":"Cables"},{"floor":12.0,"key":"Pantograph"},{"floor":23.0,"key":"Old Coin"},{"floor":26.0,"key":"InkBottle"}],"event_choices":[{"damage_healed":0.0,"max_hp_gain":0.0,"max_hp_loss":0.0,"gold_gain":0.0,"event_name":"Scrap Ooze","player_choice":"Success","floor":4.0,"gold_loss":0.0,"damage_taken":5.0,"relics_obtained":["Singing Bowl"]},{"damage_healed":0.0,"max_hp_gain":0.0,"max_hp_loss":0.0,"gold_gain":75.0,"event_name":"World of Goop","player_choice":"Gather Gold","floor":5.0,"gold_loss":0.0,"damage_taken":11.0},{"damage_healed":0.0,"max_hp_gain":0.0,"max_hp_loss":7.0,"gold_gain":0.0,"event_name":"Golden Idol","player_choice":"Lose Max HP","floor":11.0,"gold_loss":0.0,"damage_taken":0.0,"relics_obtained":["Golden Idol"]},{"damage_healed":0.0,"max_hp_gain":0.0,"max_hp_loss":0.0,"gold_gain":50.0,"event_name":"Nest","player_choice":"Stole From Cult","floor":19.0,"gold_loss":0.0,"damage_taken":0.0},{"damage_healed":0.0,"max_hp_gain":0.0,"max_hp_loss":39.0,"gold_gain":0.0,"event_name":"Ghosts","player_choice":"Became a Ghost","floor":21.0,"gold_loss":0.0,"damage_taken":0.0,"cards_obtained":["Ghostly","Ghostly","Ghostly"]},{"damage_healed":0.0,"max_hp_gain":0.0,"max_hp_loss":0.0,"gold_gain":0.0,"event_name":"Cursed Tome","player_choice":"Ignored","floor":31.0,"gold_loss":0.0,"damage_taken":0.0},{"damage_healed":0,"gold_gain":0,"player_choice":"Memory 3","damage_taken":10,"max_hp_gain":0,"max_hp_loss":0,"event_name":"SensoryStone","floor":36,"gold_loss":0},{"damage_healed":0,"gold_gain":0,"player_choice":"Max HP","damage_taken":0,"max_hp_gain":0,"max_hp_loss":3,"event_name":"Winding Halls","floor":38,"gold_loss":0}],"is_beta":false,"boss_relics":[{"not_picked":["Busted Crown","Philosopher\u0027s Stone"],"picked":"Cursed Key"},{"not_picked":["Runic Pyramid","Runic Dome"],"picked":"SlaversCollar"}],"items_purged_floors":[20,37],"is_endless":false,"potions_floor_spawned":[3,12,14,16,18,22,30,33,39],"killed_by":"Nemesis","ascension_level":20}}