{"host":"gsp4qlltb0c3ynci","time":1614141876,"event":{"mods":["2.2 Compatiblity","Abigail Mod","Ascension Reborn","BaseMod","Friendly Minions","Minty Spire (QoL Compilation)","Prisma Mod","Replay The Spire","Say the Spire","StSLib"],"gold_per_floor":[141,330,378,438,127,217,217,319,319,406,496,614,656,761,761,1080,1080,1136,1136,1136,1248,662,746,822,946,946,1086,395,395,26,110,110,413,413,452,527,285,318,217,341,443,521,548,647,737,867,1245,425,425,450],"floor_reached":51,"language":"KOR","playtime":1546,"items_purged":["Strike_G+1","Strike_G+1","Strike_G+1","Strike_G+1"],"score":2115,"play_id":"d6779400-60b1-49de-9480-f2040f51bce5","local_time":"20210224134436","daily_mods":["Vintage","Colorless Cards","Heirloom","Time Dilation","Flight","DeadlyEvents","Elite Swarm","Midas"],"is_ascension_mode":true,"campfire_choices":[{"floor":15.0,"key":"REST"}],"circlet_count":0,"master_deck":["Strike_G+1","Defend_G+1","Defend_G+1","Defend_G+1","Defend_G+2","Defend_G+1","Survivor+1","Neutralize+1","Prepared","Enlightenment+1","After Image+1","HandOfGreed+1","Sadistic Nature","Poisoned Strike","Die Die Die+1","Deflect","Footwork","Adrenaline+1","Panache+1","Apotheosis+1","ReplayUltimateDefense+1"],"relics":["Ring of the Snake","Incense Burner","Akabeko","Replay:Bottled Snecko","Replay:WaspNest","Toy Ornithopter","PreservedInsect","Simple Rune","Durian","ReplayTheSpireMod:Ninjato","Ancient Tea Set","Gremlin Food","CaptainsWheel","Iron Hammer","Dream Catcher","SacredBark","Divine Protection","Spirit Poop","Bird Faced Urn","Whetstone","War Paint","TwistedFunnel","Anchor","InkBottle","Thread and Needle","Shuriken","Replay:PocketPolymizer","Chameleon Ring","ReplayTheSpireMod:TigerMarble","TheAbacus","Potion Belt","ReplayFunnel","Vampiric Spirits","Black Star","Matryoshka","Strawberry","Quantum Egg","Golden Egg","Bronze Scales","Replay:Bottled Eggs","Vajra","Torii","Replay:Wax Seal","ReplayTheSpireMod:Lightbulb","Bag of Preparation","Bottled Flame","Smiling Mask","Lantern","Ginger","Replay:Rubber Ducky","Pet Ghost","Happy Flower","Replay:Mystery Machine","Old Coin","Blood Vial","Tingsha","Replay:Multitool"],"acts_visited":["Exordium","TheCity","TheBeyond"],"potions_floor_usage":[16,24,33,33,33,33,33,46,50,50,50,50,50],"damage_taken":[{"damage":0.0,"enemies":"Cultist","floor":1.0,"turns":3.0},{"damage":0.0,"enemies":"2 Louse","floor":3.0,"turns":1.0},{"damage":0.0,"enemies":"Small Slimes","floor":4.0,"turns":2.0},{"damage":0.0,"enemies":"Lagavulin","floor":6.0,"turns":5.0},{"damage":0.0,"enemies":"Replay:BlueRogue","floor":8.0,"turns":4.0},{"damage":0.0,"enemies":"Lagavulin","floor":10.0,"turns":6.0},{"damage":0.0,"enemies":"Replay:BlueRogue","floor":11.0,"turns":4.0},{"damage":0.0,"enemies":"3 Sentries","floor":12.0,"turns":7.0},{"damage":0.0,"enemies":"Red Slaver","floor":13.0,"turns":1.0},{"damage":0.0,"enemies":"Replay:BlueRogue","floor":14.0,"turns":1.0},{"damage":0,"enemies":"The Guardian","floor":16,"turns":7},{"damage":0,"enemies":"2 Thieves","floor":18,"turns":2},{"damage":0,"enemies":"Book of Stabbing","floor":21,"turns":4},{"damage":0,"enemies":"Gremlin Leader","floor":23,"turns":3},{"damage":0,"enemies":"Spheric Guardian","floor":24,"turns":1},{"damage":0,"enemies":"Replay:Snechameleon","floor":25,"turns":3},{"damage":0,"enemies":"Slavers","floor":27,"turns":4},{"damage":0,"enemies":"Book of Stabbing","floor":31,"turns":5},{"damage":0,"enemies":"Pondfish","floor":33,"turns":7},{"damage":0,"enemies":"3 Shapes","floor":35,"turns":3},{"damage":0,"enemies":"3 Darklings","floor":38,"turns":2},{"damage":0,"enemies":"R_Hoarder","floor":40,"turns":3},{"damage":0,"enemies":"Giant Head","floor":41,"turns":5},{"damage":0,"enemies":"R_Hoarder","floor":42,"turns":3},{"damage":0,"enemies":"Giant Head","floor":44,"turns":3},{"damage":0,"enemies":"R_Hoarder","floor":45,"turns":3},{"damage":0,"enemies":"Nemesis","floor":46,"turns":5},{"damage":0,"enemies":"Reptomancer","floor":47,"turns":1},{"damage":0,"enemies":"Donu and Deca","floor":50,"turns":4}],"seed_played":"8702638361258135380","potions_obtained":[{"floor":2.0,"key":"Fruit Juice"},{"floor":4.0,"key":"Toxic Potion"},{"floor":12.0,"key":"Explosive Potion"},{"floor":14.0,"key":"Milkshake"},{"floor":16,"key":"Fire Potion"},{"floor":18,"key":"SpeedPotion"},{"floor":31,"key":"CunningPotion"},{"floor":32,"key":"Toxic Potion"},{"floor":32,"key":"BlessingOfTheForge"},{"floor":40,"key":"SpeedPotion"},{"floor":44,"key":"FairyPotion"},{"floor":45,"key":"Fruit Juice"},{"floor":49,"key":"Ancient Potion"}],"is_trial":true,"path_per_floor":["M","?","M","M","$","E","?","E","T","E","E","E","M","E","R","B",null,"M","?","?","E","$","E","M","E","T","E","$","?","$","E","R","B",null,"M","T","$","M","$","E","E","E","T","E","E","E","E","$","R","B",null],"character_chosen":"THE_SILENT","items_purchased":["Enlightenment","PreservedInsect","Whetstone","War Paint","TwistedFunnel","Footwork","Chameleon Ring","ReplayTheSpireMod:TigerMarble","TheAbacus","Potion Belt","Ancient Potion","ReplayFunnel","Golden Egg","CultistPotion","Tingsha","Replay:Multitool","Toxic Potion","Block Potion","FearPotion"],"campfire_rested":1,"item_purchase_floors":[5,5,22,22,22,22,28,28,28,30,30,30,37,39,48,48,48,48,48],"current_hp_per_floor":[70,53,58,58,58,63,56,61,61,61,61,61,66,66,80,80,80,80,80,80,80,80,80,80,80,80,80,80,80,80,80,80,80,80,80,87,87,87,87,87,87,87,87,87,87,102,102,102,102,102],"gold":450,"neow_bonus":"","is_daily":false,"chose_seed":false,"campfire_upgraded":0,"win_rate":0.0,"timestamp":1614141876,"path_taken":["M","?","M","M","$","E","?","E","T","E","?","E","?","?","R","BOSS","M","?","?","?","$","E","M","E","T","E","$","?","$","E","R","BOSS","M","?","?","?","$","E","E","E","T","E","E","?","E","$","R","BOSS"],"items_purchased_type":["Card","Relic","Relic","Relic","Relic","Card","Relic","Relic","Relic","Relic","Potion","Relic","Relic","Potion","Relic","Relic","Potion","Potion","Potion"],"build_version":"2020-12-22","purchased_purges":4,"victory":true,"max_hp_per_floor":[70,70,75,75,75,75,75,80,80,80,80,80,80,80,80,80,80,80,80,80,80,80,80,80,80,80,80,80,80,80,80,80,80,80,80,87,87,87,87,87,87,87,87,87,87,102,102,102,102,102],"card_choices":[{"not_picked":["Poisoned Stab","Quick Slash"],"picked":"Prepared","floor":2.0},{"not_picked":["Mayhem","Metamorphosis","Secret Weapon"],"picked":"SKIP","floor":6.0},{"not_picked":["The Bomb","HandOfGreed"],"picked":"After Image","floor":8.0},{"not_picked":["Replay:Bag of Tricks","Malaise"],"picked":"HandOfGreed","floor":10.0},{"not_picked":["Magnetism","A Thousand Cuts"],"picked":"Sadistic Nature","floor":11.0},{"not_picked":["Grand Finale","Corpse Explosion"],"picked":"Poisoned Strike","floor":12.0},{"not_picked":["Replay:Bag of Tricks","Midas Touch"],"picked":"Die Die Die","floor":14.0},{"not_picked":["Underhanded Strike","ReplayTheSpireMod:The Works"],"picked":"Deflect","floor":15.0},{"not_picked":["Secret Weapon","Tools of the Trade","Chrysalis"],"picked":"SKIP","floor":21},{"not_picked":["A Thousand Cuts","Mayhem","Phantasmal Killer"],"picked":"SKIP","floor":23},{"not_picked":["Mayhem","Secret Technique","Die Die Die"],"picked":"SKIP","floor":25},{"not_picked":["Die Die Die","Poisoned Strike","Burst"],"picked":"SKIP","floor":27},{"not_picked":["Night Terror","Metamorphosis","ReplayTheSpireMod:Necrosis"],"picked":"SKIP","floor":31},{"not_picked":["Violence","Secret Weapon"],"picked":"Adrenaline","floor":40},{"not_picked":["Replay:Bag of Tricks","HandOfGreed","ReplayTheSpireMod:Necrosis"],"picked":"SKIP","floor":41},{"not_picked":["Metamorphosis","Phantasmal Killer"],"picked":"Panache","floor":42},{"not_picked":["Wraith Form v2","Secret Technique"],"picked":"Apotheosis","floor":44},{"not_picked":["Doppelganger","Master of Strategy"],"picked":"ReplayUltimateDefense","floor":45},{"not_picked":["Midas Touch","ReplayUltimateDefense","Metamorphosis"],"picked":"SKIP","floor":46},{"not_picked":["Glass Knife","ReplayTheSpireMod:Necrogeddon","Midas Touch"],"picked":"SKIP","floor":47}],"player_experience":514092,"relics_obtained":[{"floor":1.0,"key":"Akabeko"},{"floor":2.0,"key":"Replay:Bottled Snecko"},{"floor":3.0,"key":"Replay:WaspNest"},{"floor":4.0,"key":"Toy Ornithopter"},{"floor":6.0,"key":"Simple Rune"},{"floor":8.0,"key":"Durian"},{"floor":9.0,"key":"ReplayTheSpireMod:Ninjato"},{"floor":10.0,"key":"Ancient Tea Set"},{"floor":11.0,"key":"Gremlin Food"},{"floor":12.0,"key":"CaptainsWheel"},{"floor":13.0,"key":"Iron Hammer"},{"floor":14.0,"key":"Dream Catcher"},{"floor":18,"key":"Divine Protection"},{"floor":21,"key":"Bird Faced Urn"},{"floor":23,"key":"Anchor"},{"floor":24,"key":"InkBottle"},{"floor":25,"key":"Thread and Needle"},{"floor":26,"key":"Shuriken"},{"floor":27,"key":"Replay:PocketPolymizer"},{"floor":31,"key":"Vampiric Spirits"},{"floor":35,"key":"Matryoshka"},{"floor":36,"key":"Strawberry"},{"floor":36,"key":"Quantum Egg"},{"floor":38,"key":"Bronze Scales"},{"floor":40,"key":"Replay:Bottled Eggs"},{"floor":40,"key":"Vajra"},{"floor":41,"key":"Torii"},{"floor":41,"key":"Replay:Wax Seal"},{"floor":42,"key":"ReplayTheSpireMod:Lightbulb"},{"floor":42,"key":"Bag of Preparation"},{"floor":43,"key":"Bottled Flame"},{"floor":43,"key":"Smiling Mask"},{"floor":44,"key":"Lantern"},{"floor":44,"key":"Ginger"},{"floor":45,"key":"Replay:Rubber Ducky"},{"floor":45,"key":"Pet Ghost"},{"floor":46,"key":"Happy Flower"},{"floor":46,"key":"Replay:Mystery Machine"},{"floor":47,"key":"Old Coin"},{"floor":47,"key":"Blood Vial"}],"event_choices":[{"damage_healed":0.0,"max_hp_gain":0.0,"max_hp_loss":0.0,"gold_gain":0.0,"event_name":"Wheel of Change","player_choice":"Damaged","floor":7.0,"gold_loss":0.0,"damage_taken":7.0},{"cards_removed":["Delirium"],"damage_healed":0,"gold_gain":0,"player_choice":"Offered Curse","damage_taken":0,"relics_obtained":["Spirit Poop"],"max_hp_gain":0,"max_hp_loss":0,"event_name":"Bonfire Elementals","floor":20,"gold_loss":0},{"damage_healed":0,"gold_gain":0,"player_choice":"Ignored","damage_taken":0,"max_hp_gain":0,"max_hp_loss":0,"event_name":"NoteForYourself","floor":29,"gold_loss":0}],"is_beta":false,"boss_relics":[{"not_picked":["Velvet Choker","Coffee Dripper"],"picked":"SacredBark"},{"not_picked":["Runic Pyramid","Ring of the Serpent"],"picked":"Black Star"}],"items_purged_floors":[5,22,28,48],"is_endless":false,"potions_floor_spawned":[4,12,13,14,16,18,21,31,40,44,45],"ascension_level":0}}