{"host":"yrbbd32mtuqddxkv","time":1614177321,"event":{"mods":["Act Like it!","Astrologer","BaseMod","Gensokyo","GungeonMod","Marisa£®ÏF”Í°°ƒß¿Ì…≥£©","Minty Spire (QoL Compilation)","Quick Restart","Reimu£®≤©¿ˆ¡È√Œ£©","Reliquary","Remilia£®¿Ÿ√◊¿Ú—«£©","Replay The Spire","StSLib","The Runesmith","The Servant 0.9.4"],"gold_per_floor":[118,132,132,132,482,482,511,511,511,546,243,243,243,0,0,0,0],"floor_reached":16,"language":"ZHS","playtime":491,"items_purged":["Shame"],"score":134,"play_id":"f0ab6c34-10dc-4a89-a0dc-2f8802d2be9a","local_time":"20210224223521","is_ascension_mode":true,"campfire_choices":[{"data":"astrologer:TheFool","floor":6,"key":"SMITH"},{"data":"astrologer:Moonlight","floor":8,"key":"SMITH"},{"data":"astrologer:NorthStar","floor":12,"key":"SMITH"},{"floor":15,"key":"REST"}],"circlet_count":0,"master_deck":["astrologer:Strike","astrologer:Strike","astrologer:Defend","astrologer:Defend","astrologer:Defend","astrologer:NorthStar+1","astrologer:TheFool+1","astrologer:Moonlight+1","astrologer:MeteorShower+1","Delirium","Parasite","astrologer:BlackHole+1","astrologer:CosmicExpanse+1","Gensokyo:CrescentMoonSlash","Gensokyo:DepletedGenerator","Gensokyo:MissMary"],"relics":["astrologer:SkyMirror","NeowsBlessing","Ring of Peace","Ring of Greed","Golden Egg","Old Coin","reliquary:PorcupineQuills","Onion Ring","Singing Bowl","DemoMod:ClearGuonStone"],"acts_visited":["Gensokyo:Gensokyo"],"potions_floor_usage":[10],"damage_taken":[{"damage":0.0,"enemies":"Gensokyo:Python","floor":1.0,"turns":1.0},{"damage":0.0,"enemies":"Gensokyo:Gryphon","floor":2.0,"turns":1.0},{"damage":0,"enemies":"Gensokyo:Cirno","floor":7,"turns":2},{"damage":16,"enemies":"Gensokyo:Aya","floor":10,"turns":6},{"damage":64,"enemies":"Gensokyo:Kokoro","floor":16,"turns":13}],"seed_played":"-8312598792131668167","potions_obtained":[{"floor":2.0,"key":"ColorlessPotion"},{"floor":10,"key":"FearPotion"}],"is_trial":false,"path_per_floor":["M","M","?","?","?","R","E","R","T","E","$","R","?","COS","R","B"],"character_chosen":"ASTROLOGER","items_purchased":["DemoMod:ClearGuonStone","astrologer:CosmicExpanse"],"campfire_rested":1,"item_purchase_floors":[11,11],"current_hp_per_floor":[70,70,42,42,42,42,42,42,42,28,28,28,18,18,39,0,0],"gold":0,"neow_bonus":"THREE_ENEMY_KILL","is_daily":false,"chose_seed":false,"campfire_upgraded":3,"win_rate":0.0,"timestamp":1614177321,"path_taken":["M","M","?","?","?","R","E","R","T","E","$","R","?","COS","R","BOSS"],"items_purchased_type":["Relic","Card"],"build_version":"2020-12-22","purchased_purges":1,"victory":false,"max_hp_per_floor":[70,70,70,70,70,70,70,70,70,72,72,72,72,72,72,72,72],"card_choices":[{"not_picked":["astrologer:Eclipse","astrologer:FrozenStar","astrologer:Conjunction"],"picked":"SKIP","floor":1.0},{"not_picked":["astrologer:Opposition","astrologer:Temperance"],"picked":"astrologer:Moonlight","floor":2.0},{"not_picked":["astrologer:Glimpse","astrologer:Prismatic"],"picked":"astrologer:BlackHole","floor":7},{"not_picked":["astrologer:LonelyStar","astrologer:SolarFlare","astrologer:TheDevil"],"picked":"Singing Bowl","floor":10}],"player_experience":927801,"relics_obtained":[{"floor":5,"key":"Ring of Peace"},{"floor":5,"key":"Ring of Greed"},{"floor":5,"key":"Golden Egg"},{"floor":5,"key":"Old Coin"},{"floor":7,"key":"reliquary:PorcupineQuills"},{"floor":9,"key":"Onion Ring"},{"floor":10,"key":"Singing Bowl"}],"event_choices":[],"is_beta":false,"boss_relics":[],"items_purged_floors":[11],"is_endless":false,"potions_floor_spawned":[2,10],"killed_by":"Gensokyo:Kokoro","ascension_level":1}}