{"host":"nsiiwrl41ak9l0n5","time":1614155690,"event":{"mods":["100% Spire Juice","Act Like it!","BaseMod","Better Altar","Better Match","Better Note","Better Sensory Stone","Better Skull","BetterRewards","Colored Map","Colored Powertips","Downfall","Emptier Cage","GifTheSpireLib","HexUI Lib","Highlight Path","MarisaÅiñ∂âJÅ@ñÇóùçπÅj","Minty Spire (QoL Compilation)","Permanent Neow","Quick Restart","Rare Cards Sparkle","Relic Sorter","SacredBarkPlus","StSLib","The Cursed","The Servant 0.9.4"],"gold_per_floor":[109,109,124,139,156,156,168,187,210,65,65,38,70,86,86,191,191,207,207,207,207,227,227,240,267,267,302,51,64,75,94,94,189,189,202,202,213,225,245,245,276,295,341,616,616,642,642,662,662,662],"floor_reached":51,"language":"ENG","playtime":4646,"items_purged":[],"score":808,"play_id":"b19d2626-80b6-47e6-9b86-d3936865a63a","local_time":"20210224183450","is_ascension_mode":false,"campfire_choices":[{"data":"TheCursedMod:CleanUpWorkshop","floor":6,"key":"SMITH"},{"data":"TheCursedMod:VoidForm","floor":11,"key":"SMITH"},{"floor":15,"key":"REST"},{"floor":23,"key":"REST"},{"floor":32,"key":"REST"},{"data":"TheCursedMod:NeowsMight","floor":40,"key":"SMITH"},{"floor":47,"key":"DIG"},{"floor":49,"key":"DIG"}],"circlet_count":0,"master_deck":["TheCursedMod:Strike_TheCursed","TheCursedMod:Strike_TheCursed","TheCursedMod:Strike_TheCursed","TheCursedMod:Defend_TheCursed","TheCursedMod:Defend_TheCursed","TheCursedMod:Defend_TheCursed","TheCursedMod:Defend_TheCursed","TheCursedMod:CursedWand","TheCursedMod:CleanUpWorkshop+1","TheCursedMod:Dregs","Normality","TheCursedMod:AbyssShockwave","TheCursedMod:ManaBullet","TheCursedMod:CursedRelics","TheCursedMod:CursedSpellbook","TheCursedMod:SpitefulPray","TheCursedMod:VoidForm+1","TheCursedMod:WearCloak","TheCursedMod:TroublousMinions","TheCursedMod:SpitefulStrike","TheCursedMod:AshesToAshes","TheCursedMod:CursedArmor","TheCursedMod:SmokeScreen","TheCursedMod:RavingStaff","TheCursedMod:DemonicPact","TheCursedMod:SmokeScreen","TheCursedMod:CursedStaff","TheCursedMod:DemonSword","TheCursedMod:SpitefulStrike","TheCursedMod:AbyssShockwave","TheCursedMod:SpitefulPlan","TheCursedMod:CursedSpellbook","TheCursedMod:DemonSword","TheCursedMod:CursedShiv","TheCursedMod:CursedBoomerang+1","Necronomicurse","TheCursedMod:SurpriseAttack","TheCursedMod:LuckyCharm","TheCursedMod:SpitefulStrike","TheCursedMod:RapidMovement","TheCursedMod:HellsGateOpen+1","TheCursedMod:ManaCirculation","TheCursedMod:NeowsMight+1","TheCursedMod:SpitefulStrike","TheCursedMod:AshesToAshes+1","TheCursedMod:SpitefulStrike","TheCursedMod:ManaCirculation","TheCursedMod:CursedShiv+1","TheCursedMod:SpitefulPray+1","TheCursedMod:NeowsMight","TheCursedMod:SpitefulPray","Regret","TheCursedMod:ReleasedStrength+1"],"relics":["TheCursedMod:BlackMagic101","Prayer Wheel","Juzu Bracelet","Orrery","TheCursedMod:Tack","TheCursedMod:FourLeafCloverCharm","Necronomicon","Ancient Tea Set","Shovel","Nunchaku","HornCleat","SlaversCollar","Art of War","Bronze Scales","Gambling Chip","Eternal Feather","Ice Cream"],"acts_visited":["Exordium","TheCity","TheBeyond"],"potions_floor_usage":[16,16,24,31,33,38,41,46,50,50,50,50,50,50],"damage_taken":[{"damage":2,"enemies":"Cultist","floor":1,"turns":5},{"damage":3,"enemies":"Small Slimes","floor":3,"turns":4},{"damage":0,"enemies":"2 Louse","floor":4,"turns":1},{"damage":0,"enemies":"Looter","floor":5,"turns":3},{"damage":10,"enemies":"Large Slime","floor":7,"turns":5},{"damage":6,"enemies":"Red Slaver","floor":8,"turns":5},{"damage":8,"enemies":"Lagavulin","floor":13,"turns":6},{"damage":0,"enemies":"Gremlin Gang","floor":14,"turns":3},{"damage":30,"enemies":"Hexaghost","floor":16,"turns":6},{"damage":18,"enemies":"Spheric Guardian","floor":18,"turns":7},{"damage":5,"enemies":"Chosen","floor":22,"turns":3},{"damage":0,"enemies":"3 Cultists","floor":24,"turns":5},{"damage":12,"enemies":"Book of Stabbing","floor":27,"turns":3},{"damage":0,"enemies":"Snake Plant","floor":29,"turns":3},{"damage":18,"enemies":"Snecko","floor":30,"turns":4},{"damage":5,"enemies":"Shelled Parasite and Fungi","floor":31,"turns":2},{"damage":22,"enemies":"Champ","floor":33,"turns":6},{"damage":5,"enemies":"3 Darklings","floor":35,"turns":3},{"damage":0,"enemies":"Orb Walker","floor":37,"turns":3},{"damage":0,"enemies":"3 Darklings","floor":38,"turns":2},{"damage":6,"enemies":"Spire Growth","floor":39,"turns":4},{"damage":4,"enemies":"Giant Head","floor":41,"turns":5},{"damage":0,"enemies":"Sphere and 2 Shapes","floor":42,"turns":2},{"damage":0,"enemies":"Nemesis","floor":46,"turns":5},{"damage":5,"enemies":"Jaw Worm Horde","floor":48,"turns":2},{"damage":36,"enemies":"Donu and Deca","floor":50,"turns":5}],"seed_played":"-1849235291064709039","potions_obtained":[{"floor":3,"key":"champ:CounterPotion"},{"floor":4,"key":"SteroidPotion"},{"floor":8,"key":"PowerPotion"},{"floor":14,"key":"SkillPotion"},{"floor":22,"key":"TheCursedMod:DregsPotion"},{"floor":24,"key":"SneckoOil"},{"floor":33,"key":"Explosive Potion"},{"floor":35,"key":"Weak Potion"},{"floor":38,"key":"Explosive Potion"},{"floor":39,"key":"Weak Potion"},{"floor":42,"key":"SkillPotion"},{"floor":48,"key":"EntropicBrew"}],"is_trial":false,"path_per_floor":["M","?","M","M","M","R","M","M","T","$","R","$","E","M","R","B",null,"M","?","?","?","M","R","M","T","T","E","$","M","M","M","R","B",null,"M","?","M","M","M","R","E","M","T","?","?","E","R","M","R","B",null],"character_chosen":"THE_CURSED","items_purchased":["Orrery","TheCursedMod:SpitefulStrike","HornCleat"],"campfire_rested":3,"item_purchase_floors":[10,12,28],"current_hp_per_floor":[73,73,70,70,70,70,60,54,54,54,54,54,46,46,68,38,75,57,57,41,41,36,58,58,58,58,46,46,46,28,23,45,23,75,70,70,70,70,64,64,60,60,60,60,60,60,60,55,75,39],"gold":662,"neow_bonus":"ONE_RARE_RELIC","is_daily":false,"chose_seed":false,"campfire_upgraded":3,"win_rate":0.0,"timestamp":1614155690,"path_taken":["M","?","M","M","M","R","?","M","T","$","R","?","E","M","R","BOSS","M","?","?","?","M","R","M","?","T","E","$","M","M","M","R","BOSS","M","?","M","M","M","R","E","M","T","?","?","E","R","M","R","BOSS"],"items_purchased_type":["Relic","Card","Relic"],"build_version":"2020-12-22","purchased_purges":0,"victory":true,"max_hp_per_floor":[75,75,75,75,75,75,75,75,75,75,75,75,75,75,75,75,75,75,75,75,75,75,75,75,75,75,75,75,75,75,75,75,75,75,75,75,75,75,75,75,75,75,75,75,75,75,75,75,75,75],"card_choices":[{"not_picked":["TheCursedMod:CursedShiv","TheCursedMod:CircleOfFlame"],"picked":"TheCursedMod:AbyssShockwave","floor":1},{"not_picked":["TheCursedMod:CursedShiv","TheCursedMod:SpreadPlague"],"picked":"TheCursedMod:ManaBullet","floor":1},{"not_picked":["TheCursedMod:RavingStaff","TheCursedMod:BlessingInDisguise"],"picked":"TheCursedMod:CircleOfFlame","floor":3},{"not_picked":["TheCursedMod:SpitefulStrike","TheCursedMod:SpitefulPlan"],"picked":"TheCursedMod:CursedSpellbook","floor":3},{"not_picked":["TheCursedMod:CircleOfFlame","TheCursedMod:FleshFromBone"],"picked":"TheCursedMod:SpitefulPray","floor":4},{"not_picked":["TheCursedMod:CircleOfCorruption","TheCursedMod:FleshFromBone"],"picked":"TheCursedMod:VoidForm","floor":4},{"not_picked":["TheCursedMod:Stretching","TheCursedMod:CircleOfCorruption"],"picked":"TheCursedMod:WearCloak","floor":5},{"not_picked":["TheCursedMod:SpitefulStrike","TheCursedMod:SpitefulPray"],"picked":"TheCursedMod:TroublousMinions","floor":5},{"not_picked":["TheCursedMod:SpreadPlague","TheCursedMod:Stigma"],"picked":"TheCursedMod:SpitefulStrike","floor":7},{"not_picked":["TheCursedMod:CursedAmulet","TheCursedMod:StingEye"],"picked":"TheCursedMod:AshesToAshes","floor":7},{"not_picked":["TheCursedMod:Wield","TheCursedMod:Stretching"],"picked":"TheCursedMod:CursedArmor","floor":8},{"not_picked":["TheCursedMod:SpreadPlague","TheCursedMod:CursedSpellbook"],"picked":"TheCursedMod:SmokeScreen","floor":8},{"not_picked":["TheCursedMod:TacticalStrike","TheCursedMod:RapidMovement"],"picked":"TheCursedMod:RavingStaff","floor":10},{"not_picked":["TheCursedMod:HellsGateOpen","TheCursedMod:BlessingInDisguise"],"picked":"TheCursedMod:DemonicPact","floor":10},{"not_picked":["TheCursedMod:CursedMace","TheCursedMod:CircleOfFlame"],"picked":"TheCursedMod:SmokeScreen","floor":10},{"not_picked":["TheCursedMod:SmokeScreen","TheCursedMod:FleshFromBone"],"picked":"TheCursedMod:CursedStaff","floor":10},{"not_picked":["TheCursedMod:CursedAmulet","TheCursedMod:HellfireBreathing"],"picked":"TheCursedMod:DemonSword","floor":10},{"not_picked":["TheCursedMod:RapidMovement","TheCursedMod:DoubleShield"],"picked":"TheCursedMod:AbyssShockwave","floor":13},{"not_picked":["TheCursedMod:ReleasedKnowledge","TheCursedMod:TacticalStrike"],"picked":"TheCursedMod:SpitefulPlan","floor":14},{"not_picked":["TheCursedMod:Torture","TheCursedMod:SpitefulStrike"],"picked":"TheCursedMod:CursedSpellbook","floor":14},{"not_picked":["TheCursedMod:UltimatePain","TheCursedMod:DemonicPact"],"picked":"TheCursedMod:DemonSword","floor":16},{"not_picked":["TheCursedMod:Torture","TheCursedMod:Evocation"],"picked":"TheCursedMod:CursedShiv","floor":18},{"not_picked":["TheCursedMod:TroublousMinions+1","TheCursedMod:Obscuration"],"picked":"TheCursedMod:CursedBoomerang+1","floor":18},{"not_picked":["TheCursedMod:Mangle","TheCursedMod:CursedShiv"],"picked":"TheCursedMod:LuckyCharm","floor":22},{"not_picked":["TheCursedMod:RavingStaff","TheCursedMod:SurpriseAttack","TheCursedMod:CursedStaff"],"picked":"SKIP","floor":22},{"not_picked":["TheCursedMod:SmokeScreen","TheCursedMod:CursedMace"],"picked":"TheCursedMod:SpitefulStrike","floor":24},{"not_picked":["TheCursedMod:BloodBarrier+1","TheCursedMod:LuckyCharm"],"picked":"TheCursedMod:RapidMovement","floor":24},{"not_picked":["TheCursedMod:SurpriseAttack","TheCursedMod:Torture","TheCursedMod:EmpowerCircles+1"],"picked":"SKIP","floor":27},{"not_picked":["TheCursedMod:DoubleShield+1","TheCursedMod:CursedBlade"],"picked":"TheCursedMod:HellsGateOpen","floor":29},{"not_picked":["TheCursedMod:CursedAmulet+1","TheCursedMod:RavingStaff+1","TheCursedMod:Stigma+1"],"picked":"SKIP","floor":29},{"not_picked":["TheCursedMod:ReleasedStrength+1","TheCursedMod:CursedMace+1"],"picked":"TheCursedMod:ManaCirculation","floor":30},{"not_picked":["TheCursedMod:BlessingInDisguise","TheCursedMod:CircleOfFocus","TheCursedMod:CursedBoomerang"],"picked":"SKIP","floor":30},{"not_picked":["TheCursedMod:CircleOfCorruption","TheCursedMod:CircleOfAmplification","TheCursedMod:Stigma"],"picked":"SKIP","floor":31},{"not_picked":["TheCursedMod:Torture","TheCursedMod:AshesToAshes","TheCursedMod:SurpriseAttack+1"],"picked":"SKIP","floor":31},{"not_picked":["TheCursedMod:UltimatePain","TheCursedMod:StunningStrike"],"picked":"TheCursedMod:NeowsMight","floor":33},{"not_picked":["TheCursedMod:CursedShiv","TheCursedMod:Obscuration"],"picked":"TheCursedMod:SpitefulStrike","floor":35},{"not_picked":["TheCursedMod:VitalStrike+1","TheCursedMod:CursedAmulet"],"picked":"TheCursedMod:AshesToAshes+1","floor":35},{"not_picked":["TheCursedMod:CursedAmulet+1","TheCursedMod:CursedShiv"],"picked":"TheCursedMod:SpitefulStrike","floor":37},{"not_picked":["TheCursedMod:TacticalStrike","TheCursedMod:RavingStaff","TheCursedMod:BlessingInDisguise"],"picked":"SKIP","floor":37},{"not_picked":["TheCursedMod:CursedBlade+1","TheCursedMod:SurpriseAttack"],"picked":"TheCursedMod:ManaCirculation","floor":38},{"not_picked":["TheCursedMod:RavingStaff+1","TheCursedMod:CircleOfAmplification","TheCursedMod:Stretching"],"picked":"SKIP","floor":38},{"not_picked":["TheCursedMod:Torture+1","TheCursedMod:BlessingInDisguise+1"],"picked":"TheCursedMod:CursedShiv+1","floor":39},{"not_picked":["TheCursedMod:VitalStrike","TheCursedMod:FleshFromBone"],"picked":"TheCursedMod:SpitefulPray+1","floor":39},{"not_picked":["TheCursedMod:FleshFromBone+1","TheCursedMod:Obscuration+1"],"picked":"TheCursedMod:NeowsMight","floor":41},{"not_picked":["TheCursedMod:SoulReap+1","TheCursedMod:Grudge"],"picked":"TheCursedMod:SpitefulPray","floor":42},{"not_picked":["TheCursedMod:RavingStaff+1","TheCursedMod:WearCloak","TheCursedMod:Stigma+1"],"picked":"SKIP","floor":42},{"not_picked":["TheCursedMod:Hemoplague","TheCursedMod:CircleOfCorruption+1","TheCursedMod:CursedBlade+1"],"picked":"SKIP","floor":46},{"not_picked":["TheCursedMod:CursedMace","TheCursedMod:WearCloak+1"],"picked":"TheCursedMod:ReleasedStrength+1","floor":48},{"not_picked":["TheCursedMod:FuryStrike","TheCursedMod:CursedShiv","TheCursedMod:Torture"],"picked":"SKIP","floor":48}],"player_experience":201597,"relics_obtained":[{"floor":9,"key":"Juzu Bracelet"},{"floor":13,"key":"TheCursedMod:Tack"},{"floor":20,"key":"Necronomicon"},{"floor":25,"key":"Ancient Tea Set"},{"floor":26,"key":"Shovel"},{"floor":27,"key":"Nunchaku"},{"floor":41,"key":"Art of War"},{"floor":43,"key":"Bronze Scales"},{"floor":46,"key":"Gambling Chip"},{"floor":47,"key":"Eternal Feather"},{"floor":49,"key":"Ice Cream"}],"event_choices":[{"damage_healed":0,"gold_gain":0,"cards_transformed":["TheCursedMod:Strike_TheCursed"],"player_choice":"Transformed","damage_taken":0,"max_hp_gain":0,"max_hp_loss":0,"event_name":"Transmorgrifier","floor":2,"gold_loss":0,"cards_obtained":["TheCursedMod:CursedRelics"]},{"cards_removed":["TheCursedMod:Strike_TheCursed"],"damage_healed":0,"gold_gain":0,"player_choice":"Give","damage_taken":0,"max_hp_gain":0,"max_hp_loss":0,"event_name":"betterNote:BetterNote","floor":19,"gold_loss":0,"cards_obtained":["bronze:Strike"]},{"damage_healed":0,"gold_gain":0,"player_choice":"Obtained Book","damage_taken":16,"max_hp_gain":0,"max_hp_loss":0,"event_name":"Cursed Tome","floor":20,"gold_loss":0},{"damage_healed":0,"gold_gain":0,"player_choice":"Read","damage_taken":0,"max_hp_gain":0,"max_hp_loss":0,"event_name":"The Library","floor":21,"gold_loss":0,"cards_obtained":["TheCursedMod:SurpriseAttack"]},{"damage_healed":0,"gold_gain":0,"player_choice":"Upgraded","damage_taken":0,"max_hp_gain":0,"max_hp_loss":0,"event_name":"Upgrade Shrine","floor":36,"gold_loss":0,"cards_upgraded":["TheCursedMod:HellsGateOpen"]},{"damage_healed":0,"gold_gain":275,"player_choice":"Desecrate","damage_taken":0,"max_hp_gain":0,"max_hp_loss":0,"event_name":"Golden Shrine","floor":44,"gold_loss":0,"cards_obtained":["Regret"]},{"cards_removed":["TheCursedMod:CircleOfFlame"],"damage_healed":0,"gold_gain":0,"player_choice":"Removed Skill","damage_taken":0,"max_hp_gain":0,"max_hp_loss":0,"event_name":"Falling","floor":45,"gold_loss":0}],"is_beta":false,"boss_relics":[{"not_picked":["Ectoplasm","SacredBark"],"picked":"TheCursedMod:FourLeafCloverCharm"},{"not_picked":["Snecko Eye","Black Star"],"picked":"SlaversCollar"}],"items_purged_floors":[],"is_endless":false,"potions_floor_spawned":[3,4,8,14,22,24,33,35,38,39,42,48],"ascension_level":0}}