{"host":"raaimkojny05jekw","time":1614182727,"event":{"mods":["AchievementEnabler","BaseMod","Colored Map","Colored Powertips","DeckTracker","Minty Spire (QoL Compilation)","Quick Restart","Rare Cards Sparkle","everything is the same but u backflip on backflip"],"gold_per_floor":[369,131,145,145,145,145,156,189,189,199,209,228,52,68,68,173,173,192,192,210,114,114,114,141,141,141],"floor_reached":25,"language":"KOR","playtime":786,"items_purged":["Strike_R","Strike_R"],"score":325,"play_id":"97ac8dce-1125-4d7c-9e14-ea5850b69f87","local_time":"20210225010527","is_ascension_mode":true,"campfire_choices":[{"data":"Trip","floor":6,"key":"SMITH"},{"data":"Heavy Blade","floor":15,"key":"SMITH"},{"data":"Berserk","floor":23,"key":"SMITH"}],"circlet_count":0,"master_deck":["AscendersBane","Strike_R+1","Strike_R","Strike_R","Defend_R","Defend_R","Defend_R","Defend_R","Bash+1","Clothesline+1","Trip+1","Battle Trance","True Grit","Flex","Heavy Blade+1","Flame Barrier","Flex","Bloodletting","Dropkick","Berserk+1","CurseOfTheBell","Rage","Heavy Blade","J.A.X.","Armaments","Madness"],"relics":["Burning Blood","Darkstone Periapt","Whetstone","Calling Bell","Omamori","Letter Opener","Prayer Wheel","Paper Frog","Blood Vial"],"acts_visited":["Exordium","TheCity"],"potions_floor_usage":[8,8,16,18],"damage_taken":[{"damage":13,"enemies":"Jaw Worm","floor":1,"turns":4},{"damage":4,"enemies":"Small Slimes","floor":3,"turns":3},{"damage":0,"enemies":"Cultist","floor":7,"turns":3},{"damage":30,"enemies":"3 Sentries","floor":8,"turns":9},{"damage":20,"enemies":"Lots of Slimes","floor":10,"turns":4},{"damage":5,"enemies":"Blue Slaver","floor":11,"turns":4},{"damage":0,"enemies":"3 Louse","floor":12,"turns":2},{"damage":7,"enemies":"Exordium Thugs","floor":14,"turns":4},{"damage":25,"enemies":"Hexaghost","floor":16,"turns":9},{"damage":0,"enemies":"3 Byrds","floor":18,"turns":3},{"damage":26,"enemies":"2 Thieves","floor":20,"turns":5},{"damage":62,"enemies":"Cultist and Chosen","floor":25,"turns":7}],"seed_played":"-6520029045675141929","potions_obtained":[{"floor":3,"key":"Regen Potion"},{"floor":7,"key":"Explosive Potion"},{"floor":12,"key":"Block Potion"},{"floor":16,"key":"Fire Potion"}],"is_trial":false,"path_per_floor":["M","$","M","?","?","R","M","E","T","M","M","M","$","M","R","B",null,"M","?","M","$","?","R","T","M"],"character_chosen":"IRONCLAD","items_purchased":["Trip","Battle Trance","Dropkick","Madness"],"campfire_rested":0,"item_purchase_floors":[2,2,13,21],"current_hp_per_floor":[44,44,46,46,46,46,52,43,43,29,30,36,36,35,35,16,70,76,76,56,56,56,56,56,0,0],"gold":141,"neow_bonus":"TWO_FIFTY_GOLD","is_daily":false,"chose_seed":false,"campfire_upgraded":3,"win_rate":0.0,"timestamp":1614182727,"path_taken":["M","$","M","?","?","R","?","E","T","M","M","M","?","M","R","BOSS","M","?","M","$","?","R","?","?"],"items_purchased_type":["Card","Card","Card","Card"],"build_version":"2020-12-22","purchased_purges":2,"victory":false,"max_hp_per_floor":[80,80,80,80,80,80,80,80,80,80,80,80,80,80,80,80,86,86,86,86,86,86,86,86,86,86],"card_choices":[{"not_picked":["Havoc","Warcry"],"picked":"Clothesline","floor":1},{"not_picked":["Feel No Pain","Flex"],"picked":"True Grit","floor":3},{"not_picked":["Clothesline","Shrug It Off"],"picked":"Flex","floor":7},{"not_picked":["Shrug It Off","Iron Wave"],"picked":"Heavy Blade","floor":8},{"not_picked":["Burning Pact","Heavy Blade"],"picked":"Flame Barrier","floor":10},{"not_picked":["Flame Barrier","Havoc"],"picked":"Flex","floor":11},{"not_picked":["Blood for Blood","Clash"],"picked":"Bloodletting","floor":12},{"not_picked":["Heavy Blade","Sword Boomerang","Warcry"],"picked":"SKIP","floor":14},{"not_picked":["Feed","Juggernaut"],"picked":"Berserk","floor":16},{"not_picked":["Dropkick","Pommel Strike"],"picked":"Rage","floor":18},{"not_picked":["Clothesline","Sentinel"],"picked":"Heavy Blade","floor":18},{"not_picked":["Anger","Exhume"],"picked":"Armaments","floor":20},{"not_picked":["Iron Wave","True Grit","Body Slam"],"picked":"SKIP","floor":20}],"player_experience":785143,"relics_obtained":[{"floor":8,"key":"Darkstone Periapt"},{"floor":9,"key":"Whetstone"},{"floor":17,"key":"Omamori"},{"floor":17,"key":"Letter Opener"},{"floor":17,"key":"Prayer Wheel"},{"floor":24,"key":"Blood Vial"}],"event_choices":[{"damage_healed":0,"gold_gain":0,"player_choice":"Ignored","damage_taken":0,"max_hp_gain":0,"max_hp_loss":0,"event_name":"Liars Game","floor":4,"gold_loss":0},{"damage_healed":0,"gold_gain":0,"player_choice":"Upgraded","damage_taken":0,"max_hp_gain":0,"max_hp_loss":0,"event_name":"Upgrade Shrine","floor":5,"gold_loss":0,"cards_upgraded":["Bash"]},{"damage_healed":0,"gold_gain":0,"player_choice":"Obtain J.A.X.","damage_taken":0,"max_hp_gain":0,"max_hp_loss":0,"event_name":"Drug Dealer","floor":19,"gold_loss":0,"cards_obtained":["J.A.X."]},{"damage_healed":0,"gold_gain":0,"player_choice":"Stole Relic","damage_taken":0,"relics_obtained":["Paper Frog"],"max_hp_gain":0,"max_hp_loss":0,"event_name":"Addict","floor":22,"gold_loss":0,"cards_obtained":["Shame"]}],"is_beta":false,"boss_relics":[{"not_picked":["Pandora\u0027s Box","SlaversCollar"],"picked":"Calling Bell"}],"items_purged_floors":[2,13],"is_endless":false,"potions_floor_spawned":[3,7,12,16],"killed_by":"Cultist and Chosen","ascension_level":12}}