{"host":"98tf0o44tbkozlsr","time":1614133782,"event":{"mods":["BaseMod","Bestiary","Minty Spire (QoL Compilation)","Relic Stats","ojb\u0027s Info Mod"],"gold_per_floor":[112,122,122,122,142,142,186,186,186,225,225,225,244,260,260,349,349,362,198,123,123,147,147,190,190,216,216,216,252,252,290,290,388,388,413,413,413,413,427,427,450,491,491,535,274,305,326,326,326,326,326,326,326,85,121,121],"floor_reached":57,"language":"ENG","playtime":6021,"items_purged":["Strike_B","Doubt"],"score":3044,"play_id":"75b9badc-ee06-4b08-b764-82892955eb4e","local_time":"20210223182942","is_ascension_mode":true,"campfire_choices":[{"data":"Ball Lightning","floor":6.0,"key":"SMITH"},{"data":"Zap","floor":8.0,"key":"SMITH"},{"data":"Doom and Gloom","floor":12.0,"key":"SMITH"},{"data":"Coolheaded","floor":15.0,"key":"SMITH"},{"data":"Electrodynamics","floor":23.0,"key":"SMITH"},{"floor":25.0,"key":"REST"},{"data":"Glacier","floor":27.0,"key":"SMITH"},{"floor":30.0,"key":"RECALL"},{"data":"Loop","floor":32.0,"key":"SMITH"},{"data":"Fission","floor":40.0,"key":"SMITH"},{"data":"Defragment","floor":49,"key":"SMITH"},{"data":"Panacea","floor":53,"key":"SMITH"}],"circlet_count":0,"master_deck":["AscendersBane","Strike_B+1","Defend_B","Defend_B","Defend_B+1","Zap+1","Dualcast+1","Go for the Eyes+1","Thunder Strike+1","Chill+1","Ball Lightning+1","Cold Snap+1","Cold Snap","Coolheaded+1","Doom and Gloom+1","Glacier+1","Electrodynamics+1","Coolheaded+1","Loop+1","Fission+1","Panacea+1","Defragment+1","Defragment+1","Loop+1"],"relics":["Astrolabe","HornCleat","Golden Idol","Whetstone","InkBottle","Regal Pillow","SlaversCollar","DataDisk","Potion Belt","War Paint","Question Card","Letter Opener","Cursed Key","Blood Vial","Mercury Hourglass","Nunchaku","Lantern","Ginger","DollysMirror","Strawberry"],"acts_visited":["Exordium","TheCity","TheBeyond","TheEnding"],"potions_floor_usage":[47,56,56,56,56],"damage_taken":[{"damage":0.0,"enemies":"Small Slimes","floor":1.0,"turns":5.0},{"damage":0.0,"enemies":"2 Louse","floor":2.0,"turns":3.0},{"damage":0.0,"enemies":"Cultist","floor":5.0,"turns":3.0},{"damage":0.0,"enemies":"3 Sentries","floor":7.0,"turns":6.0},{"damage":9.0,"enemies":"Gremlin Nob","floor":10.0,"turns":4.0},{"damage":0.0,"enemies":"Lots of Slimes","floor":13.0,"turns":4.0},{"damage":0.0,"enemies":"Looter","floor":14.0,"turns":2.0},{"damage":40.0,"enemies":"Hexaghost","floor":16.0,"turns":10.0},{"damage":12.0,"enemies":"Spheric Guardian","floor":18.0,"turns":4.0},{"damage":0.0,"enemies":"3 Byrds","floor":22.0,"turns":4.0},{"damage":22.0,"enemies":"Slavers","floor":24.0,"turns":3.0},{"damage":0.0,"enemies":"Gremlin Leader","floor":29.0,"turns":4.0},{"damage":0.0,"enemies":"Slavers","floor":31.0,"turns":4.0},{"damage":21.0,"enemies":"Automaton","floor":33.0,"turns":11.0},{"damage":0.0,"enemies":"3 Shapes","floor":35.0,"turns":2.0},{"damage":0.0,"enemies":"Orb Walker","floor":39.0,"turns":2.0},{"damage":0.0,"enemies":"Sphere and 2 Shapes","floor":41.0,"turns":3.0},{"damage":0.0,"enemies":"Nemesis","floor":42.0,"turns":7.0},{"damage":0,"enemies":"Reptomancer","floor":44,"turns":5},{"damage":0,"enemies":"Mind Bloom Boss Battle","floor":46,"turns":5},{"damage":3,"enemies":"Transient","floor":47,"turns":6},{"damage":11,"enemies":"Time Eater","floor":50,"turns":20},{"damage":0,"enemies":"Donu and Deca","floor":51,"turns":9},{"damage":0,"enemies":"Shield and Spear","floor":55,"turns":5},{"damage":8,"enemies":"The Heart","floor":56,"turns":13}],"seed_played":"-5657325451264814334","potions_obtained":[{"floor":2.0,"key":"SpeedPotion"},{"floor":7.0,"key":"Swift Potion"},{"floor":13.0,"key":"Dexterity Potion"},{"floor":24.0,"key":"SkillPotion"},{"floor":29.0,"key":"FocusPotion"},{"floor":33.0,"key":"Weak Potion"},{"floor":35.0,"key":"Ancient Potion"},{"floor":47,"key":"FocusPotion"}],"is_trial":false,"path_per_floor":["M","M","?","?","M","R","E","R","T","E","?","R","M","M","R","B",null,"M","$","$","?","M","R","E","R","T","R","?","E","R","E","R","B",null,"M","?","?","?","M","R","M","E","T","E","$","?","M","?","R","B","B",null,"R","$","E","B",null],"character_chosen":"DEFECT","items_purchased":["DataDisk","Lantern","DuplicationPotion","DollysMirror"],"campfire_rested":1,"item_purchase_floors":[19,45,54,54],"current_hp_per_floor":[64,64,53,53,53,53,53,53,53,44,44,44,44,44,44,4,49,37,37,37,37,37,37,15,49,49,49,49,49,49,49,49,28,55,55,55,55,61,61,61,61,61,61,61,61,61,58,58,58,49,51,59,59,59,68,60],"gold":121,"neow_bonus":"BOSS_RELIC","is_daily":false,"chose_seed":false,"campfire_upgraded":10,"win_rate":0.0,"timestamp":1614133782,"path_taken":["M","M","?","?","M","R","E","R","T","E","?","R","M","?","R","BOSS","M","?","$","?","?","R","E","R","T","R","?","E","R","E","R","BOSS","M","?","?","?","?","R","M","E","T","E","$","?","M","?","R","BOSS","BOSS","R","$","E","BOSS"],"items_purchased_type":["Relic","Relic","Potion","Relic"],"build_version":"2020-12-22","purchased_purges":2,"victory":true,"max_hp_per_floor":[71,71,71,64,64,64,64,64,64,64,64,64,64,64,64,64,64,64,64,64,64,64,64,64,64,64,64,64,64,64,64,64,64,64,64,64,61,61,61,61,61,61,61,61,61,61,61,61,61,61,61,61,61,61,68,68],"relic_stats":{"Regal Pillow":15,"counters":[25,144],"Golden Idol":204,"Astrolabe":["Go for the Eyes","Thunder Strike","Chill"],"Whetstone":["Strike_B","Cold Snap"],"Letter Opener":[186],"Ginger":[8],"War Paint":["Defend_B","Dualcast"],"Question Card":11,"Cursed Key":1,"Mercury Hourglass":[182],"Blood Vial":6,"Nunchaku":[8],"obtain_stats":[{"Potion Belt":24,"Regal Pillow":11,"Lantern":45,"Golden Idol":4,"Astrolabe":0,"Whetstone":7,"Letter Opener":31,"Ginger":46,"War Paint":26,"Question Card":29,"Cursed Key":34,"Mercury Hourglass":43,"Blood Vial":42,"SlaversCollar":17,"DataDisk":19,"Nunchaku":44,"HornCleat":3,"DollysMirror":54,"Strawberry":55,"Cracked Core":0,"InkBottle":10},{"Potion Belt":11,"Regal Pillow":5,"Lantern":19,"Golden Idol":2,"Astrolabe":0,"Whetstone":4,"Letter Opener":13,"Ginger":20,"War Paint":11,"Question Card":12,"Cursed Key":14,"Mercury Hourglass":18,"Blood Vial":18,"SlaversCollar":8,"DataDisk":9,"Nunchaku":19,"HornCleat":2,"DollysMirror":23,"Strawberry":24,"Cracked Core":0,"InkBottle":5},{"Potion Belt":48,"Regal Pillow":21,"Lantern":86,"Golden Idol":8,"Astrolabe":0,"Whetstone":17,"Letter Opener":56,"Ginger":91,"War Paint":48,"Question Card":52,"Cursed Key":67,"Mercury Hourglass":81,"Blood Vial":81,"SlaversCollar":37,"DataDisk":41,"Nunchaku":86,"HornCleat":8,"DollysMirror":126,"Strawberry":131,"Cracked Core":0,"InkBottle":21}],"InkBottle":[48]},"card_choices":[{"not_picked":["Tempest","Sweeping Beam"],"picked":"Ball Lightning","floor":1.0},{"not_picked":["Consume","Sweeping Beam"],"picked":"Cold Snap","floor":2.0},{"not_picked":["Conserve Battery","Steam"],"picked":"Cold Snap","floor":5.0},{"not_picked":["Compile Driver","Hologram"],"picked":"Coolheaded","floor":7.0},{"not_picked":["Steam Power","Sunder"],"picked":"Doom and Gloom","floor":10.0},{"not_picked":["Rebound","Melter","Genetic Algorithm"],"picked":"SKIP","floor":13.0},{"not_picked":["Rebound","Melter","Genetic Algorithm"],"picked":"SKIP","floor":13.0},{"not_picked":["Consume","Machine Learning"],"picked":"Glacier","floor":14.0},{"not_picked":["Biased Cognition","All For One"],"picked":"Electrodynamics","floor":16.0},{"not_picked":["Heatsinks+1","Chill","Turbo"],"picked":"SKIP","floor":18.0},{"not_picked":["Heatsinks+1","Chill","Turbo"],"picked":"SKIP","floor":18.0},{"not_picked":["Fusion","Ball Lightning","Double Energy"],"picked":"SKIP","floor":22.0},{"not_picked":["Ball Lightning","Sweeping Beam","Conserve Battery"],"picked":"SKIP","floor":24.0},{"not_picked":["Sweeping Beam","Redo","Fusion"],"picked":"SKIP","floor":29.0},{"not_picked":["Sweeping Beam","Redo","Fusion"],"picked":"SKIP","floor":29.0},{"not_picked":["Fusion","White Noise","Streamline"],"picked":"Loop","floor":31.0},{"not_picked":["Meteor Strike","Buffer","Reboot"],"picked":"Fission","floor":33.0},{"not_picked":["Barrage+1","Tempest","Compile Driver","Steam"],"picked":"SKIP","floor":35.0},{"not_picked":["Forethought","Impatience","Dramatic Entrance"],"picked":"Panacea","floor":36.0},{"not_picked":["Recycle+1","Go for the Eyes","Coolheaded"],"picked":"Defragment+1","floor":39.0},{"not_picked":["Sweeping Beam","Leap","Steam"],"picked":"Defragment","floor":41.0},{"not_picked":["Steam+1","Sunder","Steam Power","Barrage"],"picked":"SKIP","floor":42.0},{"not_picked":["Redo","Gash","Thunder Strike","Compile Driver"],"picked":"SKIP","floor":44},{"not_picked":["Streamline","White Noise+1","BootSequence","Gash"],"picked":"SKIP","floor":47},{"not_picked":["Rebound+1","Scrape","Lockon","Chaos"],"picked":"SKIP","floor":55}],"player_experience":968688,"relics_obtained":[{"floor":7.0,"key":"Whetstone"},{"floor":10.0,"key":"InkBottle"},{"floor":11.0,"key":"Regal Pillow"},{"floor":24.0,"key":"Potion Belt"},{"floor":26.0,"key":"War Paint"},{"floor":29.0,"key":"Question Card"},{"floor":31.0,"key":"Letter Opener"},{"floor":42.0,"key":"Blood Vial"},{"floor":43.0,"key":"Mercury Hourglass"},{"floor":44,"key":"Nunchaku"},{"floor":46,"key":"Ginger"},{"floor":55,"key":"Strawberry"}],"event_choices":[{"damage_healed":0.0,"max_hp_gain":0.0,"max_hp_loss":0.0,"gold_gain":0.0,"event_name":"Scrap Ooze","player_choice":"Success","floor":3.0,"gold_loss":0.0,"damage_taken":11.0,"relics_obtained":["HornCleat"]},{"damage_healed":0.0,"max_hp_gain":0.0,"max_hp_loss":7.0,"gold_gain":0.0,"event_name":"Golden Idol","player_choice":"Lose Max HP","floor":4.0,"gold_loss":0.0,"damage_taken":0.0,"relics_obtained":["Golden Idol"]},{"damage_healed":0.0,"max_hp_gain":0.0,"max_hp_loss":0.0,"gold_gain":0.0,"event_name":"Wheel of Change","player_choice":"Relic","floor":11.0,"gold_loss":0.0,"damage_taken":0.0},{"damage_healed":0.0,"max_hp_gain":0.0,"max_hp_loss":0.0,"gold_gain":0.0,"event_name":"Duplicator","player_choice":"Copied","floor":21.0,"gold_loss":0.0,"damage_taken":0.0,"cards_obtained":["Coolheaded"]},{"damage_healed":0.0,"max_hp_gain":0.0,"max_hp_loss":0.0,"gold_gain":0.0,"event_name":"Beggar","player_choice":"Ignored","floor":28.0,"gold_loss":0.0,"damage_taken":0.0},{"damage_healed":0.0,"max_hp_gain":0.0,"max_hp_loss":0.0,"gold_gain":0.0,"event_name":"SensoryStone","player_choice":"Memory 1","floor":36.0,"gold_loss":0.0,"damage_taken":0.0},{"damage_healed":0.0,"max_hp_gain":0.0,"max_hp_loss":3.0,"gold_gain":0.0,"event_name":"Winding Halls","player_choice":"Max HP","floor":37.0,"gold_loss":0.0,"damage_taken":0.0},{"damage_healed":6.0,"max_hp_gain":0.0,"max_hp_loss":0.0,"gold_gain":0.0,"event_name":"Wheel of Change","player_choice":"Full Heal","floor":38.0,"gold_loss":0.0,"damage_taken":0.0},{"damage_healed":0,"gold_gain":0,"player_choice":"Fight","damage_taken":0,"max_hp_gain":0,"max_hp_loss":0,"event_name":"MindBloom","floor":46,"gold_loss":0},{"damage_healed":0,"gold_gain":0,"player_choice":"Ignored","damage_taken":0,"max_hp_gain":0,"max_hp_loss":0,"event_name":"Tomb of Lord Red Mask","floor":48,"gold_loss":0}],"is_beta":false,"boss_relics":[{"not_picked":["Nuclear Battery","Sozu"],"picked":"SlaversCollar"},{"not_picked":["Pandora\u0027s Box","Fusion Hammer"],"picked":"Cursed Key"}],"items_purged_floors":[20,45],"is_endless":false,"potions_floor_spawned":[2,7,13,24,29,31,33,35,41,47,55],"ascension_level":20}}