{"host":"sav7uxregyirlf69","time":1614152667,"event":{"mods":["AchievementEnabler","BaseMod","Colored Map","DeckTracker","Keyboard Shortcuts","Minty Spire (QoL Compilation)","READ ME - Guardian Mod","StSLib","SuperFastMode"],"gold_per_floor":[136,136,204,15,45,45,87,198,274,274,303,303,353,388,388,388,388],"floor_reached":16,"language":"KOR","playtime":250,"items_purged":[],"score":220,"play_id":"6135cd2d-b8b0-465d-9293-d64f828f8124","local_time":"20210224164427","is_ascension_mode":true,"campfire_choices":[{"data":"Apotheosis","floor":10.0,"key":"SMITH"},{"floor":12.0,"key":"REST"},{"floor":15,"key":"REST"}],"circlet_count":0,"master_deck":["AscendersBane","Strike_R","Strike_R","Strike_R+1","Strike_R+1","Strike_R","Defend_R","Defend_R","Defend_R","Defend_R","Bash","Regret","HandOfGreed","Pommel Strike","Apotheosis+1","Body Slam","Offering"],"relics":["Burning Blood","SsserpentHead","Gremlin Horn","Mango","Juzu Bracelet"],"acts_visited":["Exordium"],"potions_floor_usage":[],"damage_taken":[{"damage":3.0,"enemies":"2 Louse","floor":1.0,"turns":3.0},{"damage":8.0,"enemies":"Cultist","floor":3.0,"turns":4.0},{"damage":7.0,"enemies":"Jaw Worm","floor":5.0,"turns":3.0},{"damage":13.0,"enemies":"Looter","floor":7.0,"turns":4.0},{"damage":19.0,"enemies":"Exordium Thugs","floor":8.0,"turns":5.0},{"damage":20.0,"enemies":"Lagavulin","floor":11.0,"turns":5.0},{"damage":34.0,"enemies":"3 Sentries","floor":14.0,"turns":8.0},{"damage":47,"enemies":"Hexaghost","floor":16,"turns":8}],"seed_played":"1278508045888052031","potions_obtained":[{"floor":3.0,"key":"BlessingOfTheForge"},{"floor":5.0,"key":"DistilledChaos"},{"floor":7.0,"key":"DistilledChaos"}],"is_trial":false,"path_per_floor":["M","?","M","$","M","$","M","M","T","R","E","R","?","E","R","B"],"character_chosen":"IRONCLAD","items_purchased":["Apotheosis"],"campfire_rested":2,"item_purchase_floors":[4],"current_hp_per_floor":[71,71,69,69,68,68,61,48,48,48,48,74,47,19,45,0,0],"gold":388,"neow_bonus":"RANDOM_COLORLESS_2","is_daily":false,"chose_seed":false,"campfire_upgraded":1,"win_rate":0.0,"timestamp":1614152667,"path_taken":["M","?","?","$","M","$","M","?","T","R","E","R","?","E","R","BOSS"],"items_purchased_type":["Card"],"build_version":"2020-12-22","purchased_purges":0,"victory":false,"max_hp_per_floor":[75,75,75,75,75,75,75,75,75,75,89,89,89,89,89,89,89],"card_choices":[{"not_picked":["Secret Weapon","Transmutation"],"picked":"HandOfGreed","floor":0.0},{"not_picked":["Twin Strike","Infernal Blade","Flex"],"picked":"SKIP","floor":1.0},{"not_picked":["Inflame","Carnage"],"picked":"Pommel Strike","floor":3.0},{"not_picked":["Pommel Strike","Dark Embrace","Cleave"],"picked":"SKIP","floor":5.0},{"not_picked":["Pommel Strike","Iron Wave"],"picked":"Body Slam","floor":7.0},{"not_picked":["Hemokinesis","Heavy Blade","Flex"],"picked":"SKIP","floor":8.0},{"not_picked":["Searing Blow","Feel No Pain","Anger"],"picked":"SKIP","floor":11.0},{"not_picked":["Battle Trance","Cleave"],"picked":"Offering","floor":14}],"player_experience":1686225,"relics_obtained":[{"floor":9.0,"key":"Gremlin Horn"},{"floor":11.0,"key":"Mango"},{"floor":14,"key":"Juzu Bracelet"}],"event_choices":[{"damage_healed":0.0,"max_hp_gain":0.0,"max_hp_loss":0.0,"gold_gain":0.0,"event_name":"FaceTrader","player_choice":"Trade","floor":2.0,"gold_loss":0.0,"damage_taken":0.0,"relics_obtained":["SsserpentHead"]},{"damage_healed":0.0,"max_hp_gain":0.0,"max_hp_loss":0.0,"gold_gain":0.0,"event_name":"Shining Light","player_choice":"Entered Light","floor":13.0,"gold_loss":0.0,"damage_taken":27.0,"cards_upgraded":["Strike_R","Strike_R"]}],"is_beta":false,"boss_relics":[],"items_purged_floors":[],"is_endless":false,"potions_floor_spawned":[3,5,7],"killed_by":"Hexaghost","ascension_level":20}}