{"host":"40e4adzyl212zebh","time":1614168865,"event":{"mods":["Act Like it!","BaseMod","Colored Map","Colored Powertips","DeckTracker","MarisaÅiñ∂âJÅ@ñÇóùçπÅj","Minty Spire (QoL Compilation)","Quick Restart","Random Character Button","Relic Stats","StSLib"],"gold_per_floor":[110,128,128,139,89,89,116,116,116,129,129,181,206,250,250,382,382,415,437,536,545,21,21,68,68,146,155,186,186,186,235,235,363,363,363,395,395,419,481,547,570,643,652,652,18,27,61,116,116,116,116,116,13,58,58],"floor_reached":56,"language":"JPN","playtime":5024,"items_purged":["Shame","Decay"],"score":1644,"play_id":"2acde8e7-94a5-4fc6-af90-d5da373927a5","local_time":"20210224211425","is_ascension_mode":true,"campfire_choices":[{"data":"DarkMatter","floor":6.0,"key":"SMITH"},{"data":"MasterSpark","floor":11.0,"key":"SMITH"},{"floor":15.0,"key":"RECALL"},{"data":"CollectingQuirk","floor":23.0,"key":"SMITH"},{"data":"SatelliteIllusion","floor":25.0,"key":"SMITH"},{"data":"1","floor":29.0,"key":"LIFT"},{"data":"2","floor":32,"key":"LIFT"},{"data":"3","floor":44,"key":"LIFT"},{"data":"OortCloud","floor":49,"key":"SMITH"},{"data":"UpSweep","floor":52,"key":"SMITH"}],"circlet_count":0,"master_deck":["Strike_MRS","Strike_MRS+1","Defend_MRS","Defend_MRS","Defend_MRS","Defend_MRS","MasterSpark+1","UpSweep+1","ShootTheMoon","OortCloud+1","DarkMatter+1","TreasureHunter+1","SprinkleStarSeal+1","Injury","RefractionSpark","EnergyRecoil+1","EnergyRecoil+1","Acceleration+1","CollectingQuirk+1","NonDirectionalLaser+1","PowerUp+1","SatelliteIllusion+1","MilkyWay+1","Writhe","SporeBomb+1","StarDustReverie+1","OpenUniverse+1","WitchOfGreed+1","ShootingEcho+1","Wraith","Parasite","Parasite","MeteoricShower+1"],"relics":["MiniHakkero","NeowsBlessing","Darkstone Periapt","Toxic Egg 2","Golden Idol","Mercury Hourglass","Strawberry","CeramicFish","Pen Nib","MagicBroom","Pocketwatch","Cursed Key","Happy Flower","Bronze Scales","Medical Kit","StoneCalendar","Meat on the Bone","Girya","Nunchaku","Black Star","SproutingBranch","Bag of Preparation","Regal Pillow","The Courier","Centennial Puzzle","Membership Card","Vajra","Bottled Flame","Anchor","Ancient Tea Set","Calipers","Art of War","Shuriken","Whetstone","ShroomBag","Lantern","Pantograph","Oddly Smooth Stone","HandmadeGrimoire"],"acts_visited":["Exordium","TheCity","TheBeyond","TheEnding"],"potions_floor_usage":[30,31,35,42,55,55,55],"damage_taken":[{"damage":0.0,"enemies":"Cultist","floor":1.0,"turns":1.0},{"damage":0.0,"enemies":"Jaw Worm","floor":2.0,"turns":1.0},{"damage":0.0,"enemies":"Small Slimes","floor":4.0,"turns":1.0},{"damage":6.0,"enemies":"Lagavulin","floor":7.0,"turns":9.0},{"damage":2.0,"enemies":"Blue Slaver","floor":10.0,"turns":4.0},{"damage":5.0,"enemies":"3 Sentries","floor":12.0,"turns":5.0},{"damage":8.0,"enemies":"Large Slime","floor":13.0,"turns":6.0},{"damage":0.0,"enemies":"Lagavulin","floor":14.0,"turns":8.0},{"damage":0.0,"enemies":"The Guardian","floor":16.0,"turns":15.0},{"damage":0.0,"enemies":"Shell Parasite","floor":18.0,"turns":4.0},{"damage":0.0,"enemies":"Chosen","floor":19.0,"turns":3.0},{"damage":24.0,"enemies":"Slavers","floor":24.0,"turns":6.0},{"damage":7.0,"enemies":"Book of Stabbing","floor":28.0,"turns":6.0},{"damage":0,"enemies":"3 Cultists","floor":30,"turns":1},{"damage":8,"enemies":"Gremlin Leader","floor":31,"turns":5},{"damage":49,"enemies":"Automaton","floor":33,"turns":7},{"damage":0,"enemies":"Orb Walker","floor":35,"turns":1},{"damage":14,"enemies":"3 Darklings","floor":36,"turns":3},{"damage":6,"enemies":"Transient","floor":38,"turns":5},{"damage":0,"enemies":"Maw","floor":39,"turns":4},{"damage":2,"enemies":"Giant Head","floor":40,"turns":4},{"damage":18,"enemies":"3 Darklings","floor":41,"turns":3},{"damage":17,"enemies":"Reptomancer","floor":42,"turns":6},{"damage":0,"enemies":"Nemesis","floor":47,"turns":1},{"damage":0,"enemies":"Writhing Mass","floor":48,"turns":2},{"damage":56,"enemies":"Awakened One","floor":50,"turns":7},{"damage":16,"enemies":"Shield and Spear","floor":54,"turns":3},{"damage":10,"enemies":"The Heart","floor":55,"turns":5}],"seed_played":"-2078536511259920584","potions_obtained":[{"floor":1.0,"key":"ShroomBrew"},{"floor":10.0,"key":"FearPotion"},{"floor":13.0,"key":"Energy Potion"},{"floor":14.0,"key":"BottledSpark"},{"floor":18.0,"key":"BlessingOfTheForge"},{"floor":19.0,"key":"SpeedPotion"},{"floor":24.0,"key":"CultistPotion"},{"floor":31,"key":"SmokeBomb"},{"floor":38,"key":"AttackPotion"},{"floor":39,"key":"ColorlessPotion"},{"floor":40,"key":"Block Potion"},{"floor":40,"key":"SkillPotion"},{"floor":42,"key":"Ancient Potion"},{"floor":48,"key":"EssenceOfSteel"}],"is_trial":false,"path_per_floor":["M","M","?","M","?","R","E","?","T","M","R","E","M","E","R","B",null,"M","M","?","?","$","R","E","R","T","?","E","R","M","E","R","B",null,"M","M","?","M","M","E","M","E","T","R","$","?","E","M","R","B",null,"R","$","E","B",null],"character_chosen":"MARISA","items_purchased":["SatelliteIllusion","Bronze Scales","Medical Kit","Membership Card","Vajra","Bottled Flame","Anchor","Ancient Tea Set","Calipers","Art of War","ShroomBag","Lantern"],"campfire_rested":0,"item_purchase_floors":[22,22,22,45,45,45,45,45,45,45,53,53],"current_hp_per_floor":[75,75,75,75,75,75,69,75,75,73,73,75,67,67,67,67,88,88,88,88,94,94,94,70,70,76,82,75,75,75,67,67,30,106,106,92,92,86,86,84,75,73,79,79,79,85,85,94,94,65,118,118,130,114,128],"gold":58,"neow_bonus":"THREE_ENEMY_KILL","is_daily":false,"chose_seed":false,"campfire_upgraded":6,"win_rate":0.0,"timestamp":1614168865,"path_taken":["M","M","?","M","?","R","E","?","T","M","R","E","M","E","R","BOSS","M","M","?","?","$","R","E","R","T","?","E","R","M","E","R","BOSS","M","M","?","M","?","E","M","E","T","R","$","?","E","M","R","BOSS","R","$","E","BOSS"],"items_purchased_type":["Card","Relic","Relic","Relic","Relic","Relic","Relic","Relic","Relic","Relic","Relic","Relic"],"build_version":"2020-12-22","purchased_purges":2,"victory":true,"max_hp_per_floor":[75,75,75,75,75,75,75,81,81,81,81,88,88,88,88,88,88,88,88,88,94,94,94,94,94,100,106,106,106,106,106,106,106,106,106,106,106,106,106,106,106,106,112,112,112,118,118,118,118,118,118,118,130,130,130],"relic_stats":{"Darkstone Periapt":48,"Regal Pillow":0,"Happy Flower":[23],"counters":[28,124],"Golden Idol":285,"CeramicFish":189,"StoneCalendar":[23],"Pen Nib":[13],"Bag of Preparation":[14],"Whetstone":["Strike_MRS","TreasureHunter"],"Cursed Key":2,"Medical Kit":[5],"Mercury Hourglass":[424],"Nunchaku":[9],"Centennial Puzzle":[9],"Shuriken":[6],"Bronze Scales":[248],"Pantograph":16,"Black Star":4,"Art of War":[1],"obtain_stats":[{"Darkstone Periapt":7,"Regal Pillow":42,"Lantern":53,"Calipers":45,"CeramicFish":12,"Vajra":45,"StoneCalendar":24,"Bag of Preparation":40,"SproutingBranch":40,"Whetstone":47,"Cursed Key":17,"Ancient Tea Set":45,"Nunchaku":31,"Centennial Puzzle":43,"Strawberry":12,"Pantograph":54,"HandmadeGrimoire":54,"Toxic Egg 2":7,"Girya":28,"MagicBroom":14,"NeowsBlessing":0,"Happy Flower":21,"Golden Idol":8,"Oddly Smooth Stone":54,"Pen Nib":14,"The Courier":42,"Medical Kit":22,"Mercury Hourglass":9,"ShroomBag":53,"Bottled Flame":45,"Anchor":45,"Shuriken":39,"Bronze Scales":22,"Black Star":34,"Art of War":45,"MiniHakkero":0,"Membership Card":45,"Pocketwatch":16,"Meat on the Bone":27},{"Darkstone Periapt":4,"Regal Pillow":23,"Lantern":26,"Calipers":23,"CeramicFish":6,"Vajra":23,"StoneCalendar":12,"Bag of Preparation":21,"SproutingBranch":21,"Whetstone":24,"Cursed Key":9,"Ancient Tea Set":23,"Nunchaku":15,"Centennial Puzzle":23,"Strawberry":6,"Pantograph":27,"HandmadeGrimoire":27,"Toxic Egg 2":4,"Girya":13,"MagicBroom":8,"NeowsBlessing":0,"Happy Flower":11,"Golden Idol":4,"Oddly Smooth Stone":27,"Pen Nib":8,"The Courier":23,"Medical Kit":11,"Mercury Hourglass":4,"ShroomBag":26,"Bottled Flame":23,"Anchor":23,"Shuriken":20,"Bronze Scales":11,"Black Star":16,"Art of War":23,"MiniHakkero":0,"Membership Card":23,"Pocketwatch":9,"Meat on the Bone":12},{"Darkstone Periapt":12,"Regal Pillow":106,"Lantern":116,"Calipers":106,"CeramicFish":21,"Vajra":106,"StoneCalendar":62,"Bag of Preparation":97,"SproutingBranch":97,"Whetstone":107,"Cursed Key":50,"Ancient Tea Set":106,"Nunchaku":73,"Centennial Puzzle":106,"Strawberry":21,"Pantograph":119,"HandmadeGrimoire":119,"Toxic Egg 2":12,"Girya":67,"MagicBroom":35,"NeowsBlessing":0,"Happy Flower":57,"Golden Idol":12,"Oddly Smooth Stone":119,"Pen Nib":35,"The Courier":106,"Medical Kit":57,"Mercury Hourglass":12,"ShroomBag":116,"Bottled Flame":106,"Anchor":106,"Shuriken":93,"Bronze Scales":57,"Black Star":80,"Art of War":106,"MiniHakkero":0,"Membership Card":106,"Pocketwatch":50,"Meat on the Bone":62}],"Pocketwatch":[30],"Meat on the Bone":24},"card_choices":[{"not_picked":["DarkMatter","IllusionStar"],"picked":"ShootTheMoon","floor":1.0},{"not_picked":["NonDirectionalLaser","LuminesStrike"],"picked":"OortCloud","floor":2.0},{"not_picked":["WitchLeyline","MilkyWay"],"picked":"TreasureHunter","floor":4.0},{"not_picked":["AsteroidBelt+1","DoubleSpark"],"picked":"SprinkleStarSeal+1","floor":7.0},{"not_picked":["ShootTheMoon","GravityBeat"],"picked":"RefractionSpark","floor":10.0},{"not_picked":["UnstableBomb","GalacticHalo+1"],"picked":"EnergyRecoil+1","floor":12.0},{"not_picked":["EventHorizon","Robbery"],"picked":"EnergyRecoil+1","floor":13.0},{"not_picked":["SprinkleStarSeal+1","PowerUp+1"],"picked":"Acceleration+1","floor":14.0},{"not_picked":["EscapeVelocity","MillisecondPulsars"],"picked":"CollectingQuirk","floor":16.0},{"not_picked":["IllusionStar+1","GalacticHalo+1"],"picked":"NonDirectionalLaser+1","floor":18.0},{"not_picked":["RefractionSpark","LuminesStrike"],"picked":"PowerUp+1","floor":19.0},{"not_picked":["Robbery","GrandCross+1"],"picked":"MilkyWay+1","floor":24.0},{"not_picked":["SatelliteIllusion","ShootingEcho","SuperPerseids+1"],"picked":"SKIP","floor":28.0},{"not_picked":["SatelliteIllusion","ShootingEcho","SuperPerseids+1"],"picked":"SKIP","floor":28.0},{"not_picked":["LuminesStrike","OortCloud"],"picked":"SporeBomb+1","floor":31},{"not_picked":["FinalSpark","SatelliteIllusion"],"picked":"StarDustReverie+1","floor":33},{"not_picked":["Singularity","GrandCross"],"picked":"OpenUniverse+1","floor":36},{"not_picked":["DC+1","AsteroidBelt+1"],"picked":"WitchOfGreed+1","floor":38},{"not_picked":["GrandCross+1","GravityBeat+1"],"picked":"ShootingEcho+1","floor":39},{"not_picked":["SprinkleStarSeal+1","SuperNova","OortCloud"],"picked":"SKIP","floor":40},{"not_picked":["NonDirectionalLaser","Acceleration+1","6A+1"],"picked":"SKIP","floor":41},{"not_picked":["WitchOfGreed+1","GravityBeat","AsteroidBelt+1"],"picked":"SKIP","floor":42},{"not_picked":["AlicesGift+1","WitchOfGreed","ChargeUpSpray+1"],"picked":"SKIP","floor":47},{"not_picked":["SprinkleStarSeal+1","AsteroidBelt+1","GravityBeat"],"picked":"SKIP","floor":48},{"not_picked":["SprinkleStarSeal+1","AsteroidBelt+1","GravityBeat"],"picked":"SKIP","floor":48},{"not_picked":["6A+1","WitchOfGreed+1"],"picked":"MeteoricShower+1","floor":54}],"player_experience":622600,"relics_obtained":[{"floor":7.0,"key":"Darkstone Periapt"},{"floor":7.0,"key":"Toxic Egg 2"},{"floor":9.0,"key":"Mercury Hourglass"},{"floor":12.0,"key":"Strawberry"},{"floor":12.0,"key":"CeramicFish"},{"floor":14.0,"key":"Pen Nib"},{"floor":14.0,"key":"MagicBroom"},{"floor":16.0,"key":"Pocketwatch"},{"floor":24.0,"key":"StoneCalendar"},{"floor":28.0,"key":"Girya"},{"floor":31,"key":"Nunchaku"},{"floor":40,"key":"SproutingBranch"},{"floor":40,"key":"Bag of Preparation"},{"floor":42,"key":"Regal Pillow"},{"floor":42,"key":"The Courier"},{"floor":43,"key":"Centennial Puzzle"},{"floor":47,"key":"Shuriken"},{"floor":47,"key":"Whetstone"},{"floor":54,"key":"Pantograph"},{"floor":54,"key":"Oddly Smooth Stone"},{"floor":54,"key":"HandmadeGrimoire"}],"event_choices":[{"damage_healed":0.0,"max_hp_gain":0.0,"max_hp_loss":0.0,"gold_gain":0.0,"cards_transformed":["Strike_MRS"],"event_name":"Living Wall","player_choice":"Change","floor":3.0,"gold_loss":0.0,"damage_taken":0.0,"cards_obtained":["DarkMatter"]},{"cards_removed":["Strike_MRS"],"damage_healed":0.0,"max_hp_gain":0.0,"max_hp_loss":0.0,"gold_gain":0.0,"event_name":"The Cleric","player_choice":"Card Removal","floor":5.0,"gold_loss":50.0,"damage_taken":0.0},{"damage_healed":0.0,"max_hp_gain":0.0,"max_hp_loss":0.0,"gold_gain":0.0,"event_name":"Golden Idol","player_choice":"Take Wound","floor":8.0,"gold_loss":0.0,"damage_taken":0.0,"relics_obtained":["Golden Idol"],"cards_obtained":["Injury"]},{"damage_healed":0.0,"max_hp_gain":0.0,"max_hp_loss":0.0,"gold_gain":99.0,"event_name":"Nest","player_choice":"Stole From Cult","floor":20.0,"gold_loss":0.0,"damage_taken":0.0},{"damage_healed":0.0,"max_hp_gain":0.0,"max_hp_loss":0.0,"gold_gain":0.0,"event_name":"Addict","player_choice":"Stole Relic","floor":21.0,"gold_loss":0.0,"damage_taken":0.0,"relics_obtained":["Happy Flower"],"cards_obtained":["Shame"]},{"damage_healed":0.0,"max_hp_gain":0.0,"max_hp_loss":0.0,"gold_gain":0.0,"event_name":"The Mausoleum","player_choice":"Opened","floor":27.0,"gold_loss":0.0,"damage_taken":0.0,"relics_obtained":["Meat on the Bone"],"cards_obtained":["Writhe"]},{"cards_removed":["Decay"],"damage_healed":0,"gold_gain":0,"player_choice":"Purged","damage_taken":0,"max_hp_gain":0,"max_hp_loss":0,"event_name":"Purifier","floor":37,"gold_loss":0},{"damage_healed":0,"gold_gain":0,"player_choice":"Ignored","damage_taken":0,"max_hp_gain":0,"max_hp_loss":0,"event_name":"OrinTheCat","floor":46,"gold_loss":0}],"is_beta":false,"boss_relics":[{"not_picked":["BewitchedHakkero","Velvet Choker"],"picked":"Cursed Key"},{"not_picked":["Runic Dome","ExperimentalFamiliar"],"picked":"Black Star"}],"items_purged_floors":[22,45],"is_endless":false,"potions_floor_spawned":[1,10,13,14,18,19,24,31,35,38,40,41],"ascension_level":1}}