{"host":"7nm1ow5v9mg4ehcw","time":1614172501,"event":{"mods":["BaseMod","Minty Spire (QoL Compilation)","Relic Stats","StSLib"],"gold_per_floor":[13,13,26,26,50,95,95,127,205,205,229,278,278,292,292,392,392,412,421,445,475,400,440,440,782,805,805,840,855,855,855],"floor_reached":30,"language":"ENG","playtime":1081,"items_purged":[],"score":650,"play_id":"7bc29380-a844-42ac-8fc1-823145249840","local_time":"20210224141501","is_ascension_mode":true,"campfire_choices":[{"data":"Hemokinesis","floor":7,"key":"SMITH"},{"data":"Bludgeon","floor":10,"key":"SMITH"},{"data":"True Grit","floor":13,"key":"SMITH"},{"floor":15,"key":"REST"},{"data":"Double Tap","floor":24,"key":"SMITH"},{"data":"Uppercut","floor":27,"key":"SMITH"}],"circlet_count":0,"master_deck":["AscendersBane","Strike_R","Strike_R","Strike_R","Strike_R","Defend_R","Defend_R","Defend_R","Defend_R","Bash","Blood for Blood","Hemokinesis+1","Bloodletting","Shockwave","Bludgeon+1","True Grit+1","Uppercut+1","Double Tap+1","Flame Barrier","Pommel Strike+1","Headbutt","Fiend Fire"],"relics":["Burning Blood","Lizard Tail","Golden Idol","Mango","CeramicFish","Singing Bowl","Art of War","Snecko Eye","MealTicket","Old Coin","Omamori","Blood Vial"],"acts_visited":["Exordium","TheCity"],"potions_floor_usage":[12,14,16,23,29,30],"damage_taken":[{"damage":15,"enemies":"2 Louse","floor":1,"turns":4},{"damage":14,"enemies":"Small Slimes","floor":3,"turns":5},{"damage":9,"enemies":"Jaw Worm","floor":5,"turns":2},{"damage":58,"enemies":"Gremlin Nob","floor":6,"turns":5},{"damage":11,"enemies":"Blue Slaver","floor":8,"turns":3},{"damage":13,"enemies":"Looter","floor":11,"turns":2},{"damage":7,"enemies":"3 Sentries","floor":12,"turns":4},{"damage":25,"enemies":"Exordium Thugs","floor":14,"turns":3},{"damage":25,"enemies":"Slime Boss","floor":16,"turns":10},{"damage":2,"enemies":"Chosen","floor":18,"turns":2},{"damage":7,"enemies":"Shell Parasite","floor":20,"turns":3},{"damage":14,"enemies":"Snake Plant","floor":21,"turns":3},{"damage":2,"enemies":"Slavers","floor":23,"turns":3},{"damage":27,"enemies":"Gremlin Leader","floor":25,"turns":4},{"damage":29,"enemies":"Book of Stabbing","floor":28,"turns":3},{"damage":25,"enemies":"Snecko","floor":29,"turns":4},{"damage":21,"enemies":"Slavers","floor":30,"turns":1}],"seed_played":"603995903529246007","potions_obtained":[{"floor":5,"key":"LiquidBronze"},{"floor":6,"key":"DistilledChaos"},{"floor":11,"key":"Fire Potion"},{"floor":14,"key":"CultistPotion"},{"floor":16,"key":"LiquidBronze"},{"floor":21,"key":"ColorlessPotion"},{"floor":23,"key":"ColorlessPotion"}],"is_trial":false,"path_per_floor":["M","?","M","?","M","E","R","M","T","R","M","E","R","M","R","B",null,"M","?","M","M","?","E","R","E","T","R","E","M","E"],"character_chosen":"IRONCLAD","items_purchased":[],"campfire_rested":1,"item_purchase_floors":[],"current_hp_per_floor":[59,59,51,60,57,47,47,42,42,42,35,34,34,17,42,23,69,75,75,76,68,68,72,72,51,51,51,30,15,0,0],"gold":855,"neow_bonus":"ONE_RARE_RELIC","is_daily":false,"chose_seed":false,"campfire_upgraded":5,"win_rate":0.0,"timestamp":1614172501,"path_taken":["M","?","M","?","M","E","R","?","T","R","M","E","R","M","R","BOSS","M","?","M","M","?","E","R","E","T","R","E","M","E"],"items_purchased_type":[],"build_version":"2020-12-22","purchased_purges":0,"victory":false,"max_hp_per_floor":[75,68,68,82,82,82,82,82,82,82,82,82,82,84,84,84,84,86,86,88,88,88,88,88,88,88,88,90,92,92,92],"relic_stats":{"Blood Vial":4,"Lizard Tail":41,"Singing Bowl":10,"counters":[17,61],"Golden Idol":88,"CeramicFish":81,"Snecko Eye":[45,38,41,37],"MealTicket":0,"Art of War":[4],"obtain_stats":[{"Blood Vial":28,"Lizard Tail":0,"Singing Bowl":9,"Golden Idol":2,"CeramicFish":6,"Snecko Eye":17,"Mango":4,"MealTicket":23,"Art of War":12,"Omamori":26,"Burning Blood":0,"Old Coin":25},{"Blood Vial":15,"Lizard Tail":0,"Singing Bowl":5,"Golden Idol":1,"CeramicFish":4,"Snecko Eye":9,"Mango":2,"MealTicket":13,"Art of War":7,"Omamori":14,"Burning Blood":0,"Old Coin":14},{"Blood Vial":56,"Lizard Tail":0,"Singing Bowl":19,"Golden Idol":4,"CeramicFish":16,"Snecko Eye":38,"Mango":9,"MealTicket":49,"Art of War":25,"Omamori":53,"Burning Blood":0,"Old Coin":53}],"Burning Blood":96},"card_choices":[{"not_picked":["Wild Strike","Flame Barrier"],"picked":"Blood for Blood","floor":1},{"not_picked":["Headbutt","Clothesline"],"picked":"Hemokinesis","floor":3},{"not_picked":["Intimidate","Flex"],"picked":"Bloodletting","floor":5},{"not_picked":["Twin Strike","Iron Wave"],"picked":"Shockwave","floor":6},{"not_picked":["Twin Strike","Clash"],"picked":"Bludgeon","floor":8},{"not_picked":["Clothesline","Headbutt"],"picked":"True Grit","floor":11},{"not_picked":["True Grit","Sword Boomerang"],"picked":"Uppercut","floor":12},{"not_picked":["Body Slam","Thunderclap","Havoc"],"picked":"Singing Bowl","floor":14},{"not_picked":["Exhume","Fiend Fire"],"picked":"Double Tap","floor":16},{"not_picked":["Combust","Cleave","Thunderclap"],"picked":"Singing Bowl","floor":18},{"not_picked":["Pommel Strike","Thunderclap","Iron Wave"],"picked":"Singing Bowl","floor":20},{"not_picked":["Flex","Twin Strike"],"picked":"Pommel Strike+1","floor":21},{"not_picked":["Fire Breathing","Heavy Blade"],"picked":"Headbutt","floor":23},{"not_picked":["Berserk","Body Slam"],"picked":"Fiend Fire","floor":25},{"not_picked":["Heavy Blade","Ghostly Armor","Wild Strike+1"],"picked":"Singing Bowl","floor":28},{"not_picked":["Iron Wave+1","Headbutt","Pummel"],"picked":"Singing Bowl","floor":29}],"player_experience":414233,"relics_obtained":[{"floor":6,"key":"CeramicFish"},{"floor":9,"key":"Singing Bowl"},{"floor":12,"key":"Art of War"},{"floor":23,"key":"MealTicket"},{"floor":25,"key":"Old Coin"},{"floor":26,"key":"Omamori"},{"floor":28,"key":"Blood Vial"}],"event_choices":[{"damage_healed":0,"gold_gain":0,"player_choice":"Lose Max HP","damage_taken":0,"relics_obtained":["Golden Idol"],"max_hp_gain":0,"max_hp_loss":7,"event_name":"Golden Idol","floor":2,"gold_loss":0},{"damage_healed":0,"gold_gain":0,"player_choice":"Success","damage_taken":5,"relics_obtained":["Mango"],"max_hp_gain":0,"max_hp_loss":0,"event_name":"Scrap Ooze","floor":4,"gold_loss":0},{"damage_healed":0,"gold_gain":0,"player_choice":"Read","damage_taken":0,"max_hp_gain":0,"max_hp_loss":0,"event_name":"The Library","floor":19,"gold_loss":0,"cards_obtained":["Flame Barrier"]},{"cards_removed":["Strike_R"],"damage_healed":0,"gold_gain":0,"player_choice":"Gave Gold","damage_taken":0,"max_hp_gain":0,"max_hp_loss":0,"event_name":"Beggar","floor":22,"gold_loss":75}],"is_beta":false,"boss_relics":[{"not_picked":["Empty Cage","SlaversCollar"],"picked":"Snecko Eye"}],"items_purged_floors":[],"is_endless":false,"potions_floor_spawned":[5,6,11,14,16,21,23],"killed_by":"Slavers","ascension_level":20}}