{"host":"whloki2o3dp1b07n","time":1614140806,"event":{"mods":["100% Spire Juice","Abigail Mod","Act Like it!","BaseMod","Better Synergies","Block Reminder","Bossed Relics","CapriCore","Colored Map","Colored Powertips","DNKmod","Extra Virgin Snecko Oil","Friendly Minions","GifTheSpireLib","GungeonMod","HexUI Lib","Koishi","Library of Ruina","Marked Mod","Minty Spire (QoL Compilation)","Poor People Problems","Shapeshifter Mod","StSLib","Swap Starting Deck Mod","The Bug Knight","Transform Curses"],"gold_per_floor":[114,38,53,71,89,89,119,119,169,187,187,187,210,224,224,348,348,373,373,387,486,511,511,534,78,78,98,2,0,0,24,24,143,143,166,166,181,32,51,51,71,96,96,96,0,20,20,43,43,43],"floor_reached":51,"language":"ENG","playtime":3789,"items_purged":[],"score":705,"play_id":"ccacb2de-05cb-4d33-bbd0-09a769cef0a3","local_time":"20210223232646","is_ascension_mode":false,"campfire_choices":[{"data":"SunsetBlade","floor":6,"key":"SMITH"},{"floor":8,"key":"REST"},{"floor":11,"key":"REST"},{"floor":15,"key":"REST"},{"floor":23,"key":"REST"},{"floor":30,"key":"REST"},{"floor":32,"key":"REST"},{"floor":40,"key":"REST"},{"floor":44,"key":"REST"},{"floor":49,"key":"REST"}],"circlet_count":0,"master_deck":["Dodge","LightDefense","LightAttack","LightAttack","LightDefense","LightDefense","LightDefense","ChargeAndCover","FocusedStrikes","BulkyImpact","IdentifyWeakpoint","HighKick","VioletBlade","SunsetBlade+1","GaleKick","InkOver","GrazeTheGrass","GreatSerpentsImpact","CleanUp","TrimTheIngredients","VenomousFangs+1","GrazeTheGrass","GrazeTheGrass","Overcharge","Eject","WillProduceFineSilk","GrazeTheGrass","Gamble+1","DarkCloud","GrazeTheGrass","FrontalAssault","TieShanKao","CumulusWall+1","Sadistic Nature","RushDown","ForTheFamily+1","FrontalAssault+1","Concentration+1","VenomousFangs+1","Leap_lor"],"relics":["PageOfLibrarian","PageOfWizard","Potion Belt","Golden Idol","Tiny House","Nilry\u0027s Codex","DemoMod:ClearGuonStone","PageOfMountain","Juzu Bracelet","Mummified Hand","Red Mask"],"acts_visited":["Exordium","TheCity","TheBeyond"],"potions_floor_usage":[16,16,24,24,33,48,50,50],"damage_taken":[{"damage":0,"enemies":"Jaw Worm","floor":1,"turns":3},{"damage":0,"enemies":"2 Louse","floor":3,"turns":2},{"damage":0,"enemies":"Small Slimes","floor":4,"turns":3},{"damage":2,"enemies":"Looter","floor":5,"turns":3},{"damage":13,"enemies":"Gremlin Nob","floor":7,"turns":4},{"damage":7,"enemies":"Exordium Wildlife","floor":10,"turns":5},{"damage":0,"enemies":"Blue Slaver","floor":13,"turns":4},{"damage":35,"enemies":"Gremlin Gang","floor":14,"turns":5},{"damage":35,"enemies":"Slime Boss","floor":16,"turns":11},{"damage":11,"enemies":"3 Byrds","floor":18,"turns":4},{"damage":15,"enemies":"Shell Parasite","floor":20,"turns":7},{"damage":13,"enemies":"Snake Plant","floor":22,"turns":3},{"damage":4,"enemies":"Chosen and Byrds","floor":24,"turns":3},{"damage":4,"enemies":"Shelled Parasite and Fungi","floor":27,"turns":4},{"damage":14,"enemies":"Snake Plant","floor":31,"turns":5},{"damage":39,"enemies":"Collector","floor":33,"turns":7},{"damage":0,"enemies":"Orb Walker","floor":35,"turns":3},{"damage":22,"enemies":"3 Shapes","floor":37,"turns":5},{"damage":0,"enemies":"Transient","floor":39,"turns":5},{"damage":21,"enemies":"Jaw Worm Horde","floor":41,"turns":6},{"damage":40,"enemies":"Maw","floor":42,"turns":7},{"damage":21,"enemies":"Spire Growth","floor":46,"turns":8},{"damage":14,"enemies":"3 Darklings","floor":48,"turns":7},{"damage":22,"enemies":"Donu and Deca","floor":50,"turns":9}],"seed_played":"-3561691617891161613","potions_obtained":[{"floor":1,"key":"Fire Potion"},{"floor":4,"key":"GamblersBrew"},{"floor":13,"key":"FearPotion"},{"floor":14,"key":"GamblersBrew"},{"floor":18,"key":"Fire Potion"},{"floor":24,"key":"Weak Potion"},{"floor":27,"key":"AttackPotion"},{"floor":39,"key":"SteroidPotion"},{"floor":46,"key":"PowerPotion"},{"floor":48,"key":"EssenceOfSteel"}],"is_trial":false,"path_per_floor":["M","$","M","M","M","R","E","R","T","M","R","?","M","M","R","B",null,"M","?","M","?","M","R","M","$","T","M","$","?","R","M","R","B",null,"M","?","M","$","M","R","M","M","T","R","?","M","?","M","R","B",null],"character_chosen":"Librarian","items_purchased":["IdentifyWeakpoint","DemoMod:ClearGuonStone","Overcharge","Eject","WillProduceFineSilk","GrazeTheGrass","DarkCloud","GrazeTheGrass","Juzu Bracelet"],"campfire_rested":9,"item_purchase_floors":[2,25,25,25,25,25,28,28,38],"current_hp_per_floor":[66,66,66,66,64,64,51,78,78,68,90,68,68,33,53,18,76,65,49,34,34,21,48,44,44,44,40,40,40,64,50,77,38,69,69,69,47,47,47,74,57,21,21,42,42,21,21,7,34,12],"gold":43,"neow_bonus":"TEN_PERCENT_HP_BONUS","is_daily":false,"chose_seed":false,"campfire_upgraded":1,"win_rate":0.0,"timestamp":1614140806,"path_taken":["M","$","M","M","M","R","E","R","T","M","R","?","M","M","R","BOSS","M","?","M","?","M","R","M","$","T","M","$","?","R","M","R","BOSS","M","?","M","$","M","R","M","M","T","R","?","M","?","M","R","BOSS"],"items_purchased_type":["Card","Relic","Card","Card","Card","Card","Card","Card","Relic"],"build_version":"2020-12-22","purchased_purges":0,"victory":true,"max_hp_per_floor":[76,76,68,69,69,66,90,90,90,68,90,90,73,68,68,76,76,69,69,76,76,68,90,68,68,68,83,83,83,83,68,90,69,69,70,70,91,91,85,91,70,71,71,71,71,86,86,85,92,92],"card_choices":[{"not_picked":["Parry2","PinpointShot","RulesOfTheBackstreets"],"picked":"BulkyImpact","floor":1},{"not_picked":["StrikeDown","Laceration","Cruelty"],"picked":"HighKick","floor":3},{"not_picked":["TrimTheIngredients","CookingPrep","YoureAHindrance"],"picked":"VioletBlade","floor":4},{"not_picked":["FleetEdge","OpportunitySpotted","StrikeDown"],"picked":"SunsetBlade","floor":5},{"not_picked":["TheArtOfRapidSteps","Zzzzzap","Parry2"],"picked":"GaleKick","floor":7},{"not_picked":["HandleRequest","ElectricShock","SerpentSwordTechnique"],"picked":"InkOver","floor":10},{"not_picked":["MirageStorm","EnergyCycle","QuickAttack"],"picked":"GrazeTheGrass","floor":13},{"not_picked":["HighKick","AlloutWar","UnavoidableGaze"],"picked":"GreatSerpentsImpact","floor":14},{"not_picked":["Observe","CrackOfDawn"],"picked":"CleanUp","floor":16},{"not_picked":["AsThePrescriptOrders+1","FrontalAssault","UnavoidableGaze+1"],"picked":"TrimTheIngredients","floor":18},{"not_picked":["IdentifyWeakpoint","StrongStrike","RhinoRam+1"],"picked":"VenomousFangs+1","floor":20},{"not_picked":["SerpentineBarrier","MultiBlock","Pound"],"picked":"GrazeTheGrass","floor":22},{"not_picked":["Pound","RushDown","ViolentFlame"],"picked":"GrazeTheGrass","floor":24},{"not_picked":["MultiBlock","IdentifyWeakpoint","YoureAHindrance"],"picked":"Gamble+1","floor":27},{"not_picked":["SunsetBlade+1","ViolentFlame","EnergyStrike+1"],"picked":"FrontalAssault","floor":31},{"not_picked":["ChargeUp","CleanUp"],"picked":"TieShanKao","floor":33},{"not_picked":["CleanUp","ViolentFlame","KeepItFresh"],"picked":"CumulusWall+1","floor":35},{"not_picked":["PanicButton","Good Instincts","DemoMod:Invincible"],"picked":"Sadistic Nature","floor":36},{"not_picked":["ViolentFlame+1","GreatSerpentsImpact","FlowOfTheSword"],"picked":"RushDown","floor":37},{"not_picked":["FlowOfTheSword+1","IdentifyWeakpoint","FleetEdge+1"],"picked":"ForTheFamily+1","floor":39},{"not_picked":["ViolentFlame+1","AsThePrescriptOrders+1","GreatSerpentsImpact"],"picked":"FrontalAssault+1","floor":41},{"not_picked":["RulesOfTheBackstreets","StructuralAnalysis+1","DarkCloud+1"],"picked":"Concentration+1","floor":42},{"not_picked":["KeepItFresh","FormingStorm","RapidGashes+1"],"picked":"VenomousFangs+1","floor":46},{"not_picked":["MultiBlock+1","EnergyCycle","RhinoRam+1"],"picked":"Leap_lor","floor":48}],"player_experience":1096956,"relics_obtained":[{"floor":7,"key":"PageOfWizard"},{"floor":9,"key":"Potion Belt"},{"floor":19,"key":"Nilry\u0027s Codex"},{"floor":26,"key":"PageOfMountain"},{"floor":43,"key":"Mummified Hand"}],"event_choices":[{"damage_healed":0,"gold_gain":0,"player_choice":"Take Damage","damage_taken":22,"relics_obtained":["Golden Idol"],"max_hp_gain":0,"max_hp_loss":0,"event_name":"Golden Idol","floor":12,"gold_loss":0},{"damage_healed":0,"gold_gain":0,"player_choice":"Obtained Book","damage_taken":16,"max_hp_gain":0,"max_hp_loss":0,"event_name":"Cursed Tome","floor":19,"gold_loss":0},{"damage_healed":0,"gold_gain":99,"player_choice":"Stole From Cult","damage_taken":0,"max_hp_gain":0,"max_hp_loss":0,"event_name":"Nest","floor":21,"gold_loss":0},{"damage_healed":0,"gold_gain":0,"player_choice":"Paid Fearfully","damage_taken":0,"max_hp_gain":0,"max_hp_loss":0,"event_name":"Masked Bandits","floor":29,"gold_loss":2},{"damage_healed":0,"gold_gain":0,"player_choice":"Memory 1","damage_taken":0,"max_hp_gain":0,"max_hp_loss":0,"event_name":"SensoryStone","floor":36,"gold_loss":0},{"damage_healed":0,"gold_gain":0,"player_choice":"Paid","damage_taken":0,"relics_obtained":["Red Mask"],"max_hp_gain":0,"max_hp_loss":0,"event_name":"Tomb of Lord Red Mask","floor":45,"gold_loss":96},{"cards_removed":["LightAttack"],"damage_healed":0,"gold_gain":0,"player_choice":"Removed Attack","damage_taken":0,"max_hp_gain":0,"max_hp_loss":0,"event_name":"Falling","floor":47,"gold_loss":0}],"is_beta":false,"boss_relics":[{"not_picked":["Ectoplasm","Runic Dome"],"picked":"Tiny House"},{"not_picked":["Snecko Eye","Pandora\u0027s Box","DemoMod:WaxWing"]}],"items_purged_floors":[],"is_endless":false,"potions_floor_spawned":[1,4,7,13,14,18,24,27,39,46,48],"ascension_level":0}}