{"host":"17xjy7b7ubl548g2","time":1614133893,"event":{"mods":["2.2 Compatiblity","Act Like it!","Aspiration","Astrologer","Bard","BaseMod","Challenge The Spire","ChefMod","Colored Map","Colored Powertips","Conspire","Elementarium","Energized Spire","Gensokyo","GifTheSpireLib","Halation","Hallownest","Hermit","Hubris","Infinite Spire","Jedi Mod","Jorbs\u0027s Wanderer Trilogy","Marisa（霧雨　魔理沙）","Marked Mod","Menagerie","Minty Spire (QoL Compilation)","Permanent Neow","Reliquary","Replay The Spire","Robot Space Explorer","Ruina","Shapeshifter Mod","Spicy Shops","Spire Arcade","StSLib","Stuff the Spire","The Blue Laboratory","The Bug Knight","The Construct","The Disciple","The Hayseed","The Hierophant","The Marked","The Runesmith","The Sage","TheFirefly"],"gold_per_floor":[117,134,12,12,12,12,12,12,12,12,12,12,12,12,12,12,12,12,12,12,12,12,12,12,12,12,12,12,12,12,12,12,12,12,12,12,12,12,12,12,172,172,197,197,197,216,216,248,248,248],"floor_reached":51,"language":"ENG","playtime":5869,"items_purged":["Parasite","astrologer:Strike"],"score":970,"play_id":"66ac0e67-cfe5-4b27-925e-4e2453e7cf45","local_time":"20210223213133","is_ascension_mode":true,"campfire_choices":[{"data":"StuffTheSpire:ReptileScales","floor":6,"key":"SMITH"},{"data":"All Out Attack","floor":12,"key":"SMITH"},{"data":"astrologer:NorthStar","floor":15,"key":"SMITH"},{"data":"astrologer:TheChariot","floor":23,"key":"SMITH"},{"data":"astrologer:NeutronStar","floor":25,"key":"SMITH"},{"data":"infinitespire:NeuralNetwork","floor":40,"key":"SMITH"},{"data":"astrologer:TheChariot","floor":42,"key":"SMITH"},{"data":"StSShapeShifter:Tortoise_Form","floor":45,"key":"SMITH"},{"data":"astrologer:BlackHole","floor":47,"key":"SMITH"},{"floor":49,"key":"REST"}],"circlet_count":0,"master_deck":["astrologer:Defend","astrologer:Defend","astrologer:Defend","astrologer:NorthStar+1","astrologer:TheFool","astrologer:Conjunction","astrologer:TheTower+1","All Out Attack+1","Strike_G","StuffTheSpire:ReptileScales+1","astrologer:Moonlight","astrologer:Conjunction","astrologer:NeutronStar+1","astrologer:MeteorShower","astrologer:Starfield","astrologer:TheChariot+1","astrologer:SolarFlare+1","astrologer:ShiningStar+1","astrologer:Observe+1","astrologer:TheChariot+1","Injury","astrologer:BlackHole+1","Good Instincts","infinitespire:NeuralNetwork+1","StSShapeShifter:Tortoise_Form+1","astrologer:StarOfCourage+1","astrologer:Stardust+1","astrologer:MeteorShower","astrologer:Eclipse+1","Pride"],"relics":["astrologer:SkyMirror","Bag of Marbles","jedi:ominousloannote","Vajra","Torii","StuffTheSpire:OldFever","StuffTheSpire:Gunfinga","halation:LettersToHer","Simple Rune","Painkiller Herb","StuffTheSpire:Wildfire","conspire:GlowingRock","astrologer:Telescope","Replay:Kaleidoscope","Dead Branch","ReplayTheSpireMod:SealedPack","Bag of Preparation","hubris:Towel","Runesmith:AutoHammer"],"acts_visited":["Exordium","Exordium","TheBeyond"],"potions_floor_usage":[8,24,24,37,48,50,50],"damage_taken":[{"damage":0,"enemies":"Cultist","floor":1,"turns":3},{"damage":0,"enemies":"Small Slimes","floor":2,"turns":3},{"damage":0,"enemies":"Jaw Worm","floor":5,"turns":2},{"damage":10,"enemies":"Lagavulin","floor":8,"turns":7},{"damage":0,"enemies":"Gremlin Gang","floor":10,"turns":1},{"damage":1,"enemies":"Gremlin Nob","floor":11,"turns":3},{"damage":1,"enemies":"3 Sentries","floor":14,"turns":4},{"damage":6,"enemies":"Hexaghost","floor":16,"turns":7},{"damage":1,"enemies":"ruina:BadWolf","floor":18,"turns":4},{"damage":0,"enemies":"ruina:2_Scarecrows","floor":22,"turns":4},{"damage":1,"enemies":"ruina:ServantOfWrath","floor":24,"turns":4},{"damage":1,"enemies":"ruina:Mountain","floor":29,"turns":6},{"damage":0,"enemies":"ruina:Nos_and_Bat","floor":31,"turns":2},{"damage":1,"enemies":"ruina:Red_and_Wolf","floor":33,"turns":8},{"damage":0,"enemies":"3 Darklings","floor":35,"turns":4},{"damage":0,"enemies":"Orb Walker","floor":36,"turns":2},{"damage":0,"enemies":"Maw","floor":37,"turns":5},{"damage":9,"enemies":"Jaw Worm Horde","floor":38,"turns":3},{"damage":0,"enemies":"Transient","floor":46,"turns":5},{"damage":8,"enemies":"Nightmare","floor":48,"turns":5},{"damage":35,"enemies":"infinitespire:MassOfShapes","floor":50,"turns":5}],"seed_played":"3186612571368121538","potions_obtained":[{"floor":2,"key":"blueLaboratory:ExaltedPotion"},{"floor":5,"key":"blueLaboratory:HummingbirdPotion"},{"floor":14,"key":"jedi:hoardpotion"},{"floor":16,"key":"Energy Potion"},{"floor":22,"key":"Fire Potion"},{"floor":31,"key":"Swift Potion"},{"floor":37,"key":"Swift Potion"},{"floor":48,"key":"BlessingOfTheForge"}],"is_trial":false,"path_per_floor":["M","M","$","?","M","R","?","E","T","M","E","R","$","E","R","B",null,"?","?","?","T","?","T","E","T","T","?","T","E","AVR","?","T","B",null,"?","?","?","?","?","T","?","T","T","?","T","?","T","NM","T","B",null],"character_chosen":"ASTROLOGER","items_purchased":["jedi:ominousloannote","Vajra","Torii"],"campfire_rested":1,"item_purchase_floors":[3,3,3],"current_hp_per_floor":[63,63,63,63,63,63,63,53,53,53,52,52,52,51,51,45,62,61,61,61,61,61,61,60,60,60,60,60,59,59,59,67,66,67,67,67,67,58,58,58,42,42,42,42,42,42,42,34,53,18],"gold":248,"neow_bonus":"RANDOM_COMMON_RELIC","is_daily":false,"chose_seed":false,"campfire_upgraded":9,"win_rate":0.0,"timestamp":1614133893,"path_taken":["M","?","$","?","?","R","?","E","T","?","E","R","?","E","R","BOSS","?","?","?","T","?","T","E","T","T","?","T","E","AVR","?","T","BOSS","?","?","?","?","?","T","?","T","T","?","T","?","T","NM","T","BOSS"],"items_purchased_type":["Relic","Relic","Relic"],"build_version":"2020-12-22","purchased_purges":2,"victory":true,"max_hp_per_floor":[70,70,67,67,67,67,67,67,67,67,67,67,67,67,67,67,67,67,67,67,67,67,67,67,67,67,67,67,67,67,67,67,67,67,67,67,67,67,64,64,64,64,64,64,64,64,64,64,64,64],"card_choices":[{"not_picked":["astrologer:ReadTheStars","astrologer:Observe"],"picked":"astrologer:Conjunction","floor":1},{"not_picked":["astrologer:Still","astrologer:Glimpse"],"picked":"astrologer:TheTower","floor":2},{"not_picked":["astrologer:StarOfChange","astrologer:GlassStar"],"picked":"astrologer:Moonlight","floor":5},{"not_picked":["astrologer:Sunrise","astrologer:Judgement"],"picked":"astrologer:NeutronStar","floor":8},{"not_picked":["astrologer:TheMoon","astrologer:TheHangedMan","astrologer:Stardust"],"picked":"SKIP","floor":10},{"not_picked":["astrologer:TheStar","astrologer:SolarFlare"],"picked":"astrologer:MeteorShower","floor":11},{"not_picked":["astrologer:Premeditation","astrologer:Eclipse"],"picked":"astrologer:Starfield","floor":14},{"not_picked":["astrologer:Fate","astrologer:DarkMatter"],"picked":"astrologer:TheChariot","floor":16},{"not_picked":["astrologer:Still","astrologer:FrozenStar","astrologer:TheHighPriestess"],"picked":"SKIP","floor":18},{"not_picked":["astrologer:Moonlight","astrologer:CrystalBall","astrologer:Glimpse"],"picked":"SKIP","floor":22},{"not_picked":["astrologer:Prismatic","astrologer:SpaceDust"],"picked":"astrologer:SolarFlare+1","floor":24},{"not_picked":["astrologer:Opposition","astrologer:TheChariot"],"picked":"astrologer:ShiningStar+1","floor":29},{"not_picked":["astrologer:CometStrike","astrologer:ReadTheStars+1"],"picked":"astrologer:Observe+1","floor":31},{"not_picked":["astrologer:Starfield","astrologer:WheelofFortune"],"picked":"astrologer:TheChariot","floor":33},{"not_picked":["astrologer:HeatDeath","astrologer:Trine"],"picked":"astrologer:BlackHole","floor":34},{"not_picked":["hubris:Ssssneak","Swift Strike"],"picked":"Good Instincts","floor":34},{"not_picked":["hubris:InfiniteBlow","ReplayTheSpireMod:Haul"],"picked":"infinitespire:NeuralNetwork","floor":34},{"not_picked":["TheSimpletonMod:ReekAndSow","HollowMod:PogoStrike"],"picked":"StSShapeShifter:Tortoise_Form","floor":34},{"not_picked":["astrologer:Stardust+1","astrologer:Still"],"picked":"astrologer:StarOfCourage+1","floor":35},{"not_picked":["astrologer:Radiance","astrologer:SolarFlare+1","astrologer:Still+1"],"picked":"SKIP","floor":36},{"not_picked":["astrologer:FrozenStar+1","astrologer:Opposition+1","astrologer:Novile"],"picked":"SKIP","floor":37},{"not_picked":["astrologer:FrozenStar","astrologer:TheChariot","astrologer:ShootingStar"],"picked":"SKIP","floor":38},{"not_picked":["astrologer:Still+1","astrologer:Radiance+1"],"picked":"astrologer:Stardust+1","floor":41},{"not_picked":["astrologer:Opposition","astrologer:Radiance"],"picked":"astrologer:MeteorShower","floor":46},{"not_picked":["astrologer:Prestidigitation+1","astrologer:Stardust"],"picked":"astrologer:Eclipse+1","floor":48}],"player_experience":2254433,"relics_obtained":[{"floor":8,"key":"StuffTheSpire:OldFever"},{"floor":9,"key":"StuffTheSpire:Gunfinga"},{"floor":11,"key":"halation:LettersToHer"},{"floor":14,"key":"Simple Rune"},{"floor":24,"key":"StuffTheSpire:Wildfire"},{"floor":26,"key":"halation:LettersToHer"},{"floor":26,"key":"conspire:GlowingRock"},{"floor":29,"key":"Replay:Kaleidoscope"},{"floor":43,"key":"halation:LettersToHer"},{"floor":43,"key":"Bag of Preparation"},{"floor":48,"key":"Runesmith:AutoHammer"}],"event_choices":[{"damage_healed":0,"gold_gain":0,"cards_transformed":["astrologer:Strike"],"player_choice":"Transformed","damage_taken":0,"max_hp_gain":0,"max_hp_loss":0,"event_name":"Transmorgrifier","floor":7,"gold_loss":0,"cards_obtained":["astrologer:Conjunction"]},{"damage_healed":0,"gold_gain":0,"player_choice":"Leave","damage_taken":0,"max_hp_gain":0,"max_hp_loss":0,"event_name":"conspire:Investor","floor":19,"gold_loss":0},{"damage_healed":0,"gold_gain":0,"player_choice":"Max HP","damage_taken":0,"max_hp_gain":0,"max_hp_loss":3,"event_name":"Winding Halls","floor":39,"gold_loss":0}],"is_beta":false,"boss_relics":[{"not_picked":["Astrolabe","conspire:RunicOctahedron"],"picked":"Painkiller Herb"},{"not_picked":["reliquary:KinkedSpring","Runesmith:UraniumAnvil"],"picked":"ReplayTheSpireMod:SealedPack"}],"items_purged_floors":[3,30],"is_endless":false,"potions_floor_spawned":[2,5,14,16,22,31,37,46,48],"ascension_level":8}}