{"host":"miczq86z2i77lhk7","time":1614179175,"event":{"mods":["AchievementEnabler","BaseMod","Colored Map","Colored Powertips","Downfall","Highlight Path","Minty Spire (QoL Compilation)","StSLib"],"gold_per_floor":[99,118,118,28,28,13,13,45,56,56,67,67,82,257,274,370,370,270,285,285,298,298,312,362,362,362,109,125,216,216,247,261,363,363,363,375,255,255,272,36,36,53,53,85,104,104,115,141,160,160],"floor_reached":51,"language":"ENG","playtime":6186,"items_purged":["bronze:Defend","downfall:Bewildered","Doubt","bronze:Strike","bronze:Strike"],"score":777,"play_id":"a96f2b59-862f-4a6b-b344-a686546dbd2e","local_time":"20210224160615","is_ascension_mode":false,"campfire_choices":[{"data":"bronze:Goto","floor":1,"key":"SMITH"},{"data":"bronze:Repulsor","floor":10,"key":"SMITH"},{"data":"bronze:DelayedGuard","floor":12,"key":"SMITH"},{"data":"bronze:AlphaBuild","floor":18,"key":"SMITH"},{"data":"bronze:Frontload","floor":25,"key":"SMITH"},{"data":"bronze:Repulsor","floor":30,"key":"SMITH"},{"data":"bronze:Mutator","floor":35,"key":"SMITH"},{"data":"bronze:Boost","floor":43,"key":"SMITH"},{"data":"bronze:HardenedForm","floor":46,"key":"SMITH"}],"circlet_count":0,"master_deck":["bronze:Defend+1","bronze:Replicate","bronze:Goto+1","bronze:DelayedSlice","bronze:Repulsor+1","bronze:DelayedGuard+1","bronze:Iterate","bronze:Repair","bronze:AlphaBuild+1","bronze:BronzeOrb","bronze:Branch","bronze:Frontload+1","bronze:Optimize+1","bronze:Boost+1","bronze:OilSpill+1","bronze:Repulsor+1","bronze:Mutator+1","bronze:HardenedForm+1","bronze:MaxOutput+1","Flash of Steel","bronze:ForceShield+1","bronze:Break","bronze:FindAndReplace","bronze:BuggyMess"],"relics":["bronze:BronzeCore","Mummified Hand","HornCleat","Shuriken","Empty Cage","downfall:HeartBlessingGreen","sneckomod:BabySnecko","bronze:ProtectiveGoggles","Membership Card","Vajra","TheAbacus","Blood Vial","Sozu","ClockworkSouvenir","Lantern","War Paint","Lizard Tail","CaptainsWheel"],"acts_visited":["Exordium","TheCity","TheBeyond"],"potions_floor_usage":[21,44,50],"damage_taken":[{"damage":0,"enemies":"Cultist","floor":2,"turns":4},{"damage":0,"enemies":"downfall:FleeingMerchant","floor":4,"turns":4},{"damage":0,"enemies":"downfall:FleeingMerchant","floor":6,"turns":4},{"damage":23,"enemies":"3 Sentries","floor":8,"turns":8},{"damage":2,"enemies":"2 Louse","floor":9,"turns":2},{"damage":1,"enemies":"Jaw Worm","floor":11,"turns":3},{"damage":13,"enemies":"Lots of Slimes","floor":13,"turns":3},{"damage":0,"enemies":"downfall:LooterAlt","floor":15,"turns":3},{"damage":0,"enemies":"SI_SHIV_ARCHETYPE","floor":16,"turns":5},{"damage":12,"enemies":"downfall:LooterAlt2","floor":19,"turns":6},{"damage":18,"enemies":"Shell Parasite","floor":21,"turns":6},{"damage":13,"enemies":"Centurion and Healer","floor":23,"turns":5},{"damage":0,"enemies":"downfall:FleeingMerchant","floor":27,"turns":4},{"damage":0,"enemies":"Shelled Parasite and Fungi","floor":28,"turns":6},{"damage":0,"enemies":"downfall:FleeingMerchant","floor":29,"turns":4},{"damage":10,"enemies":"Book of Stabbing","floor":31,"turns":5},{"damage":13,"enemies":"3 Cultists","floor":32,"turns":6},{"damage":40,"enemies":"WA_ARCHETYPE_CALM","floor":33,"turns":9},{"damage":13,"enemies":"3 Darklings","floor":36,"turns":4},{"damage":0,"enemies":"Orb Walker","floor":39,"turns":2},{"damage":0,"enemies":"Jaw Worm Horde","floor":42,"turns":3},{"damage":0,"enemies":"Reptomancer","floor":44,"turns":4},{"damage":6,"enemies":"Maw","floor":45,"turns":5},{"damage":0,"enemies":"Transient","floor":47,"turns":5},{"damage":23,"enemies":"Nemesis","floor":48,"turns":7},{"damage":0,"enemies":"Jaw Worm Horde","floor":49,"turns":5},{"damage":36,"enemies":"IC_BLOCK_ARCHETYPE","floor":50,"turns":8}],"seed_played":"-235147219703580615","potions_obtained":[{"floor":2,"key":"GamblersBrew"},{"floor":8,"key":"SkillPotion"},{"floor":13,"key":"Dexterity Potion"},{"floor":15,"key":"LiquidMemories"},{"floor":21,"key":"SteroidPotion"},{"floor":23,"key":"Block Potion"}],"is_trial":false,"path_per_floor":["R","M","?","$","T","$","T","E","M","R","M","R","M","?","M","B",null,"R","M","?","M","?","M","T","R","?","$","M","$","R","E","M","B",null,"R","M","$","?","M","$","T","M","R","E","M","R","M","E","M","B",null],"character_chosen":"THE_AUTOMATON","items_purchased":["Membership Card","bronze:Boost","Vajra","bronze:Repulsor","TheAbacus","Flash of Steel","ClockworkSouvenir","Lantern"],"campfire_rested":0,"item_purchase_floors":[27,27,29,29,29,37,40,40],"current_hp_per_floor":[77,77,77,77,77,77,77,54,52,52,51,51,38,38,45,52,77,77,72,72,59,59,53,53,53,77,77,77,77,77,74,73,45,77,77,74,74,74,77,77,77,77,77,77,71,71,77,54,56,32],"gold":160,"neow_bonus":"TEN_PERCENT_HP_BONUS","is_daily":false,"chose_seed":false,"campfire_upgraded":9,"win_rate":0.0,"timestamp":1614179175,"path_taken":["R","M","?","$","?","$","T","E","M","R","M","R","M","?","M","BOSS","R","M","?","?","?","M","T","R","?","$","?","$","R","E","M","BOSS","R","M","$","?","M","$","T","?","R","E","M","R","M","E","M","BOSS"],"items_purchased_type":["Relic","Card","Relic","Card","Relic","Card","Relic","Relic"],"build_version":"2020-12-22","purchased_purges":5,"victory":true,"max_hp_per_floor":[77,77,77,77,77,77,77,77,77,77,77,77,77,77,77,77,77,77,77,77,77,77,77,77,77,77,77,77,77,77,77,77,77,77,77,77,77,77,77,77,77,77,77,77,77,77,77,77,77,77],"card_choices":[{"not_picked":["bronze:CutThrough","bronze:OilSpill"],"picked":"bronze:DelayedSlice","floor":2},{"not_picked":["bronze:ItsAFeature","bronze:BuggyMess","bronze:CleanCode"],"picked":"SKIP","floor":4},{"not_picked":["bronze:DelayedSlice","bronze:BuggyMess"],"picked":"bronze:Repulsor","floor":6},{"not_picked":["bronze:FindAndReplace","bronze:BuggyMess"],"picked":"bronze:DelayedGuard","floor":8},{"not_picked":["bronze:Shield","bronze:WhirlingStrike"],"picked":"bronze:Iterate","floor":9},{"not_picked":["bronze:Invalidate","bronze:WildBeam","bronze:Shield"],"picked":"SKIP","floor":11},{"not_picked":["bronze:Optimize","bronze:DarkDash"],"picked":"bronze:Repair","floor":13},{"not_picked":["bronze:Overload","bronze:WildBeam","bronze:BitShift"],"picked":"SKIP","floor":15},{"not_picked":["bronze:RecursiveStrike","bronze:SpaghettiCode"],"picked":"bronze:AlphaBuild","floor":16},{"not_picked":["bronze:BitShift","bronze:Backtrace+1"],"picked":"bronze:BronzeOrb","floor":19},{"not_picked":["bronze:WhirlingStrike","bronze:WildBeam+1"],"picked":"bronze:Branch","floor":21},{"not_picked":["bronze:Deprecate","bronze:DigitalCarnage"],"picked":"bronze:Frontload","floor":23},{"not_picked":["bronze:ThunderWave","bronze:BronzeOrb+1"],"picked":"bronze:Optimize+1","floor":27},{"not_picked":["bronze:Iterate","bronze:BugBarrage+1"],"picked":"bronze:OilSpill+1","floor":28},{"not_picked":["bronze:Iterate","bronze:Boost","bronze:OilSpill"],"picked":"SKIP","floor":29},{"not_picked":["bronze:BitShift","bronze:FineTuning+1","bronze:DelayedSlice"],"picked":"SKIP","floor":31},{"not_picked":["bronze:Boost","bronze:Invalidate"],"picked":"bronze:Mutator","floor":32},{"not_picked":["bronze:Mutator","bronze:ThunderWave"],"picked":"bronze:HardenedForm","floor":33},{"not_picked":["bronze:DelayedGuard","bronze:BugBarrage+1"],"picked":"bronze:MaxOutput+1","floor":36},{"not_picked":["bronze:ChildClass","bronze:CutThrough","bronze:WhirlingStrike"],"picked":"SKIP","floor":39},{"not_picked":["bronze:Shield+1","bronze:DelayedGuard+1","bronze:Safeguard+1"],"picked":"SKIP","floor":42},{"not_picked":["bronze:FineTuning","bronze:ChildClass+1","bronze:DelayedGuard+1"],"picked":"SKIP","floor":44},{"not_picked":["bronze:Overheat","bronze:Shell"],"picked":"bronze:Break","floor":45},{"not_picked":["bronze:Invalidate+1","bronze:DelayedGuard+1","bronze:ForLoop+1"],"picked":"SKIP","floor":47},{"not_picked":["bronze:FineTuning+1","bronze:DelayedGuard+1"],"picked":"bronze:FindAndReplace","floor":48},{"not_picked":["bronze:Overheat","bronze:DelayedSlice"],"picked":"bronze:BuggyMess","floor":49}],"player_experience":88009,"relics_obtained":[{"floor":5,"key":"Mummified Hand"},{"floor":7,"key":"HornCleat"},{"floor":8,"key":"Shuriken"},{"floor":24,"key":"bronze:ProtectiveGoggles"},{"floor":31,"key":"Blood Vial"},{"floor":41,"key":"War Paint"},{"floor":44,"key":"Lizard Tail"},{"floor":48,"key":"CaptainsWheel"}],"event_choices":[{"damage_healed":0,"gold_gain":0,"player_choice":"Got Potions","damage_taken":0,"max_hp_gain":0,"max_hp_loss":0,"event_name":"Lab","floor":20,"gold_loss":0},{"damage_healed":24,"gold_gain":0,"player_choice":"Full Heal","damage_taken":0,"max_hp_gain":0,"max_hp_loss":0,"event_name":"Wheel of Change","floor":26,"gold_loss":0}],"is_beta":false,"boss_relics":[{"not_picked":["Busted Crown","Tiny House"],"picked":"Empty Cage"},{"not_picked":["Runic Pyramid","Snecko Eye"],"picked":"Sozu"}],"items_purged_floors":[4,27,29,37,40],"is_endless":false,"potions_floor_spawned":[2,8,13,15,16,21,23,28,44,45,49],"ascension_level":0}}