{"host":"d744ndivyohnro60","time":1614135339,"event":{"mods":["BaseMod","Bestiary","Colored Powertips","Minty Spire (QoL Compilation)","Relic Stats"],"gold_per_floor":[112,125,2,2,2,2,41,41,91,119,150,162,209,240,252,393,405,438,469,28,0,99,132,132,167,248,248,269,294,26,46,46,176,176,192,525,525,575,588,588,599,599,599,617,630,650,650,262,262,262],"floor_reached":51,"language":"ENG","playtime":2755,"items_purged":["Injury","Strike_B","Writhe"],"score":1118,"play_id":"dbea5b0c-0893-4b45-9f57-fda339b9be38","local_time":"20210223215539","is_ascension_mode":true,"campfire_choices":[{"data":"Zap","floor":6,"key":"SMITH"},{"floor":8,"key":"REST"},{"data":"Stack","floor":12,"key":"SMITH"},{"data":"Capacitor","floor":15,"key":"SMITH"},{"floor":24,"key":"REST"},{"floor":27,"key":"REST"},{"floor":32,"key":"REST"},{"floor":40,"key":"REST"},{"data":"Fission","floor":49,"key":"SMITH"}],"circlet_count":0,"master_deck":["Strike_B","Strike_B","Defend_B","Defend_B","Defend_B","Zap+1","Dualcast","Self Repair","Chill","Capacitor+1","Cold Snap","Cold Snap","Beam Cell","Stack+1","Consume","Barrage","Creative AI","Streamline","Ball Lightning","Auto Shields","Cold Snap+1","Glacier","Stack","Chaos","Blizzard","Fission+1","Melter+1","Blizzard+1","Leap+1","Compile Driver+1","Steam+1","Chill+1","Cold Snap+1","Blizzard","Consume","Stack","Storm","Madness"],"relics":["Black Star","Oddly Smooth Stone","Ancient Tea Set","MawBank","Happy Flower","Smiling Mask","SacredBark","Cables","Bronze Scales","Ginger","White Beast Statue","Pen Nib","Vajra","Ornamental Fan","Runic Capacitor","Empty Cage","Incense Burner","InkBottle","Membership Card"],"acts_visited":["Exordium","TheCity","TheBeyond"],"potions_floor_usage":[13,16,18,23,25,28,33,33,38,39,41,41,42,46,46,50,50],"damage_taken":[{"damage":6,"enemies":"2 Louse","floor":1,"turns":3},{"damage":9,"enemies":"Jaw Worm","floor":2,"turns":4},{"damage":36,"enemies":"Lagavulin","floor":7,"turns":8},{"damage":1,"enemies":"Small Slimes","floor":10,"turns":4},{"damage":6,"enemies":"3 Louse","floor":11,"turns":4},{"damage":11,"enemies":"3 Sentries","floor":13,"turns":11},{"damage":0,"enemies":"Blue Slaver","floor":14,"turns":5},{"damage":0,"enemies":"Slime Boss","floor":16,"turns":16},{"damage":5,"enemies":"Spheric Guardian","floor":18,"turns":7},{"damage":12,"enemies":"Chosen","floor":19,"turns":7},{"damage":35,"enemies":"Slavers","floor":23,"turns":3},{"damage":52,"enemies":"Book of Stabbing","floor":25,"turns":6},{"damage":9,"enemies":"Centurion and Healer","floor":28,"turns":5},{"damage":2,"enemies":"Cultist and Chosen","floor":29,"turns":6},{"damage":0,"enemies":"3 Cultists","floor":31,"turns":6},{"damage":4,"enemies":"Collector","floor":33,"turns":5},{"damage":17,"enemies":"3 Shapes","floor":35,"turns":7},{"damage":0,"enemies":"Mind Bloom Boss Battle","floor":38,"turns":3},{"damage":50,"enemies":"3 Darklings","floor":39,"turns":5},{"damage":16,"enemies":"Spire Growth","floor":41,"turns":5},{"damage":0,"enemies":"Giant Head","floor":42,"turns":1},{"damage":12,"enemies":"4 Shapes","floor":44,"turns":11},{"damage":15,"enemies":"Maw","floor":45,"turns":7},{"damage":0,"enemies":"Jaw Worm Horde","floor":46,"turns":4},{"damage":34,"enemies":"Time Eater","floor":50,"turns":13}],"seed_played":"-3840523139087625532","potions_obtained":[{"floor":1,"key":"SpeedPotion"},{"floor":10,"key":"BlessingOfTheForge"},{"floor":11,"key":"Block Potion"},{"floor":14,"key":"Explosive Potion"},{"floor":19,"key":"PowerPotion"},{"floor":25,"key":"AttackPotion"},{"floor":28,"key":"SpeedPotion"},{"floor":29,"key":"EssenceOfDarkness"},{"floor":31,"key":"Dexterity Potion"},{"floor":33,"key":"Ancient Potion"},{"floor":35,"key":"LiquidMemories"},{"floor":38,"key":"BlessingOfTheForge"},{"floor":39,"key":"Strength Potion"},{"floor":41,"key":"SmokeBomb"},{"floor":44,"key":"Energy Potion"},{"floor":45,"key":"Regen Potion"},{"floor":46,"key":"LiquidMemories"}],"is_trial":false,"path_per_floor":["M","M","$","?","?","R","E","R","T","M","M","R","E","M","R","B",null,"M","M","$","?","?","E","R","E","T","R","M","M","$","M","R","B",null,"M","?","?","?","M","R","M","E","T","M","M","M","?","$","R","B",null],"character_chosen":"DEFECT","items_purchased":["Capacitor","Cold Snap","Cables","Bronze Scales","Runic Capacitor","Chaos","Membership Card","Blizzard","Consume","SteroidPotion","Stack","Storm","Madness"],"campfire_rested":5,"item_purchase_floors":[3,3,20,20,30,30,48,48,48,48,48,48,48],"current_hp_per_floor":[62,60,60,60,60,60,31,53,53,59,60,60,56,63,63,70,74,75,63,63,63,63,35,57,12,12,34,32,37,37,44,66,62,72,62,62,62,69,19,41,25,25,25,20,12,46,65,65,65,38],"gold":262,"neow_bonus":"BOSS_RELIC","is_daily":false,"chose_seed":false,"campfire_upgraded":4,"win_rate":0.0,"timestamp":1614135339,"path_taken":["M","M","$","?","?","R","E","R","T","M","M","R","E","M","R","BOSS","M","M","$","?","?","E","R","E","T","R","M","M","$","M","R","BOSS","M","?","?","?","M","R","M","E","T","M","M","?","?","$","R","BOSS"],"items_purchased_type":["Card","Card","Relic","Relic","Relic","Card","Relic","Card","Card","Potion","Card","Card","Card"],"build_version":"2020-12-22","purchased_purges":3,"victory":true,"max_hp_per_floor":[75,75,75,75,75,75,75,75,75,75,75,75,75,75,75,75,75,75,75,75,75,75,75,75,75,75,75,75,75,75,75,75,75,75,75,75,75,75,75,75,75,75,75,75,75,75,75,75,75,75],"relic_stats":{"Happy Flower":[40],"counters":[25,156],"Ornamental Fan":[60],"Bronze Scales":[271],"Pen Nib":[12],"Black Star":5,"Ginger":[13],"MawBank":132,"Smiling Mask":88,"obtain_stats":[{"Happy Flower":13,"Golden Idol":4,"SacredBark":17,"Oddly Smooth Stone":7,"Vajra":25,"Pen Nib":25,"Runic Capacitor":30,"Incense Burner":38,"Ginger":23,"Ancient Tea Set":7,"MawBank":9,"Smiling Mask":13,"Empty Cage":34,"White Beast Statue":23,"Cables":20,"Ornamental Fan":26,"Bronze Scales":20,"Black Star":0,"Membership Card":48,"Cracked Core":0,"InkBottle":43},{"Happy Flower":6,"Golden Idol":2,"SacredBark":8,"Oddly Smooth Stone":3,"Vajra":12,"Pen Nib":12,"Runic Capacitor":14,"Incense Burner":18,"Ginger":11,"Ancient Tea Set":3,"MawBank":3,"Smiling Mask":6,"Empty Cage":16,"White Beast Statue":11,"Cables":10,"Ornamental Fan":12,"Bronze Scales":10,"Black Star":0,"Membership Card":24,"Cracked Core":0,"InkBottle":21},{"Happy Flower":34,"Golden Idol":7,"SacredBark":55,"Oddly Smooth Stone":15,"Vajra":78,"Pen Nib":78,"Runic Capacitor":89,"Incense Burner":110,"Ginger":72,"Ancient Tea Set":15,"MawBank":15,"Smiling Mask":34,"Empty Cage":100,"White Beast Statue":72,"Cables":69,"Ornamental Fan":78,"Bronze Scales":69,"Black Star":0,"Membership Card":143,"Cracked Core":0,"InkBottle":121}],"InkBottle":[12],"Cables":[77,20,51,6,0]},"card_choices":[{"not_picked":["Steam Power","Force Field"],"picked":"Self Repair","floor":1},{"not_picked":["Steam","Hologram"],"picked":"Chill","floor":2},{"not_picked":["Melter","Capacitor"],"picked":"Cold Snap","floor":7},{"not_picked":["Self Repair","Reprogram"],"picked":"Beam Cell","floor":10},{"not_picked":["Leap","Rebound"],"picked":"Stack","floor":11},{"not_picked":["Cold Snap","Defragment"],"picked":"Consume","floor":13},{"not_picked":["Self Repair","Machine Learning"],"picked":"Barrage","floor":14},{"not_picked":["All For One","Machine Learning"],"picked":"Creative AI","floor":16},{"not_picked":["Barrage","Force Field"],"picked":"Streamline","floor":18},{"not_picked":["Steam","Force Field"],"picked":"Ball Lightning","floor":19},{"not_picked":["Beam Cell","Consume+1"],"picked":"Auto Shields","floor":23},{"not_picked":["Leap","Beam Cell"],"picked":"Cold Snap+1","floor":25},{"not_picked":["Darkness","Consume"],"picked":"Glacier","floor":28},{"not_picked":["Ball Lightning","Leap"],"picked":"Stack","floor":29},{"not_picked":["Rebound","BootSequence"],"picked":"Blizzard","floor":31},{"not_picked":["Machine Learning","Buffer"],"picked":"Fission","floor":33},{"not_picked":["Loop","Cold Snap+1"],"picked":"Melter+1","floor":35},{"not_picked":["Stack","Compile Driver+1"],"picked":"Blizzard+1","floor":38},{"not_picked":["Undo+1","Redo"],"picked":"Leap+1","floor":39},{"not_picked":["Go for the Eyes","Genetic Algorithm"],"picked":"Compile Driver+1","floor":41},{"not_picked":["Ball Lightning","Genetic Algorithm"],"picked":"Steam+1","floor":44},{"not_picked":["Hologram","Rebound+1"],"picked":"Chill+1","floor":45},{"not_picked":["Sunder","Compile Driver"],"picked":"Cold Snap+1","floor":46}],"player_experience":271294,"relics_obtained":[{"floor":7,"key":"Oddly Smooth Stone"},{"floor":7,"key":"Ancient Tea Set"},{"floor":9,"key":"MawBank"},{"floor":13,"key":"Happy Flower"},{"floor":13,"key":"Smiling Mask"},{"floor":23,"key":"Ginger"},{"floor":23,"key":"White Beast Statue"},{"floor":25,"key":"Pen Nib"},{"floor":25,"key":"Vajra"},{"floor":26,"key":"Ornamental Fan"},{"floor":38,"key":"Incense Burner"},{"floor":43,"key":"InkBottle"}],"event_choices":[{"damage_healed":0,"gold_gain":0,"player_choice":"Take Wound","damage_taken":0,"relics_obtained":["Golden Idol"],"max_hp_gain":0,"max_hp_loss":0,"event_name":"Golden Idol","floor":4,"gold_loss":0,"cards_obtained":["Injury"]},{"damage_healed":0,"gold_gain":0,"player_choice":"Ignored","damage_taken":0,"max_hp_gain":0,"max_hp_loss":0,"event_name":"Liars Game","floor":5,"gold_loss":0},{"damage_healed":0,"gold_gain":0,"player_choice":"Paid Fearfully","damage_taken":0,"max_hp_gain":0,"max_hp_loss":0,"event_name":"Masked Bandits","floor":21,"gold_loss":28},{"damage_healed":0,"gold_gain":99,"player_choice":"Stole From Cult","damage_taken":0,"max_hp_gain":0,"max_hp_loss":0,"event_name":"Nest","floor":22,"gold_loss":0},{"damage_healed":0,"gold_gain":333,"player_choice":"Gave Idol","damage_taken":0,"max_hp_gain":0,"max_hp_loss":0,"event_name":"The Moai Head","floor":36,"relics_lost":["Golden Idol"],"gold_loss":0},{"damage_healed":0,"gold_gain":0,"player_choice":"Ignored","damage_taken":0,"max_hp_gain":0,"max_hp_loss":0,"event_name":"Tomb of Lord Red Mask","floor":37,"gold_loss":0},{"damage_healed":0,"gold_gain":0,"player_choice":"Fight","damage_taken":0,"max_hp_gain":0,"max_hp_loss":0,"event_name":"MindBloom","floor":38,"gold_loss":0},{"damage_healed":19,"gold_gain":0,"player_choice":"Writhe","damage_taken":0,"max_hp_gain":0,"max_hp_loss":0,"event_name":"Winding Halls","floor":47,"gold_loss":0,"cards_obtained":["Writhe"]}],"is_beta":false,"boss_relics":[{"not_picked":["Coffee Dripper","Fusion Hammer"],"picked":"SacredBark"},{"not_picked":["Runic Pyramid","Tiny House"],"picked":"Empty Cage"}],"items_purged_floors":[20,30,48],"is_endless":false,"potions_floor_spawned":[1,10,11,14,19,25,28,29,31,33,35,38,39,41,42,44,45,46],"ascension_level":8}}