{"host":"onk0sru1v5nf4gev","time":1614124873,"event":{"mods":["AchievementEnabler","BaseMod","Colored Map","Colored Powertips","Downfall","Googly Eyes","Infinite Spire","Minty Spire (QoL Compilation)","Quick Restart","Replay The Spire","StSLib","SuperFastMode","The Cursed"],"gold_per_floor":[109,127,144,144,96,121,121,137,163,163,163,163,9,25,25,124,124,135,135,234,248,264,264,264,264,264,274,307,222,248,259,259,360,360,378,378,396,396,234,234,247,247,329,329,26,26,43,43,43,43],"floor_reached":51,"language":"FRA","playtime":1700,"items_purged":["Strike_R"],"score":873,"play_id":"14f0974e-e77d-4ae4-9417-ccd851a789f6","local_time":"20210224010113","is_ascension_mode":true,"campfire_choices":[{"floor":7.0,"key":"REST"},{"data":"Combust","floor":10.0,"key":"SMITH"},{"data":"Flex","floor":12.0,"key":"SMITH"},{"floor":15.0,"key":"REST"},{"floor":23.0,"key":"REST"},{"data":"Demon Form","floor":25.0,"key":"SMITH"},{"floor":32.0,"key":"REST"},{"data":"Apotheosis","floor":40.0,"key":"SMITH"},{"floor":42.0,"key":"REST"},{"floor":46.0,"key":"REST"}],"circlet_count":0,"master_deck":["Strike_R","Strike_R","Strike_R","Strike_R","Defend_R","Defend_R","Defend_R","Defend_R","Bash","ReplayTheSpireMod:Muscle Training","Perfected Strike","Combust+1","Flex+1","Thunderclap","Flex+1","Massacre","Demon Form+1","Replay:Undeath\u0027s Touch+1","ReplayTheSpireMod:Muscle Training+1","Run Through+1","Immolate","Infernal Blade","Reaper","Thunderclap+1","Apotheosis+1","Intimidate+1","Double Tap","Wild Strike+1"],"relics":["Burning Blood","NeowsBlessing","infinitespire:PuzzleCube","ReplayFunnel","Centennial Puzzle","Regal Pillow","Ring of Chaos","Singing Bowl","ReplayTheSpireMod:TigerMarble","infinitespire:Golems Mask","Anchor","ReplayTheSpireMod:DimensionalGlitch","Magic Flower","infinitespire:Eraser","Blue Candle","War Paint"],"acts_visited":["Exordium","TheCity","TheBeyond"],"potions_floor_usage":[50,50],"damage_taken":[{"damage":0.0,"enemies":"infinitespire:Voidling","floor":1.0,"turns":1.0},{"damage":0.0,"enemies":"Small Slimes","floor":2.0,"turns":1.0},{"damage":0.0,"enemies":"Jaw Worm","floor":3.0,"turns":1.0},{"damage":41.0,"enemies":"3 Sentries","floor":6.0,"turns":5.0},{"damage":11.0,"enemies":"Red Slaver","floor":8.0,"turns":3.0},{"damage":15.0,"enemies":"3 Louse","floor":14.0,"turns":2.0},{"damage":77.0,"enemies":"Fading Forest","floor":16.0,"turns":11.0},{"damage":20.0,"enemies":"Chosen","floor":18.0,"turns":4.0},{"damage":35.0,"enemies":"2 Thieves","floor":21.0,"turns":3.0},{"damage":19.0,"enemies":"Cultist and Chosen","floor":22.0,"turns":3.0},{"damage":30.0,"enemies":"Snake Plant","floor":27.0,"turns":4.0},{"damage":15.0,"enemies":"Gremlin Leader","floor":28.0,"turns":4.0},{"damage":28.0,"enemies":"Replay:Snechameleon","floor":30.0,"turns":3.0},{"damage":5.0,"enemies":"Chosen and Byrds","floor":31.0,"turns":3.0},{"damage":62.0,"enemies":"Collector","floor":33.0,"turns":8.0},{"damage":8.0,"enemies":"Orb Walker","floor":35.0,"turns":3.0},{"damage":23.0,"enemies":"3 Darklings","floor":37.0,"turns":2.0},{"damage":66.0,"enemies":"Spire Growth","floor":41.0,"turns":4.0},{"damage":15.0,"enemies":"Transient","floor":47.0,"turns":5.0},{"damage":54,"enemies":"Time Eater","floor":50,"turns":5}],"seed_played":"-2228074946002288051","potions_obtained":[{"floor":1.0,"key":"Weak Potion"},{"floor":6.0,"key":"Swift Potion"},{"floor":16.0,"key":"SpeedPotion"},{"floor":18.0,"key":"Weak Potion"},{"floor":22.0,"key":"Weak Potion"},{"floor":27.0,"key":"Block Potion"},{"floor":28.0,"key":"Weak Potion"},{"floor":35.0,"key":"SmokeBomb"},{"floor":37.0,"key":"SkillPotion"},{"floor":49,"key":"champ:CounterPotion"},{"floor":49,"key":"BloodPotion"}],"is_trial":false,"path_per_floor":["M","M","M","?","$","E","R","M","T","R","?","R","$","M","R","B",null,"M","?","?","M","M","R","?","R","T","M","E","?","E","M","R","B",null,"M","AVR","M","?","$","R","M","R","T","?","$","R","M","?","R_BF","B",null],"character_chosen":"IRONCLAD","items_purchased":["Flex","Regal Pillow","Apotheosis","War Paint","Double Tap"],"campfire_rested":6,"item_purchase_floors":[5,13,39,45,45],"current_hp_per_floor":[80,80,80,80,80,45,69,64,64,64,64,64,64,55,80,31,68,54,80,80,51,38,77,77,77,77,53,44,44,26,29,68,12,65,63,63,80,80,80,80,33,72,72,64,64,80,77,77,77,40],"gold":43,"neow_bonus":"THREE_ENEMY_KILL","is_daily":false,"chose_seed":false,"campfire_upgraded":4,"win_rate":0.0,"timestamp":1614124873,"path_taken":["M","?","M","?","$","E","R","M","T","R","?","R","$","?","R","BOSS","M","?","?","M","M","R","?","R","T","M","E","?","E","M","R","BOSS","M","AVR","M","?","?","R","M","R","T","?","$","R","M","?","R_BF","BOSS"],"items_purchased_type":["Card","Relic","Card","Relic","Card"],"build_version":"2020-12-22","purchased_purges":1,"victory":true,"max_hp_per_floor":[80,80,80,80,80,80,80,80,80,80,80,80,80,80,80,80,80,80,80,80,80,80,80,80,80,80,80,80,80,80,82,82,82,82,82,82,84,80,80,80,80,80,80,80,80,80,80,80,80,80],"card_choices":[{"not_picked":["True Grit","Armaments"],"picked":"ReplayTheSpireMod:Muscle Training","floor":1.0},{"not_picked":["Rage","Fire Breathing"],"picked":"Perfected Strike","floor":2.0},{"not_picked":["Warcry","ReplayTheSpireMod:Strike From Hell"],"picked":"Combust","floor":3.0},{"not_picked":["Entrench","Feed"],"picked":"Thunderclap","floor":6.0},{"not_picked":["Run Through","Carnage"],"picked":"Flex","floor":8.0},{"not_picked":["Second Wind","Iron Wave"],"picked":"Massacre","floor":14.0},{"not_picked":["Double Tap","Barricade"],"picked":"Demon Form","floor":16.0},{"not_picked":["Abandon","True Grit+1"],"picked":"Replay:Undeath\u0027s Touch+1","floor":18.0},{"not_picked":["Rampage","Twin Strike"],"picked":"ReplayTheSpireMod:Muscle Training","floor":21.0},{"not_picked":["Carnage","Massacre","Feel No Pain"],"picked":"SKIP","floor":22.0},{"not_picked":["Shockwave","Sword Boomerang"],"picked":"Run Through+1","floor":27.0},{"not_picked":["Warcry","ReplayTheSpireMod:Strike From Hell"],"picked":"Immolate","floor":28.0},{"not_picked":["Blood for Blood","Shrug It Off"],"picked":"Infernal Blade","floor":30.0},{"not_picked":["Pommel Strike","Flame Barrier","Shrug It Off"],"picked":"Singing Bowl","floor":31.0},{"not_picked":["Limit Break","Barricade"],"picked":"Reaper","floor":33.0},{"not_picked":["Iron Wave","Havoc"],"picked":"Thunderclap+1","floor":35.0},{"not_picked":["Sword Boomerang+1","Havoc+1","Wild Strike"],"picked":"Singing Bowl","floor":37.0},{"not_picked":["Thunderclap+1","Heavy Blade"],"picked":"Intimidate+1","floor":41.0},{"not_picked":["Headbutt","Life Link+1"],"picked":"Wild Strike+1","floor":47.0}],"player_experience":307683,"relics_obtained":[{"floor":6.0,"key":"infinitespire:PuzzleCube"},{"floor":9.0,"key":"ReplayFunnel"},{"floor":26.0,"key":"Singing Bowl"},{"floor":28.0,"key":"ReplayTheSpireMod:TigerMarble"},{"floor":30.0,"key":"Anchor"},{"floor":43.0,"key":"infinitespire:Eraser"}],"event_choices":[{"damage_healed":0.0,"max_hp_gain":0.0,"max_hp_loss":0.0,"gold_gain":0.0,"event_name":"WeMeetAgain","player_choice":"Gave Potion","floor":11.0,"gold_loss":0.0,"damage_taken":0.0,"relics_obtained":["Centennial Puzzle"]},{"damage_healed":26.0,"max_hp_gain":0.0,"max_hp_loss":0.0,"gold_gain":0.0,"event_name":"The Library","player_choice":"Heal","floor":19.0,"gold_loss":0.0,"damage_taken":0.0},{"damage_healed":0.0,"max_hp_gain":0.0,"max_hp_loss":0.0,"gold_gain":99.0,"event_name":"Nest","player_choice":"Stole From Cult","floor":20.0,"gold_loss":0.0,"damage_taken":0.0},{"damage_healed":0.0,"max_hp_gain":0.0,"max_hp_loss":0.0,"gold_gain":0.0,"event_name":"Vampires","player_choice":"Ignored","floor":24.0,"gold_loss":0.0,"damage_taken":0.0},{"damage_healed":0.0,"max_hp_gain":0.0,"max_hp_loss":0.0,"gold_gain":0.0,"event_name":"Addict","player_choice":"Obtained Relic","floor":29.0,"gold_loss":85.0,"damage_taken":0.0,"relics_obtained":["infinitespire:Golems Mask"]},{"damage_healed":0.0,"max_hp_gain":0.0,"max_hp_loss":4.0,"gold_gain":0.0,"event_name":"Winding Halls","player_choice":"Max HP","floor":38.0,"gold_loss":0.0,"damage_taken":0.0}],"is_beta":false,"boss_relics":[{"not_picked":["Astrolabe","Tiny House"],"picked":"Ring of Chaos"},{"not_picked":["ReplayTheSpireMod:SealedPack","Honey Jar"],"picked":"ReplayTheSpireMod:DimensionalGlitch"}],"items_purged_floors":[36],"is_endless":false,"potions_floor_spawned":[1,6,16,18,22,27,28,35,37],"ascension_level":5}}