{"host":"6406jj8da6015sxr","time":1614135763,"event":{"mods":["AchievementEnabler","BaseMod","Colored Map","DeckTracker","Keyboard Shortcuts","Minty Spire (QoL Compilation)","Permanent Neow","Relic Stats","SuperFastMode","everything is the same but u backflip on backflip"],"gold_per_floor":[114,114,125,139,139,139,472,491,491,504,504,517,567,587,587,666,666,678,603,603,613,629,640,652,662,741,564,564,584,584,21,21,97,97,110,110,60,70,87,87,120,120,173,200,210,284,284,296,296,296,296],"floor_reached":50,"language":"KOR","playtime":2505,"items_purged":["Predator","Setup+1"],"score":1095,"play_id":"1e16d2b6-97c8-4e25-858d-f2aa9cb722e1","local_time":"20210224120243","is_ascension_mode":true,"campfire_choices":[{"data":"Eviscerate","floor":6.0,"key":"SMITH"},{"floor":11.0,"key":"REST"},{"floor":15.0,"key":"REST"},{"floor":30.0,"key":"REST"},{"data":"Catalyst","floor":32.0,"key":"SMITH"},{"data":"Concentrate","floor":40.0,"key":"SMITH"},{"data":"Catalyst","floor":42.0,"key":"SMITH"},{"data":"Neutralize","floor":47.0,"key":"SMITH"},{"floor":49.0,"key":"REST"}],"circlet_count":0,"master_deck":["AscendersBane","Defend_G","Defend_G","Defend_G","Defend_G","Survivor","Neutralize+1","Eviscerate+1","Dagger Throw","Bouncing Flask","Catalyst+1","Deflect","Underhanded Strike","Prepared","Acrobatics","Corpse Explosion","Tactician+1","Eviscerate+1","Crippling Poison","PiercingWail","Acrobatics","Reflex","Reflex","Dagger Throw","Bouncing Flask+1","Reflex+1","Acrobatics","Concentrate+1","Eviscerate","Catalyst+1"],"relics":["Ring of the Snake","Old Coin","Turnip","Astrolabe","Blue Candle","Snake Skull","Potion Belt","HoveringKite","Bottled Flame","Ancient Tea Set","The Courier","Pear"],"acts_visited":["Exordium","TheCity","TheBeyond"],"potions_floor_usage":[],"damage_taken":[{"damage":0.0,"enemies":"Cultist","floor":1.0,"turns":4.0},{"damage":4.0,"enemies":"2 Louse","floor":3.0,"turns":3.0},{"damage":2.0,"enemies":"Jaw Worm","floor":4.0,"turns":4.0},{"damage":20.0,"enemies":"3 Sentries","floor":7.0,"turns":7.0},{"damage":18.0,"enemies":"Exordium Thugs","floor":8.0,"turns":4.0},{"damage":9.0,"enemies":"2 Fungi Beasts","floor":10.0,"turns":2.0},{"damage":11.0,"enemies":"Large Slime","floor":12.0,"turns":5.0},{"damage":10.0,"enemies":"Exordium Thugs","floor":14.0,"turns":5.0},{"damage":26.0,"enemies":"The Guardian","floor":16.0,"turns":8.0},{"damage":10.0,"enemies":"2 Thieves","floor":18.0,"turns":2.0},{"damage":0.0,"enemies":"Chosen","floor":21.0,"turns":3.0},{"damage":3.0,"enemies":"3 Cultists","floor":22.0,"turns":3.0},{"damage":10.0,"enemies":"Snecko","floor":23.0,"turns":4.0},{"damage":11.0,"enemies":"Chosen and Byrds","floor":24.0,"turns":5.0},{"damage":15.0,"enemies":"Snake Plant","floor":25.0,"turns":3.0},{"damage":11.0,"enemies":"Centurion and Healer","floor":29.0,"turns":2.0},{"damage":26.0,"enemies":"Champ","floor":33.0,"turns":6.0},{"damage":0.0,"enemies":"3 Shapes","floor":35.0,"turns":3.0},{"damage":0.0,"enemies":"3 Darklings","floor":36.0,"turns":2.0},{"damage":6.0,"enemies":"Transient","floor":38.0,"turns":6.0},{"damage":0.0,"enemies":"Jaw Worm Horde","floor":39.0,"turns":1.0},{"damage":16.0,"enemies":"Reptomancer","floor":41.0,"turns":3.0},{"damage":13.0,"enemies":"Nemesis","floor":44.0,"turns":3.0},{"damage":0.0,"enemies":"Maw","floor":45.0,"turns":3.0},{"damage":5.0,"enemies":"Transient","floor":48.0,"turns":6.0},{"damage":45,"enemies":"Time Eater","floor":50,"turns":3}],"seed_played":"-5018575642990310177","potions_obtained":[{"floor":3.0,"key":"PowerPotion"},{"floor":8.0,"key":"Poison Potion"},{"floor":12.0,"key":"SpeedPotion"},{"floor":16.0,"key":"Energy Potion"},{"floor":18.0,"key":"Poison Potion"},{"floor":23.0,"key":"Fire Potion"},{"floor":25.0,"key":"DistilledChaos"},{"floor":29.0,"key":"SmokeBomb"},{"floor":38.0,"key":"Swift Potion"},{"floor":39.0,"key":"Block Potion"},{"floor":44.0,"key":"Energy Potion"}],"is_trial":false,"path_per_floor":["M","?","M","M","?","R","E","M","T","M","R","M","?","M","R","B",null,"M","?","?","M","M","M","M","M","T","$","?","M","R","$","R","B",null,"M","M","?","M","M","R","E","R","T","E","M","T","R","M","R","B"],"character_chosen":"THE_SILENT","items_purchased":["Reflex","Dagger Throw","Snake Skull","Potion Belt","Bouncing Flask","Reflex"],"campfire_rested":4,"item_purchase_floors":[27,27,31,31,31,31],"current_hp_per_floor":[44,66,62,60,60,60,40,22,22,13,32,21,21,11,30,4,51,41,41,66,66,63,53,42,27,27,27,27,16,35,35,35,9,52,52,52,52,46,46,46,30,30,30,17,17,27,27,22,44,0,0],"gold":296,"neow_bonus":"TRANSFORM_TWO_CARDS","is_daily":false,"chose_seed":false,"campfire_upgraded":5,"win_rate":0.0,"timestamp":1614135763,"path_taken":["M","?","M","M","?","R","E","M","T","M","R","M","?","M","R","BOSS","M","?","?","M","M","M","?","M","T","$","?","M","R","$","R","BOSS","M","M","?","M","?","R","E","R","T","E","M","?","R","M","R","BOSS"],"items_purchased_type":["Card","Card","Relic","Relic","Card","Card"],"build_version":"2020-12-22","purchased_purges":2,"victory":false,"max_hp_per_floor":[66,66,66,66,66,66,66,66,66,66,66,66,66,66,66,66,66,66,66,66,66,66,66,66,66,66,66,66,66,66,66,66,66,66,66,66,66,66,66,66,66,66,66,66,66,76,76,76,76,76,76],"relic_stats":{"counters":[26,100],"Astrolabe":["Tactician","Setup","Eviscerate"],"Blue Candle":[0],"HoveringKite":[26],"Turnip":[10],"Snake Skull":[75],"obtain_stats":[{"Potion Belt":31,"Bottled Flame":41,"Pear":46,"Astrolabe":17,"Blue Candle":26,"HoveringKite":34,"Turnip":9,"Snake Skull":31,"The Courier":44,"Ancient Tea Set":43,"Ring of the Snake":0,"Old Coin":7},{"Potion Belt":16,"Bottled Flame":22,"Pear":24,"Astrolabe":9,"Blue Candle":15,"HoveringKite":17,"Turnip":5,"Snake Skull":16,"The Courier":23,"Ancient Tea Set":22,"Ring of the Snake":0,"Old Coin":4},{"Potion Belt":64,"Bottled Flame":85,"Pear":91,"Astrolabe":42,"Blue Candle":62,"HoveringKite":70,"Turnip":22,"Snake Skull":64,"The Courier":88,"Ancient Tea Set":85,"Ring of the Snake":0,"Old Coin":18}],"Ring of the Snake":[52]},"card_choices":[{"not_picked":["Cloak And Dagger","Infinite Blades"],"picked":"Dagger Throw","floor":1.0},{"not_picked":["Accuracy","PiercingWail"],"picked":"Bouncing Flask","floor":3.0},{"not_picked":["Backflip","Deflect"],"picked":"Predator","floor":4.0},{"not_picked":["Calculated Gamble","Dash"],"picked":"Catalyst","floor":7.0},{"not_picked":["Predator","Calculated Gamble"],"picked":"Deflect","floor":8.0},{"not_picked":["All Out Attack","Choke"],"picked":"Underhanded Strike","floor":10.0},{"not_picked":["Unload","Backflip"],"picked":"Prepared","floor":12.0},{"not_picked":["Heel Hook","Concentrate"],"picked":"Acrobatics","floor":14.0},{"not_picked":["A Thousand Cuts","Bullet Time"],"picked":"Corpse Explosion","floor":16.0},{"not_picked":["Sucker Punch","Heel Hook","Backflip+1"],"picked":"SKIP","floor":18.0},{"not_picked":["Endless Agony","Skewer"],"picked":"Crippling Poison","floor":21.0},{"not_picked":["Outmaneuver","Poisoned Stab"],"picked":"PiercingWail","floor":22.0},{"not_picked":["Slice","Dodge and Roll","Phantasmal Killer"],"picked":"SKIP","floor":23.0},{"not_picked":["Prepared","Leg Sweep"],"picked":"Acrobatics","floor":24.0},{"not_picked":["Predator","Flying Knee"],"picked":"Reflex","floor":25.0},{"not_picked":["Blade Dance","Outmaneuver","Slice"],"picked":"SKIP","floor":29.0},{"not_picked":["Dagger Spray","Slice+1"],"picked":"Acrobatics","floor":35.0},{"not_picked":["Caltrops+1","Deadly Poison"],"picked":"Concentrate","floor":38.0},{"not_picked":["Cloak And Dagger","Sucker Punch"],"picked":"Eviscerate","floor":39.0},{"not_picked":["Tools of the Trade","Expertise"],"picked":"Catalyst","floor":41.0},{"not_picked":["Accuracy","Heel Hook","Sucker Punch+1"],"picked":"SKIP","floor":44.0},{"not_picked":["Poisoned Stab+1","Underhanded Strike","Sucker Punch+1"],"picked":"SKIP","floor":45.0},{"not_picked":["Cloak And Dagger","Noxious Fumes","Unload"],"picked":"SKIP","floor":48.0}],"player_experience":96636,"relics_obtained":[{"floor":7.0,"key":"Old Coin"},{"floor":9.0,"key":"Turnip"},{"floor":26.0,"key":"Blue Candle"},{"floor":41.0,"key":"Bottled Flame"},{"floor":43.0,"key":"Ancient Tea Set"},{"floor":44.0,"key":"The Courier"},{"floor":46.0,"key":"Pear"}],"event_choices":[{"damage_healed":22.0,"max_hp_gain":0.0,"max_hp_loss":0.0,"gold_gain":0.0,"event_name":"Big Fish","player_choice":"Banana","floor":2.0,"gold_loss":0.0,"damage_taken":0.0},{"cards_removed":["Setup"],"damage_healed":0.0,"max_hp_gain":0.0,"max_hp_loss":0.0,"gold_gain":0.0,"event_name":"Living Wall","player_choice":"Forget","floor":5.0,"gold_loss":0.0,"damage_taken":0.0},{"damage_healed":0.0,"max_hp_gain":0.0,"max_hp_loss":0.0,"gold_gain":50.0,"event_name":"Golden Shrine","player_choice":"Pray","floor":13.0,"gold_loss":0.0,"damage_taken":0.0},{"cards_removed":["Defend_G"],"damage_healed":0.0,"max_hp_gain":0.0,"max_hp_loss":0.0,"gold_gain":0.0,"event_name":"Beggar","player_choice":"Gave Gold","floor":19.0,"gold_loss":75.0,"damage_taken":0.0},{"damage_healed":25.0,"max_hp_gain":0.0,"max_hp_loss":0.0,"gold_gain":0.0,"event_name":"Wheel of Change","player_choice":"Full Heal","floor":20.0,"gold_loss":0.0,"damage_taken":0.0},{"damage_healed":0.0,"max_hp_gain":0.0,"max_hp_loss":0.0,"gold_gain":0.0,"event_name":"Ghosts","player_choice":"Ignored","floor":28.0,"gold_loss":0.0,"damage_taken":0.0},{"damage_healed":0.0,"max_hp_gain":0.0,"max_hp_loss":0.0,"gold_gain":0.0,"event_name":"Designer","player_choice":"Upgraded Two","floor":37.0,"gold_loss":50.0,"damage_taken":0.0,"cards_upgraded":["Bouncing Flask","Reflex"]}],"is_beta":false,"boss_relics":[{"not_picked":["Ectoplasm","Ring of the Serpent"],"picked":"Astrolabe"},{"not_picked":["SlaversCollar","Cursed Key"],"picked":"HoveringKite"}],"items_purged_floors":[27,31],"is_endless":false,"potions_floor_spawned":[3,8,12,16,18,23,25,29,38,39,44],"killed_by":"Time Eater","ascension_level":20}}