{"host":"oigynbtg272c19pw","time":1614184219,"event":{"mods":["BaseMod","Colored Map","Minty Spire (QoL Compilation)","Relic Stats","Slay the Relics Exporter","StSLib"],"gold_per_floor":[116,135,154,25,45,75,75,110,155,155,188,188,27,27,27,118,118,118,118],"floor_reached":18,"playtime":1246,"items_purged":["Strike_G"],"score":356,"play_id":"6a3e0e4c-48f3-4576-8263-fda14cc5fbb6","local_time":"20210224173019","is_ascension_mode":true,"campfire_choices":[{"floor":7,"key":"REST"},{"floor":10,"key":"REST"},{"data":"Footwork","floor":12,"key":"SMITH"},{"data":"A Thousand Cuts","floor":15,"key":"SMITH"}],"circlet_count":0,"master_deck":["AscendersBane","Strike_G","Strike_G","Strike_G","Strike_G","Defend_G","Defend_G","Defend_G","Defend_G","Defend_G","Survivor","Neutralize","Venomology","Dagger Throw","Predator","Footwork+1","Deadly Poison","Deflect","Escape Plan+1","Leg Sweep+1","A Thousand Cuts+1","Venomology"],"relics":["Ring of the Snake","Bird Faced Urn","Mummified Hand","Art of War","War Paint","OrangePellets","Golden Idol","Snecko Eye"],"acts_visited":["Exordium","TheCity"],"potions_floor_usage":[3,5,6,6,8,11,11,16,16,18],"damage_taken":[{"damage":9,"enemies":"Cultist","floor":1,"turns":6},{"damage":6,"enemies":"Small Slimes","floor":2,"turns":4},{"damage":0,"enemies":"Jaw Worm","floor":3,"turns":4},{"damage":23,"enemies":"Gremlin Gang","floor":5,"turns":6},{"damage":6,"enemies":"Lagavulin","floor":6,"turns":8},{"damage":30,"enemies":"3 Sentries","floor":8,"turns":15},{"damage":3,"enemies":"Lagavulin","floor":11,"turns":8},{"damage":21,"enemies":"Hexaghost","floor":16,"turns":15},{"damage":28,"enemies":"3 Byrds","floor":18,"turns":5}],"seed_played":"8692757363568259521","potions_obtained":[{"floor":2,"key":"Strength Potion"},{"floor":11,"key":"DuplicationPotion"},{"floor":16,"key":"EssenceOfSteel"}],"is_trial":false,"path_per_floor":["M","M","M","$","M","E","R","E","T","R","E","R","$","?","R","B",null,"M"],"character_chosen":"THE_SILENT","items_purchased":["Deadly Poison","OrangePellets"],"campfire_rested":2,"item_purchase_floors":[4,13],"current_hp_per_floor":[50,44,44,44,21,15,34,6,6,25,24,24,24,24,24,9,47,21,21],"gold":118,"neow_bonus":"ONE_RANDOM_RARE_CARD","is_daily":false,"chose_seed":false,"campfire_upgraded":2,"win_rate":0.0,"timestamp":1614184219,"path_taken":["M","M","M","$","M","E","R","E","T","R","E","R","?","?","R","BOSS","M"],"items_purchased_type":["Card","Relic"],"build_version":"2020-12-13","purchased_purges":1,"victory":false,"max_hp_per_floor":[66,66,66,66,66,66,66,66,66,66,66,66,66,60,60,60,60,60,60],"relic_stats":{"OrangePellets":[1],"counters":[9,71],"Mummified Hand":[7],"Golden Idol":18,"Bird Faced Urn":[12],"Snecko Eye":[4,1,4,7],"Art of War":[5],"War Paint":["Escape Plan","Leg Sweep"],"obtain_stats":[{"OrangePellets":13,"Mummified Hand":8,"Golden Idol":14,"Bird Faced Urn":6,"Snecko Eye":17,"Art of War":9,"War Paint":11,"Ring of the Snake":0},{"OrangePellets":7,"Mummified Hand":6,"Golden Idol":7,"Bird Faced Urn":5,"Snecko Eye":8,"Art of War":6,"War Paint":7,"Ring of the Snake":0},{"OrangePellets":51,"Mummified Hand":43,"Golden Idol":51,"Bird Faced Urn":28,"Snecko Eye":66,"Art of War":43,"War Paint":51,"Ring of the Snake":0}],"Ring of the Snake":[18]},"card_choices":[{"not_picked":["Slice","Flying Knee"],"picked":"Dagger Throw","floor":1},{"not_picked":["All Out Attack","Slice"],"picked":"Predator","floor":2},{"not_picked":["Slice","Tactician"],"picked":"Footwork","floor":3},{"not_picked":["Accuracy","Setup"],"picked":"Deflect","floor":5},{"not_picked":["Slice","Prepared"],"picked":"Escape Plan","floor":6},{"not_picked":["Masterful Stab","Expertise"],"picked":"Leg Sweep","floor":8},{"not_picked":["Deadly Poison","Poisoned Stab"],"picked":"A Thousand Cuts","floor":11},{"not_picked":["Bullet Time","A Thousand Cuts"],"picked":"Venomology","floor":16}],"player_experience":1656868,"relics_obtained":[{"floor":6,"key":"Bird Faced Urn"},{"floor":8,"key":"Mummified Hand"},{"floor":9,"key":"Art of War"},{"floor":11,"key":"War Paint"}],"event_choices":[{"damage_healed":0,"gold_gain":0,"player_choice":"Lose Max HP","damage_taken":0,"relics_obtained":["Golden Idol"],"max_hp_gain":0,"max_hp_loss":6,"event_name":"Golden Idol","floor":14,"gold_loss":0}],"is_beta":false,"boss_relics":[{"not_picked":["Calling Bell","Fusion Hammer"],"picked":"Snecko Eye"}],"items_purged_floors":[4],"is_endless":false,"potions_floor_spawned":[2,11,16],"killed_by":"3 Byrds","ascension_level":20}}