{"host":"sav7uxregyirlf69","time":1614143854,"event":{"mods":["AchievementEnabler","BaseMod","Colored Map","DeckTracker","Keyboard Shortcuts","Minty Spire (QoL Compilation)","READ ME - Guardian Mod","StSLib","SuperFastMode"],"gold_per_floor":[113,113,131,141,153,153,168,243,243,243,243,243,39,50,50,50,50],"floor_reached":16,"language":"KOR","playtime":245,"items_purged":["Defend_R"],"score":184,"play_id":"0c424bb4-a875-4f34-8f70-f7388429eb29","local_time":"20210224141734","is_ascension_mode":true,"campfire_choices":[{"data":"Flex","floor":6,"key":"SMITH"},{"floor":10,"key":"REST"},{"data":"Flame Barrier","floor":15,"key":"SMITH"}],"circlet_count":0,"master_deck":["AscendersBane","Strike_R","Strike_R","Defend_R","Defend_R","Bash","Flex+1","Twin Strike","Disarm","Flame Barrier+1","Fire Breathing","Infernal Blade"],"relics":["Burning Blood"],"acts_visited":["Exordium"],"potions_floor_usage":[5,14],"damage_taken":[{"damage":16,"enemies":"Jaw Worm","floor":1,"turns":5},{"damage":1,"enemies":"Cultist","floor":3,"turns":3},{"damage":3,"enemies":"2 Louse","floor":4,"turns":4},{"damage":24,"enemies":"Exordium Wildlife","floor":5,"turns":7},{"damage":11,"enemies":"Large Slime","floor":7,"turns":6},{"damage":9,"enemies":"3 Louse","floor":14,"turns":3},{"damage":26,"enemies":"Hexaghost","floor":16,"turns":9}],"seed_played":"7274378577472644542","potions_obtained":[{"floor":3,"key":"SkillPotion"},{"floor":4,"key":"Swift Potion"},{"floor":5,"key":"Ancient Potion"}],"is_trial":false,"path_per_floor":["M","?","M","M","M","R","M","?","T","R","?","?","$","M","R","B"],"character_chosen":"IRONCLAD","items_purchased":["Flame Barrier","Fire Breathing"],"campfire_rested":1,"item_purchase_floors":[13,13],"current_hp_per_floor":[40,40,45,48,30,30,25,14,14,36,29,29,29,26,26,0,0],"gold":50,"neow_bonus":"REMOVE_TWO","is_daily":false,"chose_seed":false,"campfire_upgraded":2,"win_rate":0.0,"timestamp":1614143854,"path_taken":["M","?","M","M","?","R","M","?","T","R","?","?","$","M","R","BOSS"],"items_purchased_type":["Card","Card"],"build_version":"2020-12-22","purchased_purges":1,"victory":false,"max_hp_per_floor":[75,75,75,75,75,75,75,75,75,75,75,75,75,75,75,75,75],"card_choices":[{"not_picked":["Perfected Strike","Havoc"],"picked":"Flex","floor":1},{"not_picked":["Metallicize","Rupture","Iron Wave"],"picked":"SKIP","floor":3},{"not_picked":["Iron Wave","Heavy Blade"],"picked":"Twin Strike","floor":4},{"not_picked":["Armaments","Rupture"],"picked":"Disarm","floor":5},{"not_picked":["Perfected Strike","Warcry","Twin Strike"],"picked":"SKIP","floor":7},{"not_picked":["Offering","Cleave"],"picked":"Infernal Blade","floor":14}],"player_experience":1683334,"relics_obtained":[],"event_choices":[{"cards_removed":["Defend_R"],"damage_healed":0,"gold_gain":0,"player_choice":"Offered Basic","damage_taken":0,"max_hp_gain":0,"max_hp_loss":0,"event_name":"Bonfire Elementals","floor":2,"gold_loss":0},{"damage_healed":0,"gold_gain":75,"player_choice":"Gather Gold","damage_taken":11,"max_hp_gain":0,"max_hp_loss":0,"event_name":"World of Goop","floor":8,"gold_loss":0},{"cards_removed":["Strike_R"],"damage_healed":0,"gold_gain":0,"player_choice":"Card Removal","damage_taken":7,"max_hp_gain":0,"max_hp_loss":0,"event_name":"Golden Wing","floor":11,"gold_loss":0},{"damage_healed":0,"gold_gain":0,"player_choice":"Ignored","damage_taken":0,"max_hp_gain":0,"max_hp_loss":0,"event_name":"Liars Game","floor":12,"gold_loss":0}],"is_beta":false,"boss_relics":[],"items_purged_floors":[13],"is_endless":false,"potions_floor_spawned":[3,4,5],"killed_by":"Hexaghost","ascension_level":20}}