{"host":"qgrlfjrqk9z96gfi","time":1614127269,"event":{"mods":["BaseMod","Block Reminder","Colored Map","Custom Start","DeckTracker","Minty Spire (QoL Compilation)"],"gold_per_floor":[115,129,94,94,112,112,14,47,47,47,72,90,107,127,127,204,204,220,234,159,12,12,12,47,63,131,131,146,146,173,184,184,258,258,278,278,296,40,59,59,89,103,127,138,173,173,201,217,217,217,217,217,217,55,85,85,85],"floor_reached":56,"language":"ENG","playtime":2148,"items_purged":["Quick Slash"],"score":2278,"play_id":"00cf7eaf-7f20-4b75-8f32-dd30caf9552c","local_time":"20210223144109","is_ascension_mode":true,"campfire_choices":[{"data":"Glass Knife","floor":6.0,"key":"SMITH"},{"data":"Cloak And Dagger","floor":10.0,"key":"SMITH"},{"data":"Neutralize","floor":15.0,"key":"SMITH"},{"data":"Wraith Form v2","floor":23.0,"key":"SMITH"},{"floor":27.0,"key":"REST"},{"floor":29.0,"key":"REST"},{"data":"Well Laid Plans","floor":32.0,"key":"SMITH"},{"floor":40.0,"key":"RECALL"},{"data":"After Image","floor":46.0,"key":"SMITH"},{"data":"Accuracy","floor":49.0,"key":"SMITH"},{"data":"Dramatic Entrance","floor":53.0,"key":"SMITH"}],"circlet_count":0,"master_deck":["AscendersBane","Defend_G","Defend_G","Defend_G","Defend_G","Defend_G","Survivor","Neutralize+1","Glass Knife+1","Slice","Dramatic Entrance+1","Cloak And Dagger+1","Blade Dance+1","Endless Agony","Backflip+1","Wraith Form v2+1","Glass Knife+1","Blade Dance+1","Escape Plan+1","Terror+1","Acrobatics+1","Phantasmal Killer+1","Cloak And Dagger+1","Outmaneuver+1","Well Laid Plans+1","Adrenaline+1","Deflect+1","After Image+1","Adrenaline+1","Accuracy+1","Blade Dance+1","Blade Dance+1","Phantasmal Killer+1","Leg Sweep+1"],"relics":["Ring of the Snake","Shuriken","Singing Bowl","Toxic Egg 2","Astrolabe","Molten Egg 2","Eternal Feather","Pantograph","Coffee Dripper","Ornamental Fan","Bag of Marbles","White Beast Statue","Oddly Smooth Stone"],"acts_visited":["Exordium","TheCity","TheBeyond","TheEnding"],"potions_floor_usage":[],"damage_taken":[{"damage":0.0,"enemies":"2 Louse","floor":1.0,"turns":3.0},{"damage":7.0,"enemies":"Small Slimes","floor":2.0,"turns":3.0},{"damage":2.0,"enemies":"Jaw Worm","floor":5.0,"turns":4.0},{"damage":2.0,"enemies":"3 Sentries","floor":8.0,"turns":7.0},{"damage":1.0,"enemies":"Lagavulin","floor":11.0,"turns":4.0},{"damage":3.0,"enemies":"Exordium Thugs","floor":12.0,"turns":3.0},{"damage":0.0,"enemies":"Looter","floor":13.0,"turns":2.0},{"damage":0.0,"enemies":"Blue Slaver","floor":14.0,"turns":2.0},{"damage":0.0,"enemies":"Slime Boss","floor":16.0,"turns":3.0},{"damage":1.0,"enemies":"3 Byrds","floor":18.0,"turns":4.0},{"damage":15.0,"enemies":"Shell Parasite","floor":19.0,"turns":3.0},{"damage":33.0,"enemies":"Book of Stabbing","floor":24.0,"turns":5.0},{"damage":0.0,"enemies":"Snecko","floor":25.0,"turns":2.0},{"damage":24.0,"enemies":"Chosen and Byrds","floor":28.0,"turns":4.0},{"damage":21.0,"enemies":"Slavers","floor":30.0,"turns":4.0},{"damage":0.0,"enemies":"Cultist and Chosen","floor":31.0,"turns":4.0},{"damage":45.0,"enemies":"Collector","floor":33.0,"turns":9.0},{"damage":1.0,"enemies":"Orb Walker","floor":35.0,"turns":2.0},{"damage":0.0,"enemies":"3 Darklings","floor":37.0,"turns":3.0},{"damage":2.0,"enemies":"Spire Growth","floor":39.0,"turns":3.0},{"damage":0.0,"enemies":"Giant Head","floor":41.0,"turns":4.0},{"damage":0.0,"enemies":"Transient","floor":42.0,"turns":6.0},{"damage":5.0,"enemies":"Sphere and 2 Shapes","floor":44.0,"turns":5.0},{"damage":0.0,"enemies":"Nemesis","floor":45.0,"turns":3.0},{"damage":0.0,"enemies":"Reptomancer","floor":47.0,"turns":3.0},{"damage":0.0,"enemies":"Jaw Worm Horde","floor":48.0,"turns":2.0},{"damage":13.0,"enemies":"Donu and Deca","floor":50.0,"turns":6.0},{"damage":68.0,"enemies":"Time Eater","floor":51.0,"turns":7.0},{"damage":30.0,"enemies":"Shield and Spear","floor":55.0,"turns":5.0},{"damage":101,"enemies":"The Heart","floor":56,"turns":6}],"seed_played":"-8440598669208772660","potions_obtained":[{"floor":1.0,"key":"Fire Potion"},{"floor":11.0,"key":"AttackPotion"},{"floor":14.0,"key":"CunningPotion"},{"floor":18.0,"key":"Energy Potion"},{"floor":28.0,"key":"GhostInAJar"},{"floor":30.0,"key":"Explosive Potion"},{"floor":33.0,"key":"SneckoOil"},{"floor":37.0,"key":"Swift Potion"},{"floor":44.0,"key":"Dexterity Potion"},{"floor":48.0,"key":"AttackPotion"},{"floor":55.0,"key":"Poison Potion"}],"is_trial":false,"path_per_floor":["M","M","?","?","M","R","$","E","T","R","E","M","M","M","R","B",null,"M","M","?","$","?","R","E","M","T","R","M","R","E","M","R","B",null,"M","?","M","$","M","R","E","M","T","M","E","R","E","M","R","B","B",null,"R","$","E","B"],"character_chosen":"THE_SILENT","items_purchased":["Dramatic Entrance","Terror+1","Acrobatics+1","Adrenaline+1","Accuracy","Leg Sweep+1"],"campfire_rested":2,"item_purchase_floors":[7,21,21,38,38,54],"current_hp_per_floor":[44,37,53,46,44,44,44,42,42,42,41,38,40,40,40,40,61,62,47,47,47,47,47,14,14,14,50,26,62,41,43,58,27,61,60,82,82,82,80,82,82,84,84,81,81,86,88,90,90,77,22,73,90,90,62,0,0],"gold":85,"neow_bonus":"THREE_RARE_CARDS","is_daily":false,"chose_seed":false,"campfire_upgraded":8,"win_rate":0.0,"timestamp":1614127269,"path_taken":["M","M","?","?","M","R","$","E","T","R","E","M","M","?","R","BOSS","M","M","?","$","?","R","E","M","T","R","M","R","E","M","R","BOSS","M","?","?","?","M","R","E","M","T","M","E","R","E","M","R","BOSS","BOSS","R","$","E","BOSS"],"items_purchased_type":["Card","Card","Card","Card","Card","Card"],"build_version":"2020-12-22","purchased_purges":1,"victory":false,"max_hp_per_floor":[66,66,66,66,66,66,66,66,66,66,66,66,68,68,68,68,68,70,70,70,70,70,70,70,70,70,70,70,70,70,72,72,72,72,72,82,82,82,82,82,82,84,84,86,86,86,88,90,90,90,90,90,90,90,92,92,92],"card_choices":[{"not_picked":["Storm of Steel","Doppelganger"],"picked":"Glass Knife","floor":0.0},{"not_picked":["Cloak And Dagger","Dagger Spray"],"picked":"Quick Slash","floor":1.0},{"not_picked":["Acrobatics","Catalyst"],"picked":"Slice","floor":2.0},{"not_picked":["Dagger Throw","Bane","Poisoned Stab"],"picked":"SKIP","floor":5.0},{"not_picked":["Quick Slash","Finisher"],"picked":"Cloak And Dagger","floor":8.0},{"not_picked":["Caltrops","Deadly Poison+1"],"picked":"Blade Dance+1","floor":11.0},{"not_picked":["Expertise+1","Backflip+1"],"picked":"Endless Agony","floor":12.0},{"not_picked":["Deadly Poison+1","Poisoned Stab","Slice"],"picked":"Singing Bowl","floor":13.0},{"not_picked":["Expertise+1","Dagger Throw"],"picked":"Backflip+1","floor":14.0},{"not_picked":["Storm of Steel+1","Grand Finale"],"picked":"Wraith Form v2","floor":16.0},{"not_picked":["Heel Hook","Poisoned Stab","Bane"],"picked":"Singing Bowl","floor":18.0},{"not_picked":["Dagger Throw+1","Bouncing Flask+1"],"picked":"Escape Plan+1","floor":19.0},{"not_picked":["Noxious Fumes","Deadly Poison+1"],"picked":"Phantasmal Killer+1","floor":24.0},{"not_picked":["Terror+1","Masterful Stab+1"],"picked":"Cloak And Dagger+1","floor":25.0},{"not_picked":["Tactician+1","Expertise+1"],"picked":"Outmaneuver+1","floor":28.0},{"not_picked":["Quick Slash+1","Crippling Poison+1"],"picked":"Well Laid Plans","floor":30.0},{"not_picked":["Slice+1","Caltrops","Flying Knee+1"],"picked":"Singing Bowl","floor":31.0},{"not_picked":["Tools of the Trade","Grand Finale+1"],"picked":"Adrenaline+1","floor":33.0},{"not_picked":["Acrobatics+1","Poisoned Stab+1"],"picked":"Deflect+1","floor":35.0},{"not_picked":["Deflect+1","Flying Knee+1"],"picked":"After Image","floor":37.0},{"not_picked":["Outmaneuver+1","Expertise+1"],"picked":"Blade Dance+1","floor":39.0},{"not_picked":["Crippling Poison+1","Distraction+1"],"picked":"Blade Dance+1","floor":41.0},{"not_picked":["Flechettes+1","Dagger Spray+1","Prepared+1"],"picked":"Singing Bowl","floor":42.0},{"not_picked":["Bane+1","Acrobatics+1","Sucker Punch+1"],"picked":"Singing Bowl","floor":44.0},{"not_picked":["Choke+1","Blade Dance+1"],"picked":"Phantasmal Killer+1","floor":45.0},{"not_picked":["Underhanded Strike+1","Well Laid Plans","Outmaneuver+1"],"picked":"Singing Bowl","floor":47.0},{"not_picked":["Dagger Spray+1","Tactician+1","Envenom"],"picked":"Singing Bowl","floor":48.0},{"not_picked":["Dagger Spray+1","Blade Dance+1","Dagger Throw+1"],"picked":"Singing Bowl","floor":55.0}],"player_experience":1186619,"relics_obtained":[{"floor":8.0,"key":"Shuriken"},{"floor":9.0,"key":"Singing Bowl"},{"floor":11.0,"key":"Toxic Egg 2"},{"floor":24.0,"key":"Molten Egg 2"},{"floor":26.0,"key":"Eternal Feather"},{"floor":30.0,"key":"Pantograph"},{"floor":41.0,"key":"Ornamental Fan"},{"floor":45.0,"key":"Bag of Marbles"},{"floor":47.0,"key":"White Beast Statue"},{"floor":55.0,"key":"Oddly Smooth Stone"}],"event_choices":[{"damage_healed":16.0,"max_hp_gain":0.0,"max_hp_loss":0.0,"gold_gain":0.0,"event_name":"The Cleric","player_choice":"Healed","floor":3.0,"gold_loss":35.0,"damage_taken":0.0},{"cards_removed":["Strike_G"],"damage_healed":0.0,"max_hp_gain":0.0,"max_hp_loss":0.0,"gold_gain":0.0,"event_name":"Golden Wing","player_choice":"Card Removal","floor":4.0,"gold_loss":0.0,"damage_taken":7.0},{"cards_removed":["Strike_G"],"damage_healed":0.0,"max_hp_gain":0.0,"max_hp_loss":0.0,"gold_gain":0.0,"event_name":"Beggar","player_choice":"Gave Gold","floor":20.0,"gold_loss":75.0,"damage_taken":0.0},{"cards_removed":["Grand Finale"],"damage_healed":12.0,"max_hp_gain":10.0,"max_hp_loss":0.0,"gold_gain":0.0,"event_name":"Bonfire Elementals","player_choice":"Offered Rare","floor":36.0,"gold_loss":0.0,"damage_taken":0.0}],"is_beta":false,"boss_relics":[{"not_picked":["Black Star","SacredBark"],"picked":"Astrolabe"},{"not_picked":["Philosopher\u0027s Stone","Empty Cage"],"picked":"Coffee Dripper"}],"items_purged_floors":[54],"is_endless":false,"potions_floor_spawned":[1,11,14,18,28,30,33,37,44,48,55],"killed_by":"The Heart","ascension_level":20}}