{"host":"e0rtortnmozl44qq","time":1614159133,"event":{"mods":["AchievementEnabler","Act Like it!","BaseMod","Colored Map","Highlight Path","Marisa????????","Minty Spire (QoL Compilation)","Permanent Neow","StSLib","SuperFastMode"],"gold_per_floor":[109,120,138,152,169,169,169,269,269,269,297,297,143,155,155,250,250,268,168,168,184,197,197,197],"floor_reached":23,"language":"ENG","playtime":724,"items_purged":["Defend_R","Strike_R"],"score":270,"play_id":"14525183-d321-4a61-b96f-b5228109d4d9","local_time":"20210224103213","is_ascension_mode":true,"campfire_choices":[{"data":"Bash","floor":6,"key":"SMITH"},{"data":"Shrug It Off","floor":10,"key":"SMITH"},{"data":"Defend_R","floor":12,"key":"SMITH"},{"data":"Flame Barrier","floor":15,"key":"SMITH"}],"circlet_count":0,"master_deck":["Strike_R","Strike_R","Defend_R+1","Defend_R","Defend_R+1","Bash+1","Shrug It Off+1","Flame Barrier+1","Juggernaut+1"],"relics":["Burning Blood","Frozen Egg 2","FossilizedHelix"],"acts_visited":["Exordium","TheCity"],"potions_floor_usage":[11,23],"damage_taken":[{"damage":1,"enemies":"Cultist","floor":1,"turns":3},{"damage":7,"enemies":"Small Slimes","floor":2,"turns":5},{"damage":4,"enemies":"Jaw Worm","floor":3,"turns":6},{"damage":6,"enemies":"2 Fungi Beasts","floor":4,"turns":5},{"damage":11,"enemies":"Blue Slaver","floor":5,"turns":5},{"damage":24,"enemies":"Gremlin Nob","floor":11,"turns":4},{"damage":0,"enemies":"Looter","floor":14,"turns":3},{"damage":28,"enemies":"The Guardian","floor":16,"turns":15},{"damage":8,"enemies":"Shell Parasite","floor":18,"turns":11},{"damage":0,"enemies":"Chosen","floor":21,"turns":6},{"damage":4,"enemies":"Snake Plant","floor":22,"turns":4},{"damage":92,"enemies":"Slavers","floor":23,"turns":7}],"seed_played":"-4097055355139787463","potions_obtained":[{"floor":4,"key":"Swift Potion"},{"floor":5,"key":"Explosive Potion"},{"floor":18,"key":"BloodPotion"}],"is_trial":false,"path_per_floor":["M","M","M","M","M","R","?","?","T","R","E","R","$","M","R","B",null,"M","$","?","M","M","E"],"character_chosen":"IRONCLAD","items_purchased":["Flame Barrier"],"campfire_rested":0,"item_purchase_floors":[13],"current_hp_per_floor":[77,76,78,78,73,73,66,66,66,66,48,48,48,54,54,32,68,66,66,66,72,74,0,0],"gold":197,"neow_bonus":"REMOVE_CARD","is_daily":false,"chose_seed":false,"campfire_upgraded":4,"win_rate":0.0,"timestamp":1614159133,"path_taken":["M","M","M","M","?","R","?","?","T","R","E","R","$","M","R","BOSS","M","$","?","M","M","E"],"items_purchased_type":["Card"],"build_version":"2020-12-22","purchased_purges":2,"victory":false,"max_hp_per_floor":[80,80,80,80,80,80,80,80,80,80,80,80,80,80,80,80,80,80,80,80,80,80,80,80],"card_choices":[{"not_picked":["Anger","Armaments","Second Wind"],"picked":"SKIP","floor":1},{"not_picked":["Intimidate","True Grit","Wild Strike"],"picked":"SKIP","floor":2},{"not_picked":["Seeing Red","Cleave","True Grit"],"picked":"SKIP","floor":3},{"not_picked":["Armaments","Limit Break"],"picked":"Shrug It Off","floor":4},{"not_picked":["Hemokinesis","Pommel Strike","Armaments"],"picked":"SKIP","floor":5},{"not_picked":["Warcry","Cleave","Pommel Strike"],"picked":"SKIP","floor":11},{"not_picked":["Armaments","Fire Breathing+1","Twin Strike"],"picked":"SKIP","floor":14},{"not_picked":["Demon Form+1","Double Tap"],"picked":"Juggernaut+1","floor":16},{"not_picked":["Ghostly Armor","Warcry","Havoc"],"picked":"SKIP","floor":18},{"not_picked":["Clash","Flex+1","Burning Pact+1"],"picked":"SKIP","floor":21},{"not_picked":["Cleave","Heavy Blade+1","Flex"],"picked":"SKIP","floor":22}],"player_experience":91434,"relics_obtained":[{"floor":9,"key":"Frozen Egg 2"},{"floor":11,"key":"FossilizedHelix"}],"event_choices":[{"cards_removed":["Strike_R"],"damage_healed":0,"gold_gain":0,"player_choice":"Card Removal","damage_taken":7,"max_hp_gain":0,"max_hp_loss":0,"event_name":"Golden Wing","floor":7,"gold_loss":0},{"damage_healed":0,"gold_gain":100,"player_choice":"Pray","damage_taken":0,"max_hp_gain":0,"max_hp_loss":0,"event_name":"Golden Shrine","floor":8,"gold_loss":0},{"damage_healed":0,"gold_gain":0,"player_choice":"Forge","damage_taken":0,"max_hp_gain":0,"max_hp_loss":0,"event_name":"Accursed Blacksmith","floor":20,"gold_loss":0,"cards_upgraded":["Defend_R"]}],"is_beta":false,"boss_relics":[{"not_picked":["Runic Pyramid","Busted Crown","Velvet Choker"]}],"items_purged_floors":[13,19],"is_endless":false,"potions_floor_spawned":[4,5,18],"killed_by":"Slavers","ascension_level":8}}