{"host":"ed5r069i8pdlf9g9","time":1614174018,"event":{"mods":["BaseMod","Hermit","JesterMod","Minty Spire (QoL Compilation)","StSLib"],"gold_per_floor":[11,11,28,40,53,53,42,42,42,77,77,94,142,18,18,116,116,133,105,5,5,5,18,18,31,31,31,31,48,61,61,61,61,61],"floor_reached":33,"language":"FRA","playtime":1452,"items_purged":["jesterMod:Strike","jesterMod:Defend"],"score":374,"play_id":"0492eb43-1e4e-4333-8f14-384fcecf879a","local_time":"20210224144018","is_ascension_mode":true,"campfire_choices":[{"floor":6,"key":"REST"},{"data":"jesterMod:Tinker","floor":8,"key":"SMITH"},{"floor":11,"key":"REST"},{"floor":15,"key":"REST"},{"floor":24,"key":"REST"},{"floor":27,"key":"REST"},{"data":"jesterMod:Contradiction","floor":32,"key":"SMITH"}],"circlet_count":0,"master_deck":["jesterMod:Strike","jesterMod:Strike","jesterMod:Strike","jesterMod:Strike","jesterMod:Sickle","jesterMod:Defend","jesterMod:Defend","jesterMod:Defend","jesterMod:Dodge","jesterMod:DancingMad","jesterMod:Contradiction+1","jesterMod:RecklessStrike","jesterMod:SmokeScreen","jesterMod:Tinker+1","jesterMod:TrickyDodge","jesterMod:SmokeScreen+1","jesterMod:TrickyDodge","jesterMod:RecklessStrike","jesterMod:Drunkenness"],"relics":["jesterMod:JesterCap","Shuriken","Singing Bowl","Dream Catcher","Sozu","Akabeko","Mercury Hourglass"],"acts_visited":["Exordium","TheCity"],"potions_floor_usage":[5,7,30],"damage_taken":[{"damage":1,"enemies":"2 Louse","floor":1,"turns":2},{"damage":8,"enemies":"Jaw Worm","floor":3,"turns":5},{"damage":8,"enemies":"Small Slimes","floor":4,"turns":3},{"damage":29,"enemies":"Gremlin Gang","floor":5,"turns":6},{"damage":1,"enemies":"Exordium Thugs","floor":7,"turns":4},{"damage":17,"enemies":"Lagavulin","floor":10,"turns":6},{"damage":9,"enemies":"Looter","floor":12,"turns":3},{"damage":48,"enemies":"The Guardian","floor":16,"turns":16},{"damage":30,"enemies":"3 Byrds","floor":18,"turns":6},{"damage":15,"enemies":"2 Thieves","floor":19,"turns":5},{"damage":8,"enemies":"Chosen and Byrds","floor":23,"turns":8},{"damage":15,"enemies":"Centurion and Healer","floor":25,"turns":7},{"damage":27,"enemies":"Shelled Parasite and Fungi","floor":29,"turns":6},{"damage":31,"enemies":"Snecko","floor":30,"turns":8},{"damage":41,"enemies":"Collector","floor":33,"turns":8}],"seed_played":"6541481810204914555","potions_obtained":[{"floor":1,"key":"Dexterity Potion"},{"floor":3,"key":"BlessingOfTheForge"},{"floor":5,"key":"GamblersBrew"}],"is_trial":false,"path_per_floor":["M","?","M","M","M","R","M","R","T","E","R","M","T","$","R","B",null,"M","M","$","?","?","M","R","M","T","R","?","M","M","$","R","B"],"character_chosen":"THE_JESTER","items_purchased":["jesterMod:TrickyDodge"],"campfire_rested":5,"item_purchase_floors":[14],"current_hp_per_floor":[62,62,54,46,17,38,37,37,37,22,43,36,36,36,60,14,62,32,19,19,19,19,13,37,24,24,51,96,69,40,40,40,0,0],"gold":61,"neow_bonus":"THREE_RARE_CARDS","is_daily":false,"chose_seed":false,"campfire_upgraded":2,"win_rate":0.0,"timestamp":1614174018,"path_taken":["M","?","M","M","M","R","M","R","T","E","R","M","?","$","R","BOSS","M","M","$","?","?","M","R","M","T","R","?","M","?","$","R","BOSS"],"items_purchased_type":["Card"],"build_version":"2020-12-22","purchased_purges":2,"victory":false,"max_hp_per_floor":[70,70,70,70,70,70,70,70,70,72,72,74,74,74,76,78,78,78,80,80,80,80,82,82,84,84,86,96,96,98,98,98,98,98],"card_choices":[{"not_picked":["jesterMod:Finale","jesterMod:Juggler"],"picked":"jesterMod:Squander","floor":0},{"not_picked":["jesterMod:MudBall","jesterMod:DesperateStrike"],"picked":"jesterMod:DancingMad","floor":1},{"not_picked":["jesterMod:ButterKnife","jesterMod:Swiftness"],"picked":"jesterMod:RecklessStrike","floor":3},{"not_picked":["jesterMod:Disposophobia","jesterMod:Loot"],"picked":"jesterMod:SmokeScreen","floor":4},{"not_picked":["jesterMod:Illness","jesterMod:Discretion","jesterMod:Procrastination"],"picked":"SKIP","floor":5},{"not_picked":["jesterMod:BouncingKnife","jesterMod:DancingMad"],"picked":"jesterMod:Tinker","floor":7},{"not_picked":["jesterMod:MudBall","jesterMod:OblivionStrike","jesterMod:Precipitation"],"picked":"Singing Bowl","floor":10},{"not_picked":["jesterMod:Juggler","jesterMod:Procrastination","jesterMod:Precipitation"],"picked":"Singing Bowl","floor":12},{"not_picked":["jesterMod:DancingMad","jesterMod:Feint","jesterMod:QuickStrike"],"picked":"Singing Bowl","floor":15},{"not_picked":["jesterMod:Overthink","jesterMod:Frustration","jesterMod:Squander"],"picked":"Singing Bowl","floor":16},{"not_picked":["jesterMod:Anticipation","jesterMod:DancingMad+1"],"picked":"jesterMod:SmokeScreen+1","floor":18},{"not_picked":["jesterMod:Hide","jesterMod:Prankster+1","jesterMod:ButterKnife"],"picked":"Singing Bowl","floor":19},{"not_picked":["jesterMod:JugglerBlade","jesterMod:PerfectDodge","jesterMod:Prankster"],"picked":"Singing Bowl","floor":23},{"not_picked":["jesterMod:ButterKnife","jesterMod:Tinker"],"picked":"jesterMod:RecklessStrike","floor":24},{"not_picked":["jesterMod:Anticipation","jesterMod:Loot","jesterMod:Tinker"],"picked":"Singing Bowl","floor":25},{"not_picked":["jesterMod:Inspiration","jesterMod:Anticipation+1","jesterMod:OblivionStrike"],"picked":"Singing Bowl","floor":27},{"not_picked":["jesterMod:DancingMad+1","jesterMod:Rebuff+1"],"picked":"jesterMod:Drunkenness","floor":29},{"not_picked":["jesterMod:LightTheWick","jesterMod:JackInTheBox","jesterMod:Feint"],"picked":"Singing Bowl","floor":30}],"player_experience":453525,"relics_obtained":[{"floor":9,"key":"Shuriken"},{"floor":10,"key":"Singing Bowl"},{"floor":13,"key":"Dream Catcher"},{"floor":26,"key":"Mercury Hourglass"}],"event_choices":[{"damage_healed":0,"gold_gain":0,"cards_transformed":["jesterMod:Defend"],"player_choice":"Change","damage_taken":0,"max_hp_gain":0,"max_hp_loss":0,"event_name":"Living Wall","floor":2,"gold_loss":0,"cards_obtained":["jesterMod:Contradiction"]},{"damage_healed":0,"gold_gain":0,"player_choice":"Opened","damage_taken":0,"relics_obtained":["Akabeko"],"max_hp_gain":0,"max_hp_loss":0,"event_name":"The Mausoleum","floor":21,"gold_loss":0},{"damage_healed":0,"gold_gain":0,"player_choice":"Read","damage_taken":0,"max_hp_gain":0,"max_hp_loss":0,"event_name":"The Library","floor":22,"gold_loss":0,"cards_obtained":["jesterMod:TrickyDodge"]},{"cards_removed":["jesterMod:Squander"],"damage_healed":35,"gold_gain":0,"player_choice":"Offered Rare","damage_taken":0,"max_hp_gain":10,"max_hp_loss":0,"event_name":"Bonfire Elementals","floor":28,"gold_loss":0}],"is_beta":false,"boss_relics":[{"not_picked":["jesterMod:LoadedDice","Snecko Eye"],"picked":"Sozu"}],"items_purged_floors":[14,20],"is_endless":false,"potions_floor_spawned":[1,3,5,18,29,30],"killed_by":"Collector","ascension_level":8}}