{"host":"f1ywytio1xmbwkwz","time":1614129252,"event":{"mods":["BaseMod","Minty Spire (QoL Compilation)","Rare Cards Sparkle","Relic Stats","StSLib"],"gold_per_floor":[117,136,156,167,167,199,199,9,9,37,54,89,89,106,106,106,106],"floor_reached":16,"language":"ENG","playtime":837,"items_purged":[],"score":191,"play_id":"b2f3310b-1455-49c6-8ae6-eff859a07068","local_time":"20210223181412","is_ascension_mode":true,"campfire_choices":[{"floor":7,"key":"REST"},{"floor":15,"key":"REST"}],"circlet_count":0,"master_deck":["Strike_G","Strike_G","Strike_G","Strike_G","Strike_G","Defend_G","Defend_G","Defend_G","Defend_G","Defend_G","Survivor","Neutralize","Prepared","Cloak And Dagger","Acrobatics","Dagger Spray","Prepared","Riddle With Holes","Bouncing Flask","Dagger Throw","Envenom+1","Deflect"],"relics":["HoveringKite","NlothsMask","Bag of Marbles","Medical Kit","Turnip","Paper Crane"],"acts_visited":["Exordium"],"potions_floor_usage":[10,10,12,12,16],"damage_taken":[{"damage":3,"enemies":"Small Slimes","floor":1,"turns":5},{"damage":2,"enemies":"Cultist","floor":2,"turns":5},{"damage":0,"enemies":"2 Louse","floor":3,"turns":3},{"damage":5,"enemies":"Exordium Wildlife","floor":4,"turns":4},{"damage":25,"enemies":"3 Sentries","floor":6,"turns":12},{"damage":0,"enemies":"Gremlin Nob","floor":10,"turns":2},{"damage":5,"enemies":"Looter","floor":11,"turns":3},{"damage":14,"enemies":"3 Sentries","floor":12,"turns":6},{"damage":10,"enemies":"3 Louse","floor":14,"turns":2},{"damage":48,"enemies":"Hexaghost","floor":16,"turns":9}],"seed_played":"914485749815948873","potions_obtained":[{"floor":2,"key":"CunningPotion"},{"floor":3,"key":"BlessingOfTheForge"},{"floor":10,"key":"Fruit Juice"},{"floor":11,"key":"ColorlessPotion"},{"floor":12,"key":"Swift Potion"}],"is_trial":false,"path_per_floor":["M","M","M","M","?","E","R","$","T","E","M","E","?","M","R","B"],"character_chosen":"THE_SILENT","items_purchased":["Medical Kit","Riddle With Holes"],"campfire_rested":2,"item_purchase_floors":[8,8],"current_hp_per_floor":[60,58,58,53,53,28,49,49,49,49,44,35,35,25,47,0,0],"gold":106,"neow_bonus":"BOSS_RELIC","is_daily":false,"chose_seed":false,"campfire_upgraded":0,"win_rate":0.0,"timestamp":1614129252,"path_taken":["M","M","M","M","?","E","R","?","T","E","M","E","?","?","R","BOSS"],"items_purchased_type":["Relic","Card"],"build_version":"2020-12-22","purchased_purges":0,"victory":false,"max_hp_per_floor":[70,70,70,70,70,70,70,70,70,70,70,75,75,75,75,75,75],"relic_stats":{"counters":[10,51],"HoveringKite":[30],"Turnip":[0],"Medical Kit":[4],"obtain_stats":[{"HoveringKite":0,"Turnip":10,"Bag of Marbles":6,"Paper Crane":12,"Medical Kit":8,"Ring of the Snake":0,"NlothsMask":5},{"HoveringKite":0,"Turnip":6,"Bag of Marbles":5,"Paper Crane":8,"Medical Kit":5,"Ring of the Snake":0,"NlothsMask":4},{"HoveringKite":0,"Turnip":31,"Bag of Marbles":29,"Paper Crane":40,"Medical Kit":29,"Ring of the Snake":0,"NlothsMask":17}]},"card_choices":[{"not_picked":["Blade Dance","Choke"],"picked":"Prepared","floor":1},{"not_picked":["Acrobatics","Flying Knee"],"picked":"Cloak And Dagger","floor":2},{"not_picked":["Distraction","Setup"],"picked":"Acrobatics","floor":3},{"not_picked":["Choke","Dodge and Roll"],"picked":"Dagger Spray","floor":4},{"not_picked":["Deflect","Cloak And Dagger"],"picked":"Prepared","floor":6},{"not_picked":["Burst","Caltrops"],"picked":"Bouncing Flask","floor":10},{"not_picked":["Noxious Fumes","Heel Hook"],"picked":"Dagger Throw","floor":11},{"not_picked":["Prepared","Bane"],"picked":"Envenom","floor":12},{"not_picked":["Eviscerate","Acrobatics"],"picked":"Deflect","floor":14}],"player_experience":313612,"relics_obtained":[{"floor":6,"key":"Bag of Marbles"},{"floor":10,"key":"Turnip"},{"floor":12,"key":"Paper Crane"}],"event_choices":[{"damage_healed":0,"gold_gain":0,"player_choice":"Trade","damage_taken":0,"relics_obtained":["NlothsMask"],"max_hp_gain":0,"max_hp_loss":0,"event_name":"FaceTrader","floor":5,"gold_loss":0},{"damage_healed":0,"gold_gain":0,"player_choice":"Grow","damage_taken":0,"max_hp_gain":0,"max_hp_loss":0,"event_name":"Living Wall","floor":13,"gold_loss":0,"cards_upgraded":["Envenom"]}],"is_beta":false,"boss_relics":[],"items_purged_floors":[],"is_endless":false,"potions_floor_spawned":[2,3,10,11,12],"killed_by":"Hexaghost","ascension_level":6}}