{"host":"kh6fvhxn285ncg0o","time":1614132074,"event":{"mods":["Act Like it!","BaseMod","Colored Map","Friendly Minions","Keyboard Shortcuts","Minty Spire (QoL Compilation)","Quick Restart","Relic Stats","StSLib","SuperFastMode","UnlockEverythingMod"],"gold_per_floor":[112,128,53,69,80,113,113,143,166,91,121,146,162,162,162,239,239,249,86,106,123,138,173,173,198,222,222,242,242,242,273,273,351,351,367,367,387,407,422,453,186,186,233,263,291,322,334,373,385,397,409,421,433,91,120,120],"floor_reached":57,"language":"KOR","playtime":2351,"items_purged":["Thunderclap","Rampage","Feed"],"score":3644,"play_id":"eccf4c5a-63a8-4433-9937-0339958c5098","local_time":"20210224110114","is_ascension_mode":true,"campfire_choices":[{"data":"Rage","floor":7,"key":"SMITH"},{"data":"Pommel Strike","floor":15,"key":"SMITH"},{"data":"Power Through","floor":24,"key":"SMITH"},{"data":"Body Slam","floor":29,"key":"SMITH"},{"data":"Battle Trance","floor":32,"key":"SMITH"},{"data":"Feel No Pain","floor":42,"key":"SMITH"},{"data":"Second Wind","floor":47,"key":"SMITH"},{"floor":49,"key":"RECALL"},{"data":"Warcry","floor":53,"key":"SMITH"}],"circlet_count":0,"master_deck":["AscendersBane","Warcry+1","Pommel Strike+1","Rage+1","Thunderclap","Berserk","Power Through+1","Second Wind+1","Battle Trance+1","Feed","Feel No Pain+1","Fire Breathing","Disarm+1","Body Slam+1"],"relics":["Pandora\u0027s Box","Bag of Preparation","Blood Vial","PreservedInsect","Ancient Tea Set","Omamori","Orichalcum","Philosopher\u0027s Stone","OrangePellets","Pocketwatch","Boot","Red Skull","Nilry\u0027s Codex","Akabeko","Cursed Key","Eternal Feather","Centennial Puzzle","MawBank","Oddly Smooth Stone","Toolbox","Du-Vu Doll"],"acts_visited":["Exordium","TheCity","TheBeyond","TheEnding"],"potions_floor_usage":[5,6,16,25,44,54,56,56],"damage_taken":[{"damage":16,"enemies":"Jaw Worm","floor":1,"turns":3},{"damage":0,"enemies":"Cultist","floor":2,"turns":2},{"damage":0,"enemies":"Small Slimes","floor":4,"turns":2},{"damage":5,"enemies":"Blue Slaver","floor":5,"turns":4},{"damage":5,"enemies":"Lagavulin","floor":6,"turns":5},{"damage":20,"enemies":"Gremlin Nob","floor":8,"turns":4},{"damage":15,"enemies":"3 Sentries","floor":11,"turns":8},{"damage":0,"enemies":"3 Louse","floor":13,"turns":2},{"damage":0,"enemies":"Hexaghost","floor":16,"turns":9},{"damage":0,"enemies":"Chosen","floor":18,"turns":3},{"damage":0,"enemies":"Spheric Guardian","floor":20,"turns":3},{"damage":18,"enemies":"Chosen and Byrds","floor":21,"turns":7},{"damage":3,"enemies":"Snake Plant","floor":22,"turns":3},{"damage":0,"enemies":"Gremlin Leader","floor":23,"turns":5},{"damage":1,"enemies":"Book of Stabbing","floor":25,"turns":5},{"damage":0,"enemies":"Shelled Parasite and Fungi","floor":28,"turns":4},{"damage":0,"enemies":"Gremlin Leader","floor":31,"turns":4},{"damage":0,"enemies":"Collector","floor":33,"turns":5},{"damage":0,"enemies":"3 Shapes","floor":35,"turns":3},{"damage":0,"enemies":"Orb Walker","floor":37,"turns":2},{"damage":0,"enemies":"4 Shapes","floor":38,"turns":4},{"damage":0,"enemies":"Jaw Worm Horde","floor":39,"turns":3},{"damage":0,"enemies":"Reptomancer","floor":40,"turns":3},{"damage":13,"enemies":"Nemesis","floor":44,"turns":9},{"damage":0,"enemies":"3 Darklings","floor":45,"turns":3},{"damage":0,"enemies":"Spire Growth","floor":46,"turns":5},{"damage":0,"enemies":"Giant Head","floor":48,"turns":3},{"damage":4,"enemies":"Time Eater","floor":50,"turns":11},{"damage":0,"enemies":"Donu and Deca","floor":51,"turns":7},{"damage":0,"enemies":"Shield and Spear","floor":55,"turns":2},{"damage":18,"enemies":"The Heart","floor":56,"turns":8}],"seed_played":"-7528616928261053512","potions_obtained":[{"floor":1,"key":"Fruit Juice"},{"floor":4,"key":"ColorlessPotion"},{"floor":5,"key":"GamblersBrew"},{"floor":13,"key":"HeartOfIron"},{"floor":18,"key":"Strength Potion"},{"floor":23,"key":"Block Potion"},{"floor":25,"key":"SkillPotion"},{"floor":33,"key":"EntropicBrew"},{"floor":40,"key":"Regen Potion"},{"floor":44,"key":"DuplicationPotion"}],"is_trial":false,"path_per_floor":["M","M","?","M","M","E","R","E","T","$","E","T","M","?","R","B",null,"M","$","M","M","M","E","R","E","T","?","M","R","?","E","R","B",null,"M","?","M","M","M","E","$","R","T","E","M","M","R","E","R","B","B",null,"R","$","E","B",null],"character_chosen":"IRONCLAD","items_purchased":["OrangePellets","Centennial Puzzle","Toolbox","PowerPotion"],"campfire_rested":0,"item_purchase_floors":[19,41,54,54],"current_hp_per_floor":[52,55,55,58,61,56,56,39,39,39,29,29,34,34,34,40,87,92,92,97,87,89,91,91,95,95,58,66,66,45,50,50,55,117,125,117,122,130,138,143,143,152,152,156,161,166,170,173,173,169,177,179,179,179,182,164],"gold":120,"neow_bonus":"BOSS_RELIC","is_daily":false,"chose_seed":false,"campfire_upgraded":8,"win_rate":0.0,"timestamp":1614132074,"path_taken":["M","M","?","M","M","E","R","E","T","$","E","?","?","?","R","BOSS","M","?","M","M","M","E","R","E","T","?","M","R","?","E","R","BOSS","M","?","M","?","M","E","$","R","T","E","M","M","R","E","R","BOSS","BOSS","R","$","E","BOSS"],"items_purchased_type":["Relic","Relic","Relic","Potion"],"build_version":"2020-12-22","purchased_purges":3,"victory":true,"max_hp_per_floor":[75,78,78,81,89,89,89,92,92,92,95,95,98,98,98,102,102,105,105,108,114,117,117,117,120,120,125,131,131,131,134,134,137,137,143,143,146,152,158,161,161,161,161,164,167,170,170,173,173,173,179,179,179,179,182,182],"relic_stats":{"counters":[31,141],"Eternal Feather":13,"PreservedInsect":485,"Bag of Preparation":[52],"Orichalcum":[66],"Boot":[52],"Cursed Key":1,"MawBank":120,"Blood Vial":42,"OrangePellets":[38],"Centennial Puzzle":[9],"Pandora\u0027s Box":["Berserk","Warcry","Rampage","Thunderclap","Pommel Strike","Rage","Thunderclap","Feed","Berserk"],"obtain_stats":[{"Nilry\u0027s Codex":30,"Oddly Smooth Stone":48,"Eternal Feather":40,"PreservedInsect":9,"Bag of Preparation":6,"Omamori":12,"Orichalcum":14,"Ancient Tea Set":11,"Boot":25,"Cursed Key":34,"MawBank":44,"Burning Blood":0,"Akabeko":31,"Blood Vial":8,"Du-Vu Doll":55,"OrangePellets":19,"Centennial Puzzle":41,"Toolbox":54,"Pandora\u0027s Box":0,"Philosopher\u0027s Stone":17,"Red Skull":26,"Pocketwatch":23},{"Nilry\u0027s Codex":16,"Oddly Smooth Stone":27,"Eternal Feather":23,"PreservedInsect":6,"Bag of Preparation":5,"Omamori":7,"Orichalcum":8,"Ancient Tea Set":7,"Boot":15,"Cursed Key":18,"MawBank":24,"Burning Blood":0,"Akabeko":17,"Blood Vial":6,"Du-Vu Doll":30,"OrangePellets":10,"Centennial Puzzle":23,"Toolbox":29,"Pandora\u0027s Box":0,"Philosopher\u0027s Stone":9,"Red Skull":15,"Pocketwatch":14},{"Nilry\u0027s Codex":69,"Oddly Smooth Stone":113,"Eternal Feather":93,"PreservedInsect":20,"Bag of Preparation":16,"Omamori":28,"Orichalcum":30,"Ancient Tea Set":28,"Boot":65,"Cursed Key":78,"MawBank":102,"Burning Blood":0,"Akabeko":73,"Blood Vial":20,"Du-Vu Doll":133,"OrangePellets":42,"Centennial Puzzle":93,"Toolbox":131,"Pandora\u0027s Box":0,"Philosopher\u0027s Stone":39,"Red Skull":65,"Pocketwatch":60}],"Pocketwatch":[54]},"card_choices":[{"not_picked":["Sword Boomerang","Pummel"],"picked":"Power Through","floor":2},{"not_picked":["Bloodletting","Heavy Blade"],"picked":"Second Wind","floor":4},{"not_picked":["Clothesline","Armaments","Metallicize"],"picked":"SKIP","floor":5},{"not_picked":["Flex","Blood for Blood","Carnage"],"picked":"SKIP","floor":6},{"not_picked":["Armaments","Combust","Shrug It Off"],"picked":"SKIP","floor":8},{"not_picked":["Infernal Blade","Rupture"],"picked":"Battle Trance","floor":11},{"not_picked":["Whirlwind","Second Wind","Sword Boomerang"],"picked":"SKIP","floor":13},{"not_picked":["Exhume","Demon Form"],"picked":"Feed","floor":16},{"not_picked":["Sword Boomerang","Intimidate+1"],"picked":"Feel No Pain","floor":18},{"not_picked":["Headbutt","Intimidate","Anger"],"picked":"SKIP","floor":20},{"not_picked":["Seeing Red+1","Armaments+1"],"picked":"Fire Breathing","floor":21},{"not_picked":["Warcry","Rupture","Seeing Red"],"picked":"SKIP","floor":22},{"not_picked":["Cleave","Shrug It Off"],"picked":"Disarm+1","floor":23},{"not_picked":["Infernal Blade+1","Cleave","Fire Breathing"],"picked":"SKIP","floor":25},{"not_picked":["Perfected Strike","Armaments"],"picked":"Body Slam","floor":28},{"not_picked":["Sentinel","Rampage","Disarm"],"picked":"SKIP","floor":31},{"not_picked":["Battle Trance","Sever Soul+1","Anger"],"picked":"SKIP","floor":35},{"not_picked":["Twin Strike","Flex","Thunderclap"],"picked":"SKIP","floor":37},{"not_picked":["Seeing Red","Clothesline+1","Twin Strike"],"picked":"SKIP","floor":38},{"not_picked":["Warcry","Thunderclap+1","Dropkick"],"picked":"SKIP","floor":39},{"not_picked":["Double Tap","Feel No Pain+1","Rupture"],"picked":"SKIP","floor":40},{"not_picked":["Fire Breathing","True Grit","Intimidate+1"],"picked":"SKIP","floor":44},{"not_picked":["Warcry+1","Wild Strike","Seeing Red"],"picked":"SKIP","floor":45},{"not_picked":["Fire Breathing","Intimidate","Heavy Blade"],"picked":"SKIP","floor":46},{"not_picked":["Fire Breathing","Intimidate","Heavy Blade"],"picked":"SKIP","floor":46},{"not_picked":["Fire Breathing","Havoc","Power Through"],"picked":"SKIP","floor":48},{"not_picked":["Warcry+1","Clothesline+1","Dual Wield"],"picked":"SKIP","floor":55}],"player_experience":1501680,"relics_obtained":[{"floor":6,"key":"Bag of Preparation"},{"floor":8,"key":"Blood Vial"},{"floor":9,"key":"PreservedInsect"},{"floor":11,"key":"Ancient Tea Set"},{"floor":12,"key":"Omamori"},{"floor":23,"key":"Pocketwatch"},{"floor":25,"key":"Boot"},{"floor":26,"key":"Red Skull"},{"floor":30,"key":"Nilry\u0027s Codex"},{"floor":31,"key":"Akabeko"},{"floor":40,"key":"Eternal Feather"},{"floor":44,"key":"MawBank"},{"floor":48,"key":"Oddly Smooth Stone"},{"floor":55,"key":"Du-Vu Doll"}],"event_choices":[{"cards_removed":["Bash"],"damage_healed":0,"gold_gain":0,"player_choice":"Card Removal","damage_taken":0,"max_hp_gain":0,"max_hp_loss":0,"event_name":"The Cleric","floor":3,"gold_loss":75},{"cards_removed":["Berserk"],"damage_healed":0,"gold_gain":0,"player_choice":"Gave Card","damage_taken":0,"relics_obtained":["Orichalcum"],"max_hp_gain":0,"max_hp_loss":0,"event_name":"WeMeetAgain","floor":14,"gold_loss":0},{"damage_healed":0,"gold_gain":0,"player_choice":"Shed Blood","damage_taken":42,"max_hp_gain":5,"max_hp_loss":0,"event_name":"Forgotten Altar","floor":27,"gold_loss":0},{"damage_healed":0,"gold_gain":0,"player_choice":"Obtained Book","damage_taken":21,"max_hp_gain":0,"max_hp_loss":0,"event_name":"Cursed Tome","floor":30,"gold_loss":0},{"damage_healed":0,"gold_gain":0,"player_choice":"Bought 0 Potions","damage_taken":0,"max_hp_gain":0,"max_hp_loss":0,"event_name":"The Woman in Blue","floor":36,"gold_loss":0}],"is_beta":false,"boss_relics":[{"not_picked":["Ectoplasm","Runic Cube"],"picked":"Philosopher\u0027s Stone"},{"not_picked":["Coffee Dripper","Fusion Hammer"],"picked":"Cursed Key"}],"items_purged_floors":[10,41,54],"is_endless":false,"potions_floor_spawned":[1,4,5,13,18,22,23,25,33,40,44,45,48,55],"ascension_level":20}}