{"host":"p9fmk1zxjhqthrxg","time":1614201704,"event":{"mods":["BaseMod","Bestiary","Colored Map","Colored Powertips","Highlight Path","Minty Spire (QoL Compilation)","Random Character Button","Rare Cards Sparkle","StSLib"],"gold_per_floor":[18,18,18,36,47,67,95,95,95,95,95],"floor_reached":10,"language":"ENG","playtime":441,"items_purged":[],"score":68,"play_id":"d3a94730-7b1d-4006-8c24-ba6bad6d5e85","local_time":"20210224152144","is_ascension_mode":false,"campfire_choices":[{"floor":8,"key":"REST"}],"circlet_count":0,"master_deck":["Strike_B","Strike_B","Strike_B","Defend_B","Defend_B","Defend_B","Defend_B","Zap","Dualcast","Fission","Fusion","Conserve Battery","Streamline","Loop","Conserve Battery","Gash"],"relics":["Cracked Core","Singing Bowl","Mercury Hourglass"],"acts_visited":["Exordium"],"potions_floor_usage":[7,7,7],"damage_taken":[{"damage":8,"enemies":"2 Louse","floor":1,"turns":3},{"damage":1,"enemies":"Jaw Worm","floor":4,"turns":6},{"damage":4,"enemies":"Cultist","floor":5,"turns":4},{"damage":13,"enemies":"2 Fungi Beasts","floor":6,"turns":4},{"damage":41,"enemies":"Lagavulin","floor":7,"turns":9},{"damage":45,"enemies":"Gremlin Nob","floor":10,"turns":4}],"seed_played":"-5692824035539707678","potions_obtained":[{"floor":1,"key":"SneckoOil"},{"floor":3,"key":"Energy Potion"},{"floor":3,"key":"PowerPotion"}],"is_trial":false,"path_per_floor":["M","?","?","M","M","M","E","R","T","E"],"character_chosen":"DEFECT","items_purchased":[],"campfire_rested":1,"item_purchase_floors":[],"current_hp_per_floor":[67,67,67,66,62,49,8,30,30,0,0],"gold":95,"neow_bonus":"THREE_RARE_CARDS","is_daily":false,"chose_seed":false,"campfire_upgraded":0,"win_rate":0.0,"timestamp":1614201704,"path_taken":["M","?","?","M","M","M","E","R","T","E"],"items_purchased_type":[],"build_version":"2020-12-22","purchased_purges":0,"victory":false,"max_hp_per_floor":[75,75,75,75,75,75,75,75,75,75,75],"card_choices":[{"not_picked":["Machine Learning","Reboot"],"picked":"Fission","floor":0},{"not_picked":["Redo","Turbo"],"picked":"Fusion","floor":1},{"not_picked":["Cold Snap","FTL"],"picked":"Streamline","floor":4},{"not_picked":["Lockon","Barrage"],"picked":"Loop","floor":5},{"not_picked":["FTL","Capacitor"],"picked":"Conserve Battery","floor":6},{"not_picked":["Hologram","Conserve Battery"],"picked":"Gash","floor":7}],"player_experience":149778,"relics_obtained":[{"floor":7,"key":"Singing Bowl"},{"floor":9,"key":"Mercury Hourglass"}],"event_choices":[{"damage_healed":0,"gold_gain":0,"cards_transformed":["Strike_B"],"player_choice":"Change","damage_taken":0,"max_hp_gain":0,"max_hp_loss":0,"event_name":"Living Wall","floor":2,"gold_loss":0,"cards_obtained":["Conserve Battery"]},{"damage_healed":0,"gold_gain":0,"player_choice":"Got Potions","damage_taken":0,"max_hp_gain":0,"max_hp_loss":0,"event_name":"Lab","floor":3,"gold_loss":0}],"is_beta":false,"boss_relics":[],"items_purged_floors":[],"is_endless":false,"potions_floor_spawned":[1,4,6],"killed_by":"Gremlin Nob","ascension_level":0}}