{"host":"dwqr8rfkubzfvfti","time":1614126452,"event":{"mods":["BaseMod","Colored Map","Colored Powertips","Minty Spire (QoL Compilation)","Rare Cards Sparkle","Relic Stats"],"gold_per_floor":[110,120,138,118,136,136,149,184,209,243,243,10,30,49,49,146,146,156,166,184,198,217,217,245,160,211,211,239,239,249,249,249,249,249],"floor_reached":33,"language":"ENG","playtime":2297,"items_purged":["Strike_R"],"score":421,"play_id":"464639d9-d494-42ef-b823-13e7ce65edad","local_time":"20210223172732","is_ascension_mode":true,"campfire_choices":[{"data":"Armaments","floor":6,"key":"SMITH"},{"floor":11,"key":"REST"},{"data":"Inflame","floor":15,"key":"SMITH"},{"data":"Uppercut","floor":23,"key":"SMITH"},{"data":"Shockwave","floor":29,"key":"SMITH"},{"data":"Feel No Pain","floor":32,"key":"SMITH"}],"circlet_count":0,"master_deck":["Strike_R","Strike_R","Strike_R","Strike_R","Defend_R","Defend_R","Defend_R","Defend_R","Bash+1","Shrug It Off","Flame Barrier","Sever Soul","Armaments+1","Inflame+1","Sentinel","Disarm","Reaper","Headbutt","Barricade","Shockwave+1","Feel No Pain","Shrug It Off+1","Uppercut+1","Feel No Pain+1","Decay","Disarm+1","Parasite"],"relics":["Burning Blood","Dead Branch","Boot","Ancient Tea Set","Cursed Key","Red Skull","Singing Bowl","Centennial Puzzle","Vajra","Bag of Preparation"],"acts_visited":["Exordium","TheCity"],"potions_floor_usage":[8,10,16,18,20,24,28,33,33],"damage_taken":[{"damage":0,"enemies":"Small Slimes","floor":1,"turns":3},{"damage":1,"enemies":"Cultist","floor":2,"turns":3},{"damage":2,"enemies":"2 Louse","floor":3,"turns":4},{"damage":7,"enemies":"Blue Slaver","floor":5,"turns":5},{"damage":4,"enemies":"3 Louse","floor":7,"turns":6},{"damage":27,"enemies":"Lagavulin","floor":8,"turns":5},{"damage":20,"enemies":"Gremlin Nob","floor":10,"turns":4},{"damage":8,"enemies":"Large Slime","floor":13,"turns":6},{"damage":14,"enemies":"Exordium Wildlife","floor":14,"turns":6},{"damage":26,"enemies":"The Guardian","floor":16,"turns":9},{"damage":3,"enemies":"3 Byrds","floor":18,"turns":4},{"damage":3,"enemies":"Spheric Guardian","floor":19,"turns":6},{"damage":11,"enemies":"3 Cultists","floor":20,"turns":5},{"damage":3,"enemies":"Snake Plant","floor":21,"turns":7},{"damage":24,"enemies":"Centurion and Healer","floor":22,"turns":6},{"damage":67,"enemies":"Slavers","floor":24,"turns":8},{"damage":45,"enemies":"Gremlin Leader","floor":28,"turns":8},{"damage":4,"enemies":"Chosen and Byrds","floor":30,"turns":7},{"damage":92,"enemies":"Automaton","floor":33,"turns":14}],"seed_played":"-5363057001443629789","potions_obtained":[{"floor":2,"key":"Block Potion"},{"floor":4,"key":"LiquidMemories"},{"floor":5,"key":"LiquidBronze"},{"floor":10,"key":"ColorlessPotion"},{"floor":14,"key":"Ancient Potion"},{"floor":16,"key":"ColorlessPotion"},{"floor":22,"key":"SteroidPotion"},{"floor":24,"key":"ColorlessPotion"},{"floor":28,"key":"BloodPotion"},{"floor":30,"key":"Block Potion"}],"is_trial":false,"path_per_floor":["M","M","M","?","M","R","M","E","T","E","R","$","M","M","R","B",null,"M","M","M","M","M","R","E","?","T","?","E","R","M","T","R","B"],"character_chosen":"IRONCLAD","items_purchased":["Reaper"],"campfire_rested":1,"item_purchase_floors":[12],"current_hp_per_floor":[78,80,80,80,79,79,80,59,59,45,69,69,78,70,70,65,76,80,80,75,80,62,62,55,55,55,55,46,46,60,60,60,0,0],"gold":249,"neow_bonus":"UPGRADE_CARD","is_daily":false,"chose_seed":false,"campfire_upgraded":5,"win_rate":0.0,"timestamp":1614126452,"path_taken":["M","M","M","?","?","R","M","E","T","E","R","$","M","M","R","BOSS","M","M","M","M","M","R","E","?","T","?","E","R","M","?","R","BOSS"],"items_purchased_type":["Card"],"build_version":"2020-12-22","purchased_purges":1,"victory":false,"max_hp_per_floor":[80,80,80,80,80,80,80,80,80,80,80,80,80,80,80,80,80,80,80,80,80,80,80,80,80,80,80,80,80,82,82,82,82,82],"relic_stats":{"Centennial Puzzle":[9],"Singing Bowl":2,"counters":[19,116],"Dead Branch":[98],"Bag of Preparation":[2],"Boot":[4],"Cursed Key":2,"obtain_stats":[{"Centennial Puzzle":26,"Singing Bowl":25,"Dead Branch":8,"Vajra":28,"Bag of Preparation":31,"Boot":9,"Ancient Tea Set":10,"Cursed Key":17,"Burning Blood":0,"Red Skull":24},{"Centennial Puzzle":16,"Singing Bowl":16,"Dead Branch":6,"Vajra":17,"Bag of Preparation":18,"Boot":6,"Ancient Tea Set":7,"Cursed Key":10,"Burning Blood":0,"Red Skull":16},{"Centennial Puzzle":87,"Singing Bowl":87,"Dead Branch":26,"Vajra":95,"Bag of Preparation":102,"Boot":26,"Ancient Tea Set":30,"Cursed Key":51,"Burning Blood":0,"Red Skull":87}],"Burning Blood":88},"card_choices":[{"not_picked":["Clothesline","Havoc"],"picked":"Shrug It Off","floor":1},{"not_picked":["Havoc","Brutality"],"picked":"Flame Barrier","floor":2},{"not_picked":["Warcry","Headbutt"],"picked":"Sever Soul","floor":3},{"not_picked":["Sword Boomerang","Combust"],"picked":"Armaments","floor":5},{"not_picked":["Iron Wave","Entrench"],"picked":"Inflame","floor":7},{"not_picked":["Pommel Strike","Twin Strike"],"picked":"Sentinel","floor":8},{"not_picked":["Armaments","Battle Trance"],"picked":"Disarm","floor":10},{"not_picked":["Rupture","Clash","Shrug It Off"],"picked":"SKIP","floor":13},{"not_picked":["Heavy Blade","Thunderclap"],"picked":"Headbutt","floor":14},{"not_picked":["Bludgeon","Feed"],"picked":"Barricade","floor":16},{"not_picked":["Shrug It Off","Cleave","Thunderclap"],"picked":"SKIP","floor":18},{"not_picked":["Sentinel","Disarm"],"picked":"Shockwave","floor":19},{"not_picked":["Clothesline","Carnage"],"picked":"Feel No Pain","floor":20},{"not_picked":["Clash+1","Havoc"],"picked":"Shrug It Off+1","floor":21},{"not_picked":["Iron Wave","Anger"],"picked":"Uppercut","floor":22},{"not_picked":["Cleave","Flex+1"],"picked":"Feel No Pain","floor":24},{"not_picked":["Anger","Twin Strike"],"picked":"Disarm+1","floor":28},{"not_picked":["Anger+1","Brutality","Wild Strike"],"picked":"Singing Bowl","floor":30}],"player_experience":498133,"relics_obtained":[{"floor":8,"key":"Dead Branch"},{"floor":9,"key":"Boot"},{"floor":10,"key":"Ancient Tea Set"},{"floor":24,"key":"Red Skull"},{"floor":26,"key":"Centennial Puzzle"},{"floor":28,"key":"Vajra"},{"floor":31,"key":"Bag of Preparation"}],"event_choices":[{"damage_healed":0,"gold_gain":0,"player_choice":"Bought 1 Potion","damage_taken":0,"max_hp_gain":0,"max_hp_loss":0,"event_name":"The Woman in Blue","floor":4,"gold_loss":0},{"damage_healed":0,"gold_gain":0,"player_choice":"Obtained Relic","damage_taken":0,"relics_obtained":["Singing Bowl"],"max_hp_gain":0,"max_hp_loss":0,"event_name":"Addict","floor":25,"gold_loss":85},{"damage_healed":0,"gold_gain":0,"player_choice":"Ignored","damage_taken":0,"max_hp_gain":0,"max_hp_loss":0,"event_name":"Ghosts","floor":27,"gold_loss":0}],"is_beta":false,"boss_relics":[{"not_picked":["Ectoplasm","Philosopher\u0027s Stone"],"picked":"Cursed Key"}],"items_purged_floors":[12],"is_endless":false,"potions_floor_spawned":[2,5,10,14,16,22,24,28,30],"killed_by":"Automaton","ascension_level":8}}