{"host":"ydh61a5ftgdajrbo","time":1614175627,"event":{"mods":["BaseMod","Colored Map","Colored Powertips","DeckTracker","Downfall","Hermit","Koishi","Minty Spire (QoL Compilation)","Prisma Mod","Relic Stats","Spire Arcade","StSLib","SuperFastMode","The Cursed","The Jungle","The Mystic","The Runesmith","The Senshi","The Servant 0.9.4"],"gold_per_floor":[110,121,136,136,236,236,254,280,331,331,349,349,39,100,100,198,198,214,224,224,243,19,19,319,346,346,346,373,392,406,505,505,607,607,617,210,223,236,236,265,75,75,75,75],"floor_reached":42,"language":"ZHS","playtime":2326,"items_purged":["Writhe"],"score":491,"play_id":"2d1677fd-2a7a-4752-b54e-31d5157572a5","local_time":"20210224220707","is_ascension_mode":false,"campfire_choices":[{"data":"champ:PerfectedStrike","floor":6.0,"key":"SMITH"},{"data":"champ:Taunt","floor":10.0,"key":"SMITH"},{"data":"champ:Encircle","floor":12.0,"key":"SMITH"},{"data":"champ:TripleStrike","floor":15.0,"key":"SMITH"},{"data":"champ:ViciousMockery","floor":23.0,"key":"SMITH"},{"floor":27.0,"key":"REST"},{"floor":32.0,"key":"REST"}],"circlet_count":0,"master_deck":["champ:Strike","champ:Strike","champ:Strike","champ:Strike","champ:Defend","champ:Defend","champ:Taunt+1","champ:SkillfulDodge","champ:PerfectedStrike+1","champ:Encircle+1","champ:FlashCut","champ:GutPunch","champ:TripleStrike+1","champ:UltimateStance","champ:LastStand","champ:RapidStrikes+1","champ:FalseCounter+1","champ:StrikeOfGenius+1","champ:Duel","champ:ShieldSigil","champ:ViciousMockery+1","champ:PerfectedStrike","champ:FlashCut+1","champ:TornadoPunch+1","champ:GladiatorForm","champ:StanceDance+1","champ:ViciousMockery+1","champ:ShieldSlam+1","Madness","Madness","champ:FlashCut","champ:CrookedStrike"],"relics":["champ:ChampionCrown","Vajra","Champion Belt","Matryoshka","Gremlin Horn","Smiling Mask","HandDrill","Akabeko","Astrolabe","ClockworkSouvenir","Old Coin","The Courier","Letter Opener","Mummified Hand","Shovel","Cursed Key","champ:GladiatorsBookOfMartialProwess","Nunchaku","TheAbacus"],"acts_visited":["Exordium","TheCity","TheBeyond"],"potions_floor_usage":[],"damage_taken":[{"damage":10.0,"enemies":"2 Louse","floor":1.0,"turns":2.0},{"damage":16.0,"enemies":"Small Slimes","floor":2.0,"turns":4.0},{"damage":14.0,"enemies":"Jaw Worm","floor":3.0,"turns":4.0},{"damage":24.0,"enemies":"Jaw Worm","floor":5.0,"turns":4.0},{"damage":11.0,"enemies":"Large Slime","floor":7.0,"turns":3.0},{"damage":17.0,"enemies":"Lagavulin","floor":8.0,"turns":5.0},{"damage":9.0,"enemies":"2 Fungi Beasts","floor":11.0,"turns":2.0},{"damage":19.0,"enemies":"3 Sentries","floor":14.0,"turns":4.0},{"damage":18.0,"enemies":"Slime Boss","floor":16.0,"turns":7.0},{"damage":10.0,"enemies":"3 Byrds","floor":18.0,"turns":4.0},{"damage":0.0,"enemies":"Spheric Guardian","floor":19.0,"turns":3.0},{"damage":32.0,"enemies":"3 Cultists","floor":21.0,"turns":5.0},{"damage":48.0,"enemies":"Book of Stabbing","floor":25.0,"turns":4.0},{"damage":14.0,"enemies":"Gremlin Leader","floor":28.0,"turns":3.0},{"damage":8.0,"enemies":"Shelled Parasite and Fungi","floor":29.0,"turns":2.0},{"damage":10.0,"enemies":"Cultist and Chosen","floor":30.0,"turns":3.0},{"damage":38.0,"enemies":"Collector","floor":33.0,"turns":4.0},{"damage":14.0,"enemies":"3 Darklings","floor":35.0,"turns":4.0},{"damage":20.0,"enemies":"Orb Walker","floor":37.0,"turns":2.0},{"damage":12.0,"enemies":"4 Shapes","floor":38.0,"turns":2.0},{"damage":48.0,"enemies":"Giant Head","floor":40.0,"turns":7.0},{"damage":22,"enemies":"Spire Growth","floor":42,"turns":3}],"seed_played":"-4118893454892102900","potions_obtained":[{"floor":1.0,"key":"bronze:BurnAndBuffPotion"},{"floor":7.0,"key":"SteroidPotion"},{"floor":8.0,"key":"SmokeBomb"},{"floor":21.0,"key":"PowerPotion"},{"floor":29.0,"key":"Explosive Potion"},{"floor":30.0,"key":"FearPotion"},{"floor":33.0,"key":"BlessingOfTheForge"},{"floor":40,"key":"Strength Potion"}],"is_trial":false,"path_per_floor":["M","M","M","?","?","R","M","E","T","R","M","R","$","?","R","B",null,"M","M","?","M","$","R","?","E","T","R","E","M","M","?","R","B",null,"M","$","M","M","?","E","$","M"],"character_chosen":"THE_CHAMP","items_purchased":["champ:UltimateStance","HandDrill","champ:ViciousMockery","ClockworkSouvenir","champ:GladiatorsBookOfMartialProwess","Nunchaku","champ:FlashCut","champ:CrookedStrike","TheAbacus"],"campfire_rested":2,"item_purchase_floors":[13,13,22,22,36,36,41,41,41],"current_hp_per_floor":[90,84,80,80,66,66,65,58,58,58,54,54,54,50,50,42,90,90,90,72,40,40,40,40,7,7,35,21,13,3,3,31,8,95,86,86,81,69,57,19,19,0,0,0],"gold":75,"neow_bonus":"RANDOM_COMMON_RELIC","is_daily":false,"chose_seed":false,"campfire_upgraded":5,"win_rate":0.0,"timestamp":1614175627,"path_taken":["M","M","M","?","?","R","M","E","T","R","M","R","$","?","R","BOSS","M","M","?","M","$","R","?","E","T","R","E","M","M","?","R","BOSS","M","$","M","M","?","E","$","M"],"items_purchased_type":["Card","Relic","Card","Relic","Relic","Relic","Card","Card","Relic"],"build_version":"2020-12-22","purchased_purges":1,"victory":false,"max_hp_per_floor":[90,90,90,90,90,90,90,90,90,90,90,90,90,90,90,90,90,90,90,95,95,95,95,95,95,95,95,95,95,95,95,95,95,95,95,95,95,95,95,95,95,95,95,95],"relic_stats":{"Gremlin Horn":[22,22],"counters":[22,81],"Astrolabe":["champ:RapidStrikes","champ:FalseCounter","champ:StrikeOfGenius"],"Letter Opener":[25],"Smiling Mask":10,"Cursed Key":0,"Nunchaku":[4],"Shovel":0,"TheAbacus":[0],"Mummified Hand":[14],"HandDrill":[12],"Champion Belt":[5],"obtain_stats":[{"Gremlin Horn":9,"Astrolabe":17,"Vajra":0,"champ:ChampionCrown":0,"The Courier":25,"Letter Opener":26,"Smiling Mask":9,"Cursed Key":34,"Akabeko":14,"ClockworkSouvenir":22,"Old Coin":24,"champ:GladiatorsBookOfMartialProwess":36,"Nunchaku":36,"Matryoshka":8,"Shovel":28,"TheAbacus":41,"Mummified Hand":26,"HandDrill":13,"Champion Belt":5},{"Gremlin Horn":6,"Astrolabe":9,"Vajra":0,"champ:ChampionCrown":0,"The Courier":13,"Letter Opener":13,"Smiling Mask":6,"Cursed Key":17,"Akabeko":8,"ClockworkSouvenir":12,"Old Coin":12,"champ:GladiatorsBookOfMartialProwess":18,"Nunchaku":18,"Matryoshka":6,"Shovel":14,"TheAbacus":21,"Mummified Hand":13,"HandDrill":7,"Champion Belt":4},{"Gremlin Horn":22,"Astrolabe":35,"Vajra":0,"champ:ChampionCrown":0,"The Courier":51,"Letter Opener":51,"Smiling Mask":22,"Cursed Key":63,"Akabeko":28,"ClockworkSouvenir":47,"Old Coin":47,"champ:GladiatorsBookOfMartialProwess":67,"Nunchaku":67,"Matryoshka":22,"Shovel":54,"TheAbacus":78,"Mummified Hand":51,"HandDrill":24,"Champion Belt":14}]},"card_choices":[{"not_picked":["champ:ShieldWall","champ:Backstep"],"picked":"champ:SkillfulDodge","floor":1.0},{"not_picked":["champ:CrownThrow","champ:BringItOn"],"picked":"champ:PerfectedStrike","floor":2.0},{"not_picked":["champ:Haymaker","champ:BladeFlurry"],"picked":"champ:Encircle","floor":3.0},{"not_picked":["champ:Circumvent","champ:ViciousMockery"],"picked":"champ:FlashCut","floor":5.0},{"not_picked":["champ:BladeFlurry","champ:Shatter"],"picked":"champ:GutPunch","floor":7.0},{"not_picked":["champ:Backstep","champ:ShieldSigil"],"picked":"champ:TripleStrike","floor":8.0},{"not_picked":["champ:GutPunch","champ:CrownThrow","champ:DefensiveShout"],"picked":"SKIP","floor":11.0},{"not_picked":["champ:UltimateStance","champ:Devastate"],"picked":"champ:LastStand","floor":16.0},{"not_picked":["champ:EndlessRage","champ:GutPunch+1"],"picked":"champ:Duel","floor":18.0},{"not_picked":["champ:SkillfulDodge+1","champ:Circumvent","champ:BerserkersShout"],"picked":"SKIP","floor":19.0},{"not_picked":["champ:EnGarde","champ:EnragedBash"],"picked":"champ:ShieldSigil","floor":21.0},{"not_picked":["champ:Shatter","champ:UltimateStance"],"picked":"champ:PerfectedStrike","floor":25.0},{"not_picked":["champ:EnGarde","champ:FocusedBerserking","champ:FanOfKnives"],"picked":"SKIP","floor":28.0},{"not_picked":["champ:DefensiveShout","champ:PerfectedStrike"],"picked":"champ:FlashCut+1","floor":29.0},{"not_picked":["champ:DeathBlow","champ:BerserkersShout"],"picked":"champ:TornadoPunch+1","floor":30.0},{"not_picked":["champ:EnchantCrown","champ:Devastate"],"picked":"champ:GladiatorForm","floor":33.0},{"not_picked":["champ:BladeFlurry","champ:BerserkersShout+1"],"picked":"champ:StanceDance+1","floor":35.0},{"not_picked":["champ:ArenaPreparation+1","champ:DefensiveShout"],"picked":"champ:ViciousMockery+1","floor":37.0},{"not_picked":["champ:EnragedBash+1","champ:FalseCounter+1"],"picked":"champ:ShieldSlam+1","floor":38.0},{"not_picked":["champ:Shatter","champ:CrownThrow+1","champ:ShieldSlam"],"picked":"SKIP","floor":40}],"player_experience":422099,"relics_obtained":[{"floor":5.0,"key":"Champion Belt"},{"floor":8.0,"key":"Matryoshka"},{"floor":9.0,"key":"Gremlin Horn"},{"floor":9.0,"key":"Smiling Mask"},{"floor":14.0,"key":"Akabeko"},{"floor":25.0,"key":"The Courier"},{"floor":26.0,"key":"Letter Opener"},{"floor":26.0,"key":"Mummified Hand"},{"floor":28.0,"key":"Shovel"}],"event_choices":[{"damage_healed":0.0,"max_hp_gain":0.0,"max_hp_loss":0.0,"gold_gain":0.0,"event_name":"The Cleric","player_choice":"Leave","floor":4.0,"gold_loss":0.0,"damage_taken":0.0},{"damage_healed":0.0,"max_hp_gain":0.0,"max_hp_loss":0.0,"gold_gain":0.0,"event_name":"Dead Adventurer","player_choice":"Searched \u00272\u0027 times","floor":14.0,"gold_loss":0.0,"damage_taken":0.0},{"damage_healed":0.0,"max_hp_gain":5.0,"max_hp_loss":0.0,"gold_gain":0.0,"event_name":"Forgotten Altar","player_choice":"Shed Blood","floor":20.0,"gold_loss":0.0,"damage_taken":23.0},{"damage_healed":0.0,"max_hp_gain":0.0,"max_hp_loss":0.0,"gold_gain":0.0,"event_name":"The Mausoleum","player_choice":"Opened","floor":24.0,"gold_loss":0.0,"damage_taken":0.0,"relics_obtained":["Old Coin"],"cards_obtained":["Writhe"]},{"damage_healed":0.0,"max_hp_gain":0.0,"max_hp_loss":0.0,"gold_gain":99.0,"event_name":"Nest","player_choice":"Stole From Cult","floor":31.0,"gold_loss":0.0,"damage_taken":0.0},{"damage_healed":0.0,"max_hp_gain":0.0,"max_hp_loss":0.0,"gold_gain":0.0,"event_name":"Winding Halls","player_choice":"Embrace Madness","floor":39.0,"gold_loss":0.0,"damage_taken":12.0,"cards_obtained":["Madness","Madness"]}],"is_beta":false,"boss_relics":[{"not_picked":["Sozu","Runic Dome"],"picked":"Astrolabe"},{"not_picked":["Pandora\u0027s Box","Busted Crown"],"picked":"Cursed Key"}],"items_purged_floors":[36],"is_endless":false,"potions_floor_spawned":[1,7,8,21,29,30,33,35,40],"killed_by":"Spire Growth","ascension_level":0}}