{"host":"gyvm9iplrwbfzexe","time":1614192247,"event":{"mods":["BaseMod","Minty Spire (QoL Compilation)","StSLib"],"gold_per_floor":[118,118,137,137,147,127,154,173,196,226,267,279,301,323,335,448,460,490,163,163,179,179,179,211,211,211,226,240,46,46,46],"floor_reached":30,"language":"ENG","playtime":1497,"items_purged":["Strike_G","Strike_G"],"score":314,"play_id":"b336066a-deac-428d-be58-7fc20431feb5","local_time":"20210224124407","is_ascension_mode":true,"campfire_choices":[{"data":"Infinite Blades","floor":12,"key":"SMITH"},{"floor":15,"key":"REST"},{"data":"Apotheosis","floor":23,"key":"SMITH"},{"data":"After Image","floor":25,"key":"SMITH"}],"circlet_count":0,"master_deck":["Strike_G+1","Strike_G+1","Defend_G","Defend_G","Defend_G","Defend_G","Defend_G","Survivor","Neutralize","Escape Plan","Infinite Blades+1","Blur","Calculated Gamble","After Image+1","Dash","Prepared","Underhanded Strike","Cloak And Dagger","Tools of the Trade","Acrobatics+1","Apotheosis+1","Noxious Fumes","Tactician","Flechettes+1","Necronomicurse","After Image","Crippling Poison+1","Acrobatics+1"],"relics":["Sozu","Boot","MawBank","Strawberry","HoveringKite","Necronomicon","Omamori","Bottled Tornado","Membership Card"],"acts_visited":["Exordium","TheCity"],"potions_floor_usage":[],"damage_taken":[{"damage":0,"enemies":"Jaw Worm","floor":1,"turns":4},{"damage":0,"enemies":"2 Louse","floor":3,"turns":2},{"damage":0,"enemies":"Cultist","floor":5,"turns":5},{"damage":38,"enemies":"Gremlin Nob","floor":7,"turns":6},{"damage":0,"enemies":"Red Slaver","floor":8,"turns":5},{"damage":0,"enemies":"Looter","floor":10,"turns":4},{"damage":1,"enemies":"Lagavulin","floor":11,"turns":8},{"damage":0,"enemies":"2 Fungi Beasts","floor":13,"turns":4},{"damage":12,"enemies":"Gremlin Gang","floor":14,"turns":4},{"damage":14,"enemies":"Hexaghost","floor":16,"turns":15},{"damage":0,"enemies":"Chosen","floor":18,"turns":5},{"damage":13,"enemies":"2 Thieves","floor":21,"turns":5},{"damage":14,"enemies":"Book of Stabbing","floor":24,"turns":5},{"damage":3,"enemies":"Snake Plant","floor":27,"turns":5},{"damage":5,"enemies":"Snecko","floor":28,"turns":5},{"damage":26,"enemies":"Slavers","floor":30,"turns":1}],"seed_played":"-1888237714746834243","potions_obtained":[],"is_trial":false,"path_per_floor":["M","?","M","?","M","?","E","M","T","M","E","R","M","M","R","B",null,"M","$","?","M","?","R","E","R","T","M","M","$","E"],"character_chosen":"THE_SILENT","items_purchased":["Apotheosis","Noxious Fumes","Membership Card"],"campfire_rested":1,"item_purchase_floors":[19,19,29],"current_hp_per_floor":[70,56,56,49,49,49,11,11,11,11,17,17,17,5,28,14,77,77,77,77,64,48,48,34,34,34,31,26,26,0,0],"gold":46,"neow_bonus":"BOSS_RELIC","is_daily":false,"chose_seed":false,"campfire_upgraded":3,"win_rate":0.0,"timestamp":1614192247,"path_taken":["M","?","M","?","M","?","E","?","T","M","E","R","M","M","R","BOSS","M","$","?","M","?","R","E","R","T","M","M","$","E"],"items_purchased_type":["Card","Card","Relic"],"build_version":"2020-12-22","purchased_purges":2,"victory":false,"max_hp_per_floor":[70,70,70,70,70,70,70,70,70,70,77,77,77,77,77,77,77,77,77,77,77,77,77,77,77,77,77,77,77,77,77],"card_choices":[{"not_picked":["Reflex","Dodge and Roll"],"picked":"Escape Plan","floor":1},{"not_picked":["Dagger Throw","Prepared"],"picked":"Infinite Blades","floor":3},{"not_picked":["Catalyst","Poisoned Stab"],"picked":"Blur","floor":5},{"not_picked":["Distraction","Outmaneuver"],"picked":"Calculated Gamble","floor":7},{"not_picked":["Distraction","Outmaneuver"],"picked":"After Image","floor":8},{"not_picked":["Dagger Spray","Dagger Throw"],"picked":"Dash","floor":10},{"not_picked":["Slice","Acrobatics"],"picked":"Prepared","floor":11},{"not_picked":["Outmaneuver","Prepared"],"picked":"Underhanded Strike","floor":13},{"not_picked":["Poisoned Stab","Blur"],"picked":"Cloak And Dagger","floor":14},{"not_picked":["Bullet Time","Phantasmal Killer"],"picked":"Tools of the Trade","floor":16},{"not_picked":["Skewer","Catalyst"],"picked":"Acrobatics+1","floor":18},{"not_picked":["Deflect","Slice+1"],"picked":"Flechettes+1","floor":21},{"not_picked":["Outmaneuver","Crippling Poison"],"picked":"After Image","floor":24},{"not_picked":["Dagger Spray","Setup+1"],"picked":"Crippling Poison+1","floor":27},{"not_picked":["Bane","Expertise"],"picked":"Acrobatics+1","floor":28}],"player_experience":59678,"relics_obtained":[{"floor":7,"key":"Boot"},{"floor":9,"key":"MawBank"},{"floor":11,"key":"Strawberry"},{"floor":22,"key":"Necronomicon"},{"floor":24,"key":"Omamori"},{"floor":26,"key":"Bottled Tornado"}],"event_choices":[{"damage_healed":0,"gold_gain":0,"player_choice":"Entered Light","damage_taken":14,"max_hp_gain":0,"max_hp_loss":0,"event_name":"Shining Light","floor":2,"gold_loss":0,"cards_upgraded":["Strike_G","Strike_G"]},{"cards_removed":["Strike_G"],"damage_healed":0,"gold_gain":0,"player_choice":"Card Removal","damage_taken":7,"max_hp_gain":0,"max_hp_loss":0,"event_name":"Golden Wing","floor":4,"gold_loss":0},{"damage_healed":0,"gold_gain":0,"player_choice":"Bought 1 Potion","damage_taken":0,"max_hp_gain":0,"max_hp_loss":0,"event_name":"The Woman in Blue","floor":6,"gold_loss":0},{"damage_healed":0,"gold_gain":0,"player_choice":"Read","damage_taken":0,"max_hp_gain":0,"max_hp_loss":0,"event_name":"The Library","floor":20,"gold_loss":0,"cards_obtained":["Tactician"]},{"damage_healed":0,"gold_gain":0,"player_choice":"Obtained Book","damage_taken":16,"max_hp_gain":0,"max_hp_loss":0,"event_name":"Cursed Tome","floor":22,"gold_loss":0}],"is_beta":false,"boss_relics":[{"not_picked":["Pandora\u0027s Box","Calling Bell"],"picked":"HoveringKite"}],"items_purged_floors":[19,29],"is_endless":false,"potions_floor_spawned":[1,7,10,13,14,21,24,27],"killed_by":"Slavers","ascension_level":4}}