{"host":"g11d3x3m0pyxfasu","time":1614184288,"event":{"mods":["BaseMod","Block Reminder","Minty Spire (QoL Compilation)","Quick Restart","StSLib","SuperFastMode"],"gold_per_floor":[117,117,135,149,149,180,180,191,216,166,199,199,199,219,219,318,318,337,320,28,43,56,85,61,61,133,0,0,15,30,45,45,45,45],"floor_reached":33,"language":"ENG","playtime":1543,"items_purged":[],"score":404,"play_id":"7903dea9-dbe8-4b5a-8077-25bcbd2261b5","local_time":"20210224173128","is_ascension_mode":false,"campfire_choices":[{"data":"Metallicize","floor":7.0,"key":"SMITH"},{"floor":15,"key":"REST"},{"floor":28,"key":"REST"},{"data":"Pommel Strike","floor":32,"key":"SMITH"}],"circlet_count":0,"master_deck":["Defend_R","Defend_R","Defend_R","Bash","Metallicize+1","Anger","Flex","Iron Wave","Dual Wield+1","Shrug It Off","Seeing Red","Metallicize+1","Iron Wave","Pommel Strike","Bite","Bite","Bite","Bite","Bite","Shrug It Off","Pommel Strike+1"],"relics":["Burning Blood","Omamori","Ancient Tea Set","Bag of Marbles","Tiny Chest","Philosopher\u0027s Stone","DollysMirror","PreservedInsect","Eternal Feather","Bottled Flame"],"acts_visited":["Exordium","TheCity"],"potions_floor_usage":[16,19,19,23],"damage_taken":[{"damage":0.0,"enemies":"2 Louse","floor":1.0,"turns":4.0},{"damage":1.0,"enemies":"Cultist","floor":3.0,"turns":4.0},{"damage":0.0,"enemies":"Jaw Worm","floor":4.0,"turns":3.0},{"damage":44.0,"enemies":"Gremlin Nob","floor":6.0,"turns":6.0},{"damage":3.0,"enemies":"Large Slime","floor":8.0,"turns":7.0},{"damage":16,"enemies":"Lagavulin","floor":11,"turns":7},{"damage":13,"enemies":"Exordium Thugs","floor":14,"turns":5},{"damage":35,"enemies":"Slime Boss","floor":16,"turns":15},{"damage":29,"enemies":"Shell Parasite","floor":18,"turns":5},{"damage":23,"enemies":"2 Thieves","floor":19,"turns":4},{"damage":20,"enemies":"Shelled Parasite and Fungi","floor":21,"turns":9},{"damage":13,"enemies":"Snecko","floor":22,"turns":14},{"damage":10,"enemies":"Book of Stabbing","floor":23,"turns":7},{"damage":24,"enemies":"3 Cultists","floor":29,"turns":8},{"damage":46,"enemies":"Shelled Parasite and Fungi","floor":30,"turns":8},{"damage":29,"enemies":"Snecko","floor":31,"turns":7},{"damage":65,"enemies":"Collector","floor":33,"turns":8}],"seed_played":"4647482224745327612","potions_obtained":[{"floor":3.0,"key":"Explosive Potion"},{"floor":4.0,"key":"Weak Potion"},{"floor":11,"key":"SteroidPotion"},{"floor":19,"key":"SkillPotion"},{"floor":23,"key":"BlessingOfTheForge"},{"floor":29,"key":"ColorlessPotion"},{"floor":30,"key":"Fire Potion"}],"is_trial":true,"path_per_floor":["M","?","M","M","$","E","R","M","T","?","E","T","?","M","R","B",null,"M","M","$","M","M","E","$","?","T","?","R","M","M","M","R","B"],"character_chosen":"IRONCLAD","items_purchased":["DollysMirror","PreservedInsect","Pommel Strike"],"campfire_rested":2,"item_purchase_floors":[20,20,24],"current_hp_per_floor":[80,80,80,80,80,42,42,45,45,45,35,35,35,28,52,23,80,57,40,40,26,19,15,15,15,15,15,40,44,32,21,33,0,0],"gold":45,"neow_bonus":"","is_daily":false,"chose_seed":false,"campfire_upgraded":2,"win_rate":0.0,"timestamp":1614184288,"path_taken":["M","?","M","M","?","E","R","M","T","?","E","?","?","M","R","BOSS","M","M","$","M","M","E","$","?","T","?","R","M","M","M","R","BOSS"],"items_purchased_type":["Relic","Relic","Card"],"build_version":"2020-12-22","purchased_purges":0,"victory":false,"max_hp_per_floor":[80,80,80,80,80,80,80,80,80,80,80,80,80,80,80,80,80,80,80,80,80,80,80,80,56,56,56,56,56,56,56,56,56,56],"card_choices":[{"not_picked":["Warcry","Wild Strike"],"picked":"Metallicize","floor":1.0},{"not_picked":["Clothesline","Seeing Red"],"picked":"Flex","floor":3.0},{"not_picked":["Sword Boomerang","Clothesline","Anger"],"picked":"SKIP","floor":4.0},{"not_picked":["Disarm","Twin Strike"],"picked":"Iron Wave","floor":6.0},{"not_picked":["Anger","Reckless Charge"],"picked":"Dual Wield","floor":8.0},{"not_picked":["Warcry","Searing Blow"],"picked":"Shrug It Off","floor":11},{"not_picked":["Sever Soul","Shockwave","Perfected Strike"],"picked":"SKIP","floor":14},{"not_picked":["Armaments","Heavy Blade"],"picked":"Seeing Red","floor":18},{"not_picked":["Bloodletting+1","Clothesline","Iron Wave"],"picked":"SKIP","floor":19},{"not_picked":["Blood for Blood","Disarm","Wild Strike"],"picked":"SKIP","floor":21},{"not_picked":["Ghostly Armor","Bloodletting"],"picked":"Iron Wave","floor":22},{"not_picked":["Perfected Strike","Clothesline","Havoc"],"picked":"SKIP","floor":23},{"not_picked":["Headbutt+1","Fiend Fire","Thunderclap"],"picked":"SKIP","floor":29},{"not_picked":["Seeing Red","Carnage"],"picked":"Shrug It Off","floor":30},{"not_picked":["Disarm","Pummel"],"picked":"Pommel Strike","floor":31}],"player_experience":2549,"relics_obtained":[{"floor":6.0,"key":"Omamori"},{"floor":9.0,"key":"Ancient Tea Set"},{"floor":11,"key":"Bag of Marbles"},{"floor":12,"key":"Tiny Chest"},{"floor":23,"key":"Eternal Feather"},{"floor":26,"key":"Bottled Flame"}],"event_choices":[{"damage_healed":0.0,"max_hp_gain":0.0,"max_hp_loss":0.0,"gold_gain":0.0,"cards_transformed":["Strike_R"],"event_name":"Transmorgrifier","player_choice":"Transformed","floor":2.0,"gold_loss":0.0,"damage_taken":0.0,"cards_obtained":["Anger"]},{"cards_removed":["Defend_R"],"damage_healed":0.0,"max_hp_gain":0.0,"max_hp_loss":0.0,"gold_gain":0.0,"event_name":"The Cleric","player_choice":"Card Removal","floor":10.0,"gold_loss":50.0,"damage_taken":0.0},{"damage_healed":0,"gold_gain":0,"player_choice":"Upgraded","damage_taken":0,"max_hp_gain":0,"max_hp_loss":0,"event_name":"Upgrade Shrine","floor":13,"gold_loss":0,"cards_upgraded":["Dual Wield"]},{"damage_healed":0,"gold_gain":0,"player_choice":"Became a vampire","damage_taken":0,"max_hp_gain":0,"max_hp_loss":24,"event_name":"Vampires","floor":25,"gold_loss":0,"cards_obtained":["Bite","Bite","Bite","Bite","Bite"]},{"damage_healed":0,"gold_gain":0,"player_choice":"Paid Fearfully","damage_taken":0,"max_hp_gain":0,"max_hp_loss":0,"event_name":"Masked Bandits","floor":27,"gold_loss":133}],"is_beta":false,"boss_relics":[{"not_picked":["Ectoplasm","Velvet Choker"],"picked":"Philosopher\u0027s Stone"}],"items_purged_floors":[],"is_endless":true,"potions_floor_spawned":[3,4,11,19,23,29,30],"killed_by":"Collector","ascension_level":0}}