{"host":"rolltorest","time":1614138680,"event":{"mods":["BaseMod","Minty Spire (QoL Compilation)","Relic Stats","Slay the Relics Exporter","StSLib"],"gold_per_floor":[109,124,124,274,274,315,336,336,336],"floor_reached":8,"language":"ENG","playtime":134,"items_purged":[],"score":162,"play_id":"c6ec1825-7a32-46f8-98df-5ba13fafcfd8","local_time":"20210223195120","is_ascension_mode":true,"campfire_choices":[],"circlet_count":0,"master_deck":["AscendersBane","Strike_G","Strike_G","Strike_G","Strike_G","Strike_G","Defend_G","Defend_G","Defend_G","Defend_G","Defend_G","Survivor","Neutralize","Poisoned Stab","Doubt","Leg Sweep","Dagger Spray"],"relics":["Ring of the Snake","NeowsBlessing","Golden Idol","Pear","Incense Burner"],"acts_visited":["Exordium"],"potions_floor_usage":[],"damage_taken":[{"damage":0,"enemies":"Cultist","floor":1,"turns":1},{"damage":0,"enemies":"Jaw Worm","floor":2,"turns":1},{"damage":0,"enemies":"Gremlin Nob","floor":6,"turns":1},{"damage":0,"enemies":"2 Louse","floor":7,"turns":3},{"damage":23,"enemies":"Lagavulin","floor":8,"turns":8}],"seed_played":"5946364391352385409","potions_obtained":[{"floor":6,"key":"DuplicationPotion"}],"is_trial":false,"path_per_floor":["M","M","?","?","T","E","M","E"],"character_chosen":"THE_SILENT","items_purchased":[],"campfire_rested":0,"item_purchase_floors":[],"current_hp_per_floor":[59,59,59,59,69,69,69,46,46],"gold":336,"neow_bonus":"THREE_ENEMY_KILL","is_daily":false,"chose_seed":false,"campfire_upgraded":0,"win_rate":0.0,"timestamp":1614138680,"path_taken":["M","?","?","?","?","E","M","E"],"items_purchased_type":[],"build_version":"2020-12-18","purchased_purges":0,"victory":false,"max_hp_per_floor":[66,66,60,60,70,70,70,70,70],"relic_stats":{"counters":[5,14],"Golden Idol":12,"obtain_stats":[{"Pear":5,"NeowsBlessing":0,"Golden Idol":3,"Incense Burner":6,"Ring of the Snake":0},{"Pear":2,"NeowsBlessing":0,"Golden Idol":2,"Incense Burner":3,"Ring of the Snake":0},{"Pear":2,"NeowsBlessing":0,"Golden Idol":2,"Incense Burner":3,"Ring of the Snake":0}],"Ring of the Snake":[10]},"card_choices":[{"not_picked":["Prepared","Footwork"],"picked":"Poisoned Stab","floor":1},{"not_picked":["Tactician","Expertise","Backflip"],"picked":"SKIP","floor":2},{"not_picked":["Dagger Spray","Prepared"],"picked":"Leg Sweep","floor":6},{"not_picked":["Choke","Poisoned Stab"],"picked":"Dagger Spray","floor":7}],"player_experience":2029083,"relics_obtained":[{"floor":5,"key":"Pear"},{"floor":6,"key":"Incense Burner"}],"event_choices":[{"damage_healed":0,"gold_gain":0,"player_choice":"Lose Max HP","damage_taken":0,"relics_obtained":["Golden Idol"],"max_hp_gain":0,"max_hp_loss":6,"event_name":"Golden Idol","floor":3,"gold_loss":0},{"damage_healed":0,"gold_gain":150,"player_choice":"AGREE","damage_taken":0,"max_hp_gain":0,"max_hp_loss":0,"event_name":"Liars Game","floor":4,"gold_loss":0,"cards_obtained":["Doubt"]}],"is_beta":true,"boss_relics":[],"items_purged_floors":[],"is_endless":false,"potions_floor_spawned":[6],"killed_by":"Lagavulin","ascension_level":20}}