{"host":"cvi30shpqg1ukvbr","time":1614168205,"event":{"mods":["Act Like it!","BaseMod","Better Altar","Better Match","Better Note","Better Sensory Stone","Better Skull","Better Third Choice","Conspire","GifTheSpireLib","Hubris","Infinite Spire","Minty Spire (QoL Compilation)","Relic Stats","Replay The Spire","Shop Mod","Spicy Shops","StSLib","Stuff the Spire"],"gold_per_floor":[110,128,139,139,159,191,191,209,209,243,243,263,293,306,306,405,405,423,15,15,15,32,32,59,59,105,105,122,148,148,165,165,269,269,287,299,299,153,153,178,178,212,212,240,252,252,252,263,263,263,263,263,18,47,47],"floor_reached":56,"language":"ENG","playtime":2086,"items_purged":["Strike_G","Sickly"],"score":1401,"play_id":"9d36478a-df2a-46ff-9e1b-ae8268b92a4a","local_time":"20210224210325","is_ascension_mode":true,"campfire_choices":[{"data":"StuffTheSpire:Incantation","floor":7,"key":"SMITH"},{"floor":15,"key":"REST"},{"data":"infinitespire:Neurotoxin","floor":23,"key":"SMITH"},{"floor":25,"key":"REST"},{"floor":30,"key":"REST"},{"floor":32,"key":"REST"},{"data":"Terror","floor":41,"key":"SMITH"},{"floor":46,"key":"RECALL"},{"floor":49,"key":"REST"},{"data":"Neutralize","floor":52,"key":"SMITH"}],"circlet_count":0,"master_deck":["Strike_G+1","Strike_G+1","Strike_G+1","Defend_G","Defend_G","Defend_G","Defend_G","Defend_G","Survivor","Neutralize+1","Hidden Blade","conspire:PoisonWeapons","Dagger Spray","Dagger Spray","Deadly Poison","conspire:DoublingDagger","PiercingWail","Terror+1","Deadly Poison","Corpse Explosion","CurseOfTheBell","Predator","Dash","infinitespire:Neurotoxin+1","Reaper","Tools of the Trade+1","Dash","Backflip+1","Poison Darts","Poison Darts","Concentrate","Writhe","hubris:InfiniteBlow+600","hubris:InfiniteBlow+600","Deadly Poison+1","Prepared+1","StuffTheSpire:ReptileScales+1","After Image+1","Crippling Poison+1"],"relics":["hubris:ScarierMask","Replay:Bottled Steam","Gremlin Horn","Centennial Puzzle","Replay:Grab Bag","StuffTheSpire:RunicConfusion","conspire:RoyalGoblet","Calling Bell","infinitespire:Lucky Rock","Durian","hubris:DisguiseKit","infinitespire:ShieldingShard","Nloth\u0027s Gift","hubris:ToyBattleship","Simple Rune","Ancient Tea Set","StuffTheSpire:Kangaroo","DollysMirror","hubris:TenFootPole","Anchor","hubris:CrystalStatue","ClockworkSouvenir","ReplayTheSpireMod:Ninjato"],"acts_visited":["Exordium","TheCity","TheBeyond","TheEnding"],"potions_floor_usage":[10,16,16,33,40,50,55],"damage_taken":[{"damage":3,"enemies":"Jaw Worm","floor":1,"turns":5},{"damage":0,"enemies":"2 Louse","floor":2,"turns":1},{"damage":0,"enemies":"Cultist","floor":3,"turns":3},{"damage":7,"enemies":"Looter","floor":5,"turns":3},{"damage":9,"enemies":"3 Sentries","floor":6,"turns":6},{"damage":0,"enemies":"3 Louse","floor":8,"turns":3},{"damage":15,"enemies":"Lagavulin","floor":10,"turns":7},{"damage":4,"enemies":"Red Slaver","floor":12,"turns":2},{"damage":14,"enemies":"3 Sentries","floor":13,"turns":5},{"damage":1,"enemies":"Exordium Wildlife","floor":14,"turns":3},{"damage":34,"enemies":"Slime Boss","floor":16,"turns":13},{"damage":5,"enemies":"2 Thieves","floor":18,"turns":3},{"damage":23,"enemies":"Shell Parasite","floor":22,"turns":7},{"damage":37,"enemies":"conspire:SneckoGhost","floor":24,"turns":7},{"damage":19,"enemies":"Snake Plant","floor":28,"turns":5},{"damage":15,"enemies":"Centurion and Healer","floor":31,"turns":4},{"damage":48,"enemies":"hubris:MusketHawk","floor":33,"turns":9},{"damage":10,"enemies":"3 Darklings","floor":35,"turns":3},{"damage":2,"enemies":"3 Shapes","floor":36,"turns":3},{"damage":11,"enemies":"Reptomancer","floor":40,"turns":4},{"damage":0,"enemies":"Giant Head","floor":42,"turns":5},{"damage":6,"enemies":"R_Hoarder","floor":44,"turns":3},{"damage":15,"enemies":"Jaw Worm Horde","floor":45,"turns":3},{"damage":0,"enemies":"Sphere and 2 Shapes","floor":48,"turns":3},{"damage":41,"enemies":"Awakened One","floor":50,"turns":7},{"damage":0,"enemies":"Shield and Spear","floor":54,"turns":2},{"damage":38,"enemies":"The Heart","floor":55,"turns":6}],"seed_played":"-2093146722866145028","potions_obtained":[{"floor":1,"key":"Energy Potion"},{"floor":2,"key":"BlessingOfTheForge"},{"floor":5,"key":"BlessingOfTheForge"},{"floor":6,"key":"LifebloodPotion"},{"floor":13,"key":"Fire Potion"},{"floor":16,"key":"Energy Potion"},{"floor":18,"key":"Fire Potion"},{"floor":36,"key":"AttackPotion"},{"floor":42,"key":"LiquidMemories"},{"floor":45,"key":"Poison Potion"}],"is_trial":false,"path_per_floor":["M","M","M","?","M","E","R","M","T","E","?","M","E","M","R","B",null,"M","$","?","?","M","R","E","R","T","?","M","T","R","M","R","B",null,"M","M","?","$","?","E","R","E","T","E","M","R","?","M","R","B",null,"R","$","E","B",null],"character_chosen":"THE_SILENT","items_purchased":["infinitespire:ShieldingShard","Dash","DollysMirror","ClockworkSouvenir"],"campfire_rested":5,"item_purchase_floors":[19,19,38,53],"current_hp_per_floor":[67,67,67,67,60,51,51,51,51,36,36,32,18,17,38,4,75,70,70,70,75,52,52,15,37,37,37,19,19,41,32,54,6,75,65,63,63,63,63,64,64,64,64,58,43,43,43,43,65,24,75,75,75,75,37],"gold":47,"neow_bonus":"BOSS_RELIC","is_daily":false,"chose_seed":false,"campfire_upgraded":4,"win_rate":0.0,"timestamp":1614168205,"path_taken":["M","M","M","?","M","E","R","M","T","E","?","M","E","M","R","BOSS","M","$","?","?","?","R","E","R","T","?","?","?","R","M","R","BOSS","M","M","?","$","?","E","R","E","T","E","M","R","?","?","R","BOSS","R","$","E","BOSS"],"items_purchased_type":["Relic","Card","Relic","Relic"],"build_version":"2020-12-22","purchased_purges":2,"victory":true,"max_hp_per_floor":[70,70,70,70,70,70,70,70,70,70,70,70,70,70,70,70,75,75,75,75,75,75,75,75,75,75,75,75,75,75,75,75,75,75,75,75,75,75,75,75,75,75,75,75,75,75,75,75,75,75,75,75,75,75,75],"relic_stats":{"Centennial Puzzle":[45],"Gremlin Horn":[12,12],"counters":[27,125],"Nloth\u0027s Gift":11,"obtain_stats":[{"hubris:CrystalStatue":44,"Gremlin Horn":10,"conspire:RoyalGoblet":17,"Ancient Tea Set":29,"ClockworkSouvenir":53,"StuffTheSpire:RunicConfusion":17,"Centennial Puzzle":13,"infinitespire:ShieldingShard":19,"DollysMirror":38,"hubris:ScarierMask":0,"Ring of the Snake":0,"Replay:Bottled Steam":9,"hubris:DisguiseKit":17,"ReplayTheSpireMod:Ninjato":54,"Replay:Grab Bag":17,"StuffTheSpire:Wildfire":6,"infinitespire:Lucky Rock":17,"Calling Bell":17,"Anchor":42,"Simple Rune":26,"Durian":17,"Nloth\u0027s Gift":20,"hubris:ToyBattleship":24,"StuffTheSpire:Kangaroo":34,"hubris:TenFootPole":40},{"hubris:CrystalStatue":22,"Gremlin Horn":7,"conspire:RoyalGoblet":11,"Ancient Tea Set":15,"ClockworkSouvenir":25,"StuffTheSpire:RunicConfusion":11,"Centennial Puzzle":9,"infinitespire:ShieldingShard":12,"DollysMirror":19,"hubris:ScarierMask":0,"Ring of the Snake":0,"Replay:Bottled Steam":6,"hubris:DisguiseKit":11,"ReplayTheSpireMod:Ninjato":26,"Replay:Grab Bag":11,"StuffTheSpire:Wildfire":5,"infinitespire:Lucky Rock":11,"Calling Bell":11,"Anchor":21,"Simple Rune":14,"Durian":11,"Nloth\u0027s Gift":12,"hubris:ToyBattleship":14,"StuffTheSpire:Kangaroo":17,"hubris:TenFootPole":20},{"hubris:CrystalStatue":104,"Gremlin Horn":28,"conspire:RoyalGoblet":51,"Ancient Tea Set":73,"ClockworkSouvenir":117,"StuffTheSpire:RunicConfusion":51,"Centennial Puzzle":35,"infinitespire:ShieldingShard":54,"DollysMirror":92,"hubris:ScarierMask":0,"Ring of the Snake":0,"Replay:Bottled Steam":21,"hubris:DisguiseKit":51,"ReplayTheSpireMod:Ninjato":119,"Replay:Grab Bag":51,"StuffTheSpire:Wildfire":18,"infinitespire:Lucky Rock":51,"Calling Bell":51,"Anchor":101,"Simple Rune":68,"Durian":51,"Nloth\u0027s Gift":54,"hubris:ToyBattleship":68,"StuffTheSpire:Kangaroo":86,"hubris:TenFootPole":96}]},"card_choices":[{"not_picked":["ReplayTheSpireMod:Scrap Shanks","ReplayTheSpireMod:Exploit Weakness"],"picked":"Hidden Blade","floor":1},{"not_picked":["Dodge and Roll","StuffTheSpire:Incursion"],"picked":"conspire:PoisonWeapons","floor":2},{"not_picked":["Flying Knee","Deflect"],"picked":"Dagger Spray","floor":3},{"not_picked":["Caltrops","Blade Dance"],"picked":"Dagger Spray","floor":5},{"not_picked":["StuffTheSpire:FinalStruggle","StuffTheSpire:MirrorStance"],"picked":"StuffTheSpire:Incantation","floor":6},{"not_picked":["StuffTheSpire:Fury","Distraction"],"picked":"Deadly Poison","floor":8},{"not_picked":["Prepared","Hidden Blade"],"picked":"conspire:DoublingDagger","floor":10},{"not_picked":["Prepared","StuffTheSpire:Incursion"],"picked":"PiercingWail","floor":12},{"not_picked":["Hidden Blade","hubris:TrickCloak"],"picked":"Terror","floor":13},{"not_picked":["conspire:PoisonWeapons","ReplayTheSpireMod:Exploit Weakness"],"picked":"Deadly Poison","floor":14},{"not_picked":["ReplayTheSpireMod:From All Sides","StuffTheSpire:FinalStruggle"],"picked":"Corpse Explosion","floor":16},{"not_picked":["ReplayTheSpireMod:Exploit Weakness","Prepared","Infernal Blade"],"picked":"Predator","floor":18},{"not_picked":["hubris:SlightOfHand","Reflex+1","Shrug It Off"],"picked":"infinitespire:Neurotoxin","floor":22},{"not_picked":["Grand Finale","ReplayTheSpireMod:Scrap Shanks+1","Burst"],"picked":"Reaper","floor":24},{"not_picked":["Skewer","hubris:SlightOfHand","hubris:SharpeningStone"],"picked":"Dash","floor":28},{"not_picked":["Burst","Fluid Movement","Pommel Strike"],"picked":"Backflip+1","floor":31},{"not_picked":["Malaise","Wraith Form v2","Double Tap"],"picked":"Poison Darts","floor":33},{"not_picked":["StuffTheSpire:ClusterCrunch+1","Heel Hook","Shockwave"],"picked":"Poison Darts","floor":35},{"not_picked":["Sucker Punch+1","Slice","Rampage"],"picked":"Concentrate","floor":36},{"not_picked":["infinitespire:Menacing","ReplayTheSpireMod:??????????????????????"],"picked":"hubris:InfiniteBlow+600","floor":37},{"not_picked":["hubris:Sniper+1","StuffTheSpire:MirrorStance+1","Eclipse"],"picked":"Deadly Poison+1","floor":40},{"not_picked":["ReplayTheSpireMod:Exploit Weakness","Backflip","Second Wind"],"picked":"Prepared+1","floor":42},{"not_picked":["Wraith Form v2","Acrobatics+1","Rupture"],"picked":"StuffTheSpire:ReptileScales+1","floor":44},{"not_picked":["Caltrops","Cloak And Dagger+1","Rage"],"picked":"After Image","floor":45},{"not_picked":["PiercingWail","Dodge and Roll+1","Quick Slash+1","Wild Strike"],"picked":"SKIP","floor":48},{"not_picked":["StuffTheSpire:Shiver+1","ReplayTheSpireMod:The Works+1","Uppercut"],"picked":"Crippling Poison+1","floor":54}],"player_experience":1862605,"relics_obtained":[{"floor":6,"key":"StuffTheSpire:Wildfire"},{"floor":9,"key":"Replay:Bottled Steam"},{"floor":10,"key":"Gremlin Horn"},{"floor":13,"key":"Centennial Puzzle"},{"floor":17,"key":"infinitespire:Lucky Rock"},{"floor":17,"key":"Durian"},{"floor":17,"key":"hubris:DisguiseKit"},{"floor":24,"key":"hubris:ToyBattleship"},{"floor":26,"key":"Simple Rune"},{"floor":29,"key":"Ancient Tea Set"},{"floor":40,"key":"hubris:TenFootPole"},{"floor":42,"key":"Anchor"},{"floor":44,"key":"hubris:CrystalStatue"},{"floor":54,"key":"ReplayTheSpireMod:Ninjato"}],"event_choices":[{"damage_healed":0,"gold_gain":0,"player_choice":"Traded Relic","damage_taken":0,"relics_obtained":["Nloth\u0027s Gift"],"max_hp_gain":0,"max_hp_loss":0,"event_name":"N\u0027loth","floor":20,"relics_lost":["StuffTheSpire:Wildfire"],"gold_loss":0},{"cards_removed":["StuffTheSpire:Incantation"],"damage_healed":5,"gold_gain":0,"player_choice":"Offered Uncommon","damage_taken":0,"max_hp_gain":0,"max_hp_loss":0,"event_name":"Bonfire Elementals","floor":21,"gold_loss":0},{"damage_healed":0,"gold_gain":0,"cards_transformed":["Strike_G"],"player_choice":"Transformed","damage_taken":0,"max_hp_gain":0,"max_hp_loss":0,"event_name":"Transmorgrifier","floor":27,"gold_loss":0,"cards_obtained":["Tools of the Trade"]},{"damage_healed":0,"gold_gain":0,"player_choice":"Forge","damage_taken":0,"max_hp_gain":0,"max_hp_loss":0,"event_name":"Accursed Blacksmith","floor":47,"gold_loss":0,"cards_upgraded":["After Image"]}],"is_beta":false,"boss_relics":[{"not_picked":["Sozu","Empty Cage"],"picked":"Replay:Grab Bag"},{"not_picked":["Philosopher\u0027s Stone","Fusion Hammer"],"picked":"StuffTheSpire:RunicConfusion"},{"not_picked":["Velvet Choker","StuffTheSpire:ModemDavis"],"picked":"conspire:RoyalGoblet"},{"not_picked":["Pandora\u0027s Box","Black Star"],"picked":"Calling Bell"},{"not_picked":["ReplayTheSpireMod:SealedPack","Tiny House"],"picked":"StuffTheSpire:Kangaroo"}],"items_purged_floors":[19,53],"is_endless":false,"potions_floor_spawned":[1,2,5,6,13,16,18,31,36,42,45],"ascension_level":1}}