{"host":"f76wcztdlwlduum6","time":1614126307,"event":{"mods":["AchievementEnabler","BaseMod","BetterRewards","Colored Powertips","Minty Spire (QoL Compilation)","Quick Restart","Rare Cards Sparkle","Relic Stats","StSLib","SuperFastMode","everything is the same but u backflip on backflip"],"gold_per_floor":[116,131,131,143,156,188,188,203,203,203,203,32,70,91,91,182,182,203,221,221,235,235,271,271,307,331,352,277,70,104,104,104,195,195,210,44,44,63,122,122,156,156,201,181,181,220,244,30,30,30,30,30,30,15,54,54,54],"floor_reached":56,"language":"ENG","playtime":3599,"items_purged":["Strike_R","Defend_R","Strike_R","Strike_R+1","Choke+1","Defend_R+1"],"score":2417,"play_id":"f2eeba97-30b0-487e-bbdc-c7d62345ccb5","local_time":"20210223182507","is_ascension_mode":true,"campfire_choices":[{"data":"Feel No Pain","floor":7,"key":"SMITH"},{"data":"Metallicize","floor":15,"key":"SMITH"},{"data":"Metallicize","floor":24,"key":"SMITH"},{"data":"After Image","floor":32,"key":"SMITH"},{"data":"1","floor":40,"key":"LIFT"},{"data":"2","floor":42,"key":"LIFT"},{"data":"3","floor":45,"key":"LIFT"},{"floor":49,"key":"RECALL"},{"floor":53,"key":"REST"}],"circlet_count":0,"master_deck":["AscendersBane","Bash+1","Feel No Pain+1","Uppercut+1","Blade Dance+1","Cloak And Dagger+1","Blade Dance+1","Metallicize+1","Metallicize+1","Feel No Pain+1","Secret Technique+1","Leap+1","Blade Dance+1","Warcry+1","Deep Breath+1","True Grit+1","Burst+1","Terror+1","Iron Wave+1","Dual Wield+1","Evaluate+1","After Image","After Image"],"relics":["Philosopher\u0027s Stone","PrismaticShard","Thread and Needle","Toxic Egg 2","Dream Catcher","Gremlin Horn","Golden Idol","Omamori","Ginger","SlaversCollar","Molten Egg 2","Champion Belt","Smiling Mask","Medical Kit","Bag of Preparation","MutagenicStrength","Calling Bell","Potion Belt","Pantograph","Ice Cream","Vajra","Girya","Lantern","Question Card","OrangePellets","InkBottle"],"acts_visited":["Exordium","TheCity","TheBeyond","TheEnding"],"potions_floor_usage":[18,25,25,44,44,44,50],"damage_taken":[{"damage":0,"enemies":"Jaw Worm","floor":1,"turns":1},{"damage":0,"enemies":"2 Louse","floor":2,"turns":2},{"damage":0,"enemies":"Small Slimes","floor":4,"turns":2},{"damage":0,"enemies":"Blue Slaver","floor":5,"turns":2},{"damage":0,"enemies":"3 Sentries","floor":6,"turns":6},{"damage":0,"enemies":"3 Louse","floor":8,"turns":2},{"damage":0,"enemies":"Lagavulin","floor":13,"turns":5},{"damage":0,"enemies":"Large Slime","floor":14,"turns":3},{"damage":2,"enemies":"Slime Boss","floor":16,"turns":5},{"damage":4,"enemies":"3 Byrds","floor":18,"turns":5},{"damage":17,"enemies":"2 Thieves","floor":19,"turns":4},{"damage":15,"enemies":"3 Cultists","floor":21,"turns":5},{"damage":9,"enemies":"Book of Stabbing","floor":23,"turns":3},{"damage":0,"enemies":"Gremlin Leader","floor":25,"turns":4},{"damage":0,"enemies":"Shelled Parasite and Fungi","floor":27,"turns":4},{"damage":29,"enemies":"Slavers","floor":30,"turns":4},{"damage":10,"enemies":"Champ","floor":33,"turns":7},{"damage":0,"enemies":"3 Shapes","floor":35,"turns":3},{"damage":0,"enemies":"Orb Walker","floor":38,"turns":2},{"damage":26,"enemies":"2 Orb Walkers","floor":39,"turns":5},{"damage":0,"enemies":"Reptomancer","floor":41,"turns":3},{"damage":0,"enemies":"Nemesis","floor":46,"turns":3},{"damage":6,"enemies":"4 Shapes","floor":47,"turns":1},{"damage":0,"enemies":"Awakened One","floor":50,"turns":9},{"damage":55,"enemies":"Time Eater","floor":51,"turns":12},{"damage":8,"enemies":"Shield and Spear","floor":55,"turns":6},{"damage":69,"enemies":"The Heart","floor":56,"turns":17}],"seed_played":"-7452852868333210932","potions_obtained":[{"floor":4,"key":"HeartOfIron"},{"floor":5,"key":"DuplicationPotion"},{"floor":18,"key":"DuplicationPotion"},{"floor":25,"key":"SteroidPotion"},{"floor":38,"key":"BloodPotion"},{"floor":41,"key":"BloodPotion"},{"floor":44,"key":"BloodPotion"},{"floor":46,"key":"Weak Potion"},{"floor":47,"key":"Ancient Potion"}],"is_trial":false,"path_per_floor":["M","M","?","M","M","E","R","M","T","?","?","$","E","M","R","B",null,"M","M","?","M","?","E","R","E","T","M","?","$","E","?","R","B",null,"M","$","?","M","?","R","E","R","T","?","R","E","M","$","R","B","B",null,"R","$","E","B"],"character_chosen":"IRONCLAD","items_purchased":["Feel No Pain","PrismaticShard","Thread and Needle","Uppercut","DollysMirror","Metallicize","Metallicize","Omamori","Medical Kit","Vajra","OrangePellets","EntropicBrew","PowerPotion"],"campfire_rested":1,"item_purchase_floors":[0,0,0,0,0,0,0,12,29,36,48,54,54],"current_hp_per_floor":[68,68,73,73,73,73,73,73,73,73,72,72,72,72,72,70,72,68,51,51,36,36,27,27,27,27,27,27,27,38,38,38,28,61,61,61,61,61,35,35,35,35,35,68,68,68,62,62,62,68,13,54,68,68,60,0,0],"gold":54,"neow_bonus":"","is_daily":false,"chose_seed":false,"campfire_upgraded":4,"win_rate":0.0,"timestamp":1614126307,"path_taken":["M","M","?","M","M","E","R","M","T","?","?","$","E","M","R","BOSS","M","M","?","M","?","E","R","E","T","M","?","?","E","?","R","BOSS","M","$","?","M","?","R","E","R","T","?","R","E","M","$","R","BOSS","BOSS","R","$","E","BOSS"],"items_purchased_type":["Card","Relic","Relic","Card","Relic","Card","Card","Relic","Relic","Relic","Relic","Potion","Potion"],"build_version":"2020-12-22","purchased_purges":6,"victory":false,"max_hp_per_floor":[75,75,80,80,80,80,80,80,80,80,72,72,72,72,72,72,72,72,72,72,72,72,72,72,72,72,72,72,72,72,72,72,72,72,72,72,68,68,68,68,68,68,68,68,68,68,68,68,68,68,68,68,68,68,68,68,68],"relic_stats":{"Gremlin Horn":[26,26],"counters":[118,402],"Golden Idol":169,"Bag of Preparation":[160],"Ginger":[8],"Smiling Mask":375,"Medical Kit":[35],"Question Card":57,"OrangePellets":[11],"Dream Catcher":1,"Pantograph":14,"Champion Belt":[42],"obtain_stats":[{"Ice Cream":44,"Calipers":4,"Gremlin Horn":9,"CeramicFish":39,"Vajra":7,"Whetstone":30,"Ginger":13,"Bottled Tornado":12,"Boot":39,"Blood Vial":53,"Sozu":17,"Centennial Puzzle":55,"HornCleat":0,"Sundial":26,"DollysMirror":0,"Strawberry":53,"Philosopher\u0027s Stone":34,"MealTicket":42,"Prayer Wheel":0,"Necronomicon":20,"Kunai":30,"Toxic Egg 2":0,"Girya":39,"Pear":0,"Happy Flower":39,"Astrolabe":34,"Blue Candle":54,"Oddly Smooth Stone":22,"Pen Nib":39,"War Paint":0,"Question Card":40,"Akabeko":27,"Du-Vu Doll":25,"OrangePellets":0,"SlaversCollar":17,"Bottled Flame":43,"Shuriken":46,"Bird Faced Urn":39,"Bronze Scales":43,"MutagenicStrength":31,"Molten Egg 2":0,"Pandora\u0027s Box":0,"StrikeDummy":39,"Unceasing Top":31,"Pocketwatch":39,"Lantern":0,"Torii":39,"StoneCalendar":39,"Bag of Preparation":0,"Juzu Bracelet":0,"Incense Burner":22,"TeardropLocket":0,"Empty Cage":17,"Ancient Tea Set":42,"PrismaticShard":0,"Smiling Mask":26,"Nunchaku":39,"Dream Catcher":6,"Shovel":39,"TheAbacus":0,"Matryoshka":28,"Mummified Hand":42,"Pantograph":34,"Toolbox":53,"Red Mask":19,"InkBottle":22,"Potion Belt":13,"Lee\u0027s Waffle":14,"Golden Idol":11,"Damaru":40,"Thread and Needle":28,"PreservedInsect":23,"The Courier":38,"Omamori":3,"Odd Mushroom":11,"Orichalcum":0,"Frozen Egg 2":6,"Medical Kit":39,"Calling Bell":34,"Anchor":6,"Ornamental Fan":23,"Coffee Dripper":17,"Bag of Marbles":48,"Art of War":26,"Membership Card":0,"Bottled Lightning":11,"Champion Belt":25,"PureWater":0,"FossilizedHelix":39,"Toy Ornithopter":54},{"Ice Cream":20,"Calipers":2,"Gremlin Horn":97,"CeramicFish":16,"Vajra":60,"Whetstone":41,"Ginger":98,"Bottled Tornado":4,"Boot":16,"Blood Vial":23,"Sozu":66,"Centennial Puzzle":90,"HornCleat":25,"Sundial":12,"DollysMirror":25,"Strawberry":23,"Philosopher\u0027s Stone":14,"MealTicket":49,"Prayer Wheel":55,"Necronomicon":8,"Kunai":13,"Toxic Egg 2":0,"Girya":111,"Pear":25,"Happy Flower":16,"Astrolabe":78,"Blue Candle":89,"Oddly Smooth Stone":37,"Pen Nib":16,"War Paint":25,"Question Card":17,"Akabeko":40,"Du-Vu Doll":12,"OrangePellets":0,"SlaversCollar":100,"Bottled Flame":49,"Shuriken":21,"Bird Faced Urn":16,"Bronze Scales":19,"MutagenicStrength":107,"Molten Egg 2":0,"Pandora\u0027s Box":55,"StrikeDummy":16,"Unceasing Top":41,"Pocketwatch":16,"Lantern":0,"Torii":16,"StoneCalendar":16,"Bag of Preparation":0,"Juzu Bracelet":0,"Incense Burner":9,"TeardropLocket":0,"Empty Cage":6,"Ancient Tea Set":19,"PrismaticShard":55,"Smiling Mask":105,"Nunchaku":16,"Dream Catcher":96,"Shovel":16,"TheAbacus":25,"Matryoshka":40,"Mummified Hand":19,"Pantograph":108,"Toolbox":53,"Red Mask":8,"InkBottle":9,"Potion Belt":5,"Lee\u0027s Waffle":32,"Golden Idol":97,"Damaru":47,"Thread and Needle":76,"PreservedInsect":10,"The Courier":16,"Omamori":1,"Odd Mushroom":4,"Orichalcum":25,"Frozen Egg 2":29,"Medical Kit":16,"Calling Bell":108,"Anchor":3,"Ornamental Fan":38,"Coffee Dripper":33,"Bag of Marbles":52,"Art of War":74,"Membership Card":0,"Bottled Lightning":31,"Champion Belt":105,"PureWater":0,"FossilizedHelix":16,"Toy Ornithopter":24},{"Ice Cream":66,"Calipers":8,"Gremlin Horn":292,"CeramicFish":54,"Vajra":189,"Whetstone":136,"Ginger":297,"Bottled Tornado":17,"Boot":54,"Blood Vial":79,"Sozu":205,"Centennial Puzzle":271,"HornCleat":89,"Sundial":38,"DollysMirror":89,"Strawberry":79,"Philosopher\u0027s Stone":46,"MealTicket":157,"Prayer Wheel":176,"Necronomicon":29,"Kunai":42,"Toxic Egg 2":0,"Girya":351,"Pear":89,"Happy Flower":54,"Astrolabe":233,"Blue Candle":268,"Oddly Smooth Stone":127,"Pen Nib":54,"War Paint":89,"Question Card":59,"Akabeko":134,"Du-Vu Doll":38,"OrangePellets":0,"SlaversCollar":305,"Bottled Flame":157,"Shuriken":72,"Bird Faced Urn":54,"Bronze Scales":65,"MutagenicStrength":334,"Molten Egg 2":0,"Pandora\u0027s Box":176,"StrikeDummy":54,"Unceasing Top":136,"Pocketwatch":54,"Lantern":0,"Torii":54,"StoneCalendar":54,"Bag of Preparation":0,"Juzu Bracelet":0,"Incense Burner":31,"TeardropLocket":0,"Empty Cage":23,"Ancient Tea Set":65,"PrismaticShard":176,"Smiling Mask":326,"Nunchaku":54,"Dream Catcher":290,"Shovel":54,"TheAbacus":89,"Matryoshka":134,"Mummified Hand":65,"Pantograph":341,"Toolbox":167,"Red Mask":29,"InkBottle":31,"Potion Belt":20,"Lee\u0027s Waffle":111,"Golden Idol":292,"Damaru":154,"Thread and Needle":229,"PreservedInsect":33,"The Courier":54,"Omamori":6,"Odd Mushroom":17,"Orichalcum":89,"Frozen Egg 2":100,"Medical Kit":54,"Calling Bell":341,"Anchor":14,"Ornamental Fan":129,"Coffee Dripper":114,"Bag of Marbles":160,"Art of War":226,"Membership Card":0,"Bottled Lightning":107,"Champion Belt":326,"PureWater":0,"FossilizedHelix":54,"Toy Ornithopter":83}],"InkBottle":[19]},"card_choices":[{"not_picked":["JustLucky","Wireheading","Perfected Strike"],"picked":"SKIP","floor":1},{"not_picked":["Warcry+1","Crescendo+1"],"picked":"Choke","floor":2},{"not_picked":["Underhanded Strike","Protect+1","Sanctity+1"],"picked":"SKIP","floor":4},{"not_picked":["Dagger Spray","Beam Cell","Carnage"],"picked":"SKIP","floor":5},{"not_picked":["Meditate+1","Deadly Poison+1"],"picked":"Secret Technique+1","floor":6},{"not_picked":["Armaments+1","Quick Slash"],"picked":"Leap+1","floor":8},{"not_picked":["Infinite Blades","ThirdEye+1"],"picked":"Blade Dance+1","floor":13},{"not_picked":["Cold Snap","Wraith Form v2"],"picked":"Warcry+1","floor":14},{"not_picked":["Brilliance","Feed"],"picked":"After Image","floor":16},{"not_picked":["Havoc+1","Twin Strike","Flex+1"],"picked":"SKIP","floor":18},{"not_picked":["Dagger Throw","Twin Strike","Perseverance+1"],"picked":"SKIP","floor":19},{"not_picked":["Meditate+1","WheelKick"],"picked":"Deep Breath+1","floor":21},{"not_picked":["Caltrops","Streamline+1"],"picked":"True Grit+1","floor":23},{"not_picked":["ThirdEye+1","Sweeping Beam+1","Masterful Stab+1"],"picked":"SKIP","floor":25},{"not_picked":["Dagger Throw+1","Madness+1","Purity+1"],"picked":"SKIP","floor":27},{"not_picked":["Feed+1","Poisoned Stab+1","FlurryOfBlows+1"],"picked":"SKIP","floor":30},{"not_picked":["Offering+1","Reboot+1"],"picked":"Burst+1","floor":33},{"not_picked":["Redo+1","Bane+1"],"picked":"Terror+1","floor":35},{"not_picked":["Amplify+1","Bane+1"],"picked":"Iron Wave+1","floor":38},{"not_picked":["Deadly Poison+1","FlyingSleeves+1"],"picked":"Dual Wield+1","floor":39},{"not_picked":["Heavy Blade+1","Well Laid Plans","Twin Strike+1"],"picked":"SKIP","floor":41},{"not_picked":["Force Field+1","Quick Slash+1","Uppercut+1"],"picked":"SKIP","floor":46},{"not_picked":["CrushJoints+1","FollowUp+1","Coolheaded+1"],"picked":"Evaluate+1","floor":47},{"not_picked":["Leap+1","Flying Knee+1","Deadly Poison+1","Enlightenment+1"],"picked":"SKIP","floor":55}],"player_experience":382491,"relics_obtained":[{"floor":6,"key":"Dream Catcher"},{"floor":9,"key":"Gremlin Horn"},{"floor":13,"key":"Ginger"},{"floor":23,"key":"Molten Egg 2"},{"floor":25,"key":"Champion Belt"},{"floor":26,"key":"Smiling Mask"},{"floor":30,"key":"Bag of Preparation"},{"floor":34,"key":"Potion Belt"},{"floor":34,"key":"Pantograph"},{"floor":34,"key":"Ice Cream"},{"floor":39,"key":"Girya"},{"floor":41,"key":"Lantern"},{"floor":46,"key":"Question Card"},{"floor":55,"key":"InkBottle"}],"event_choices":[{"damage_healed":0,"gold_gain":0,"player_choice":"Donut","damage_taken":0,"max_hp_gain":5,"max_hp_loss":0,"event_name":"Big Fish","floor":3,"gold_loss":0},{"damage_healed":0,"gold_gain":0,"player_choice":"Grow","damage_taken":0,"max_hp_gain":0,"max_hp_loss":0,"event_name":"Living Wall","floor":10,"gold_loss":0,"cards_upgraded":["Bash"]},{"damage_healed":0,"gold_gain":0,"player_choice":"Lose Max HP","damage_taken":0,"relics_obtained":["Golden Idol"],"max_hp_gain":0,"max_hp_loss":8,"event_name":"Golden Idol","floor":11,"gold_loss":0},{"damage_healed":0,"gold_gain":0,"player_choice":"Ignored","damage_taken":0,"max_hp_gain":0,"max_hp_loss":0,"event_name":"Ghosts","floor":20,"gold_loss":0},{"cards_removed":["Strike_R"],"damage_healed":0,"gold_gain":0,"player_choice":"Elegance","damage_taken":0,"max_hp_gain":0,"max_hp_loss":0,"event_name":"Back to Basics","floor":22,"gold_loss":0},{"cards_removed":["Defend_R"],"damage_healed":0,"gold_gain":0,"player_choice":"Gave Gold","damage_taken":0,"max_hp_gain":0,"max_hp_loss":0,"event_name":"Beggar","floor":28,"gold_loss":75},{"damage_healed":0,"gold_gain":0,"player_choice":"Inject Mutagens","damage_taken":0,"relics_obtained":["MutagenicStrength"],"max_hp_gain":0,"max_hp_loss":0,"event_name":"Drug Dealer","floor":31,"gold_loss":0},{"damage_healed":0,"gold_gain":0,"player_choice":"Max HP","damage_taken":0,"max_hp_gain":0,"max_hp_loss":4,"event_name":"Winding Halls","floor":37,"gold_loss":0},{"damage_healed":0,"gold_gain":0,"player_choice":"Fight","damage_taken":0,"max_hp_gain":0,"max_hp_loss":0,"event_name":"Mysterious Sphere","floor":39,"gold_loss":0},{"damage_healed":0,"gold_gain":0,"player_choice":"Bought 1 Potion","damage_taken":0,"max_hp_gain":0,"max_hp_loss":0,"event_name":"The Woman in Blue","floor":44,"gold_loss":0}],"is_beta":false,"boss_relics":[{"not_picked":["Philosopher\u0027s Stone","Cursed Key"],"picked":"SlaversCollar"},{"not_picked":["Snecko Eye","Astrolabe"],"picked":"Calling Bell"}],"items_purged_floors":[0,0,0,29,48,54],"is_endless":false,"potions_floor_spawned":[4,5,8,13,14,18,23,25,38,41,46,47],"killed_by":"The Heart","ascension_level":20}}