{"host":"birdoosa9v9yfc1w","time":1614156916,"event":{"mods":["2.2 Compatiblity","Act Like it!","BaseMod","Colored Map","Colored Powertips","Dark Map","Highlight Path","Minty Spire (QoL Compilation)","Rare Cards Sparkle","Relic Filter","Relic Stats","Reorder Act Four","StSLib","Thrall Mod"],"gold_per_floor":[116,116,131,147,164,195,207,207,231,270,291,291,305,42,42,125,125,152,152,152,1,19,19,43,43,43],"floor_reached":25,"language":"ENG","playtime":1076,"items_purged":["Strike_Thrall"],"score":405,"play_id":"f2f834e8-74bc-4b22-ac98-118980f220a9","local_time":"20210224035516","is_ascension_mode":true,"campfire_choices":[{"data":"Frostshock","floor":8,"key":"SMITH"},{"floor":12,"key":"REST"},{"data":"Earthshock","floor":15,"key":"SMITH"},{"floor":23,"key":"REST"}],"circlet_count":0,"master_deck":["AscendersBane","Strike_Thrall","Strike_Thrall","Strike_Thrall","Strike_Thrall","Defend_Thrall","Defend_Thrall","Defend_Thrall","Lightningbolt","Thecoin","Forkedlightning","Drakkaridefender","Witchsapprentice","Tidalsurge","Beakeredlightning","Frostshock+1","Earthshock+1","Rumblingelemental","Shudderwock","Earthelemental","Volcano","Totemicsmash","Farsight","Airelemental+1"],"relics":["Totemicslam","Toy Ornithopter","TheAbacus","CeramicFish","Omegamind","Nilry\u0027s Codex"],"acts_visited":["Exordium","TheCity"],"potions_floor_usage":[6,6,13,16,18],"damage_taken":[{"damage":7,"enemies":"Small Slimes","floor":1,"turns":3},{"damage":1,"enemies":"Cultist","floor":3,"turns":4},{"damage":7,"enemies":"Jaw Worm","floor":4,"turns":3},{"damage":2,"enemies":"2 Fungi Beasts","floor":5,"turns":4},{"damage":20,"enemies":"3 Sentries","floor":6,"turns":7},{"damage":0,"enemies":"Looter","floor":7,"turns":3},{"damage":36,"enemies":"Gremlin Nob","floor":10,"turns":6},{"damage":23,"enemies":"Exordium Thugs","floor":11,"turns":5},{"damage":18,"enemies":"Large Slime","floor":13,"turns":6},{"damage":44,"enemies":"Slime Boss","floor":16,"turns":9},{"damage":8,"enemies":"Spheric Guardian","floor":18,"turns":5},{"damage":16,"enemies":"2 Thieves","floor":24,"turns":3},{"damage":57,"enemies":"Slavers","floor":25,"turns":4}],"seed_played":"-7870107390408321821","potions_obtained":[{"floor":1,"key":"Regen Potion"},{"floor":4,"key":"AttackPotion"},{"floor":7,"key":"Explosive Potion"},{"floor":11,"key":"FearPotion"},{"floor":13,"key":"Energy Potion"}],"is_trial":false,"path_per_floor":["M","?","M","M","M","E","M","R","T","E","M","R","M","$","R","B",null,"M","?","?","$","?","R","M","E"],"character_chosen":"THRALL","items_purchased":["Omegamind","Volcano"],"campfire_rested":2,"item_purchase_floors":[14,21],"current_hp_per_floor":[52,52,53,46,46,55,62,62,62,39,31,50,53,53,53,18,54,65,44,44,44,44,63,50,0,0],"gold":43,"neow_bonus":"ONE_RANDOM_RARE_CARD","is_daily":false,"chose_seed":false,"campfire_upgraded":2,"win_rate":0.0,"timestamp":1614156916,"path_taken":["M","?","?","?","M","E","M","R","T","E","M","R","M","$","R","BOSS","M","?","?","?","?","R","M","E"],"items_purchased_type":["Relic","Card"],"build_version":"2020-12-22","purchased_purges":1,"victory":false,"max_hp_per_floor":[66,66,66,66,66,66,66,66,66,66,66,66,66,66,66,66,66,66,66,66,66,66,66,66,66,66],"relic_stats":{"TheAbacus":[36],"counters":[13,62],"CeramicFish":72,"obtain_stats":[{"Totem":0,"TheAbacus":9,"Omegamind":14,"Nilry\u0027s Codex":19,"CeramicFish":10,"Totemicslam":17,"Toy Ornithopter":6},{"Totem":0,"TheAbacus":6,"Omegamind":9,"Nilry\u0027s Codex":11,"CeramicFish":7,"Totemicslam":10,"Toy Ornithopter":5},{"Totem":0,"TheAbacus":24,"Omegamind":41,"Nilry\u0027s Codex":55,"CeramicFish":30,"Totemicslam":50,"Toy Ornithopter":21}],"Toy Ornithopter":15},"card_choices":[{"not_picked":["Eureka","Jadecheiftain"],"picked":"Forkedlightning","floor":1},{"not_picked":["Thecoin","Cryostasis","Forkedlightning"],"picked":"SKIP","floor":3},{"not_picked":["Fireguard","Thecoin"],"picked":"Witchsapprentice","floor":4},{"not_picked":["Forkedlightning","Hex"],"picked":"Tidalsurge","floor":5},{"not_picked":["Thestormbringer","Forkedlightning"],"picked":"Beakeredlightning","floor":6},{"not_picked":["Tidalsurge","Rockbiter"],"picked":"Frostshock","floor":7},{"not_picked":["Forkedlightning","Unstable"],"picked":"Earthshock","floor":10},{"not_picked":["Forkedlightning","Thecoin"],"picked":"Rumblingelemental","floor":11},{"not_picked":["Thecoin","Tidalsurge","Totemicsmash"],"picked":"SKIP","floor":13},{"not_picked":["Hagatha","Thralldeathseer"],"picked":"Shudderwock","floor":16},{"not_picked":["Forkedlightning+1","Witchsapprentice"],"picked":"Earthelemental","floor":18},{"not_picked":["Witchsapprentice+1","Beakeredlightning"],"picked":"Airelemental+1","floor":24}],"player_experience":683270,"relics_obtained":[{"floor":6,"key":"Toy Ornithopter"},{"floor":9,"key":"TheAbacus"},{"floor":10,"key":"CeramicFish"},{"floor":19,"key":"Nilry\u0027s Codex"}],"event_choices":[{"damage_healed":0,"gold_gain":0,"cards_transformed":["Tunneltrogg"],"player_choice":"Transformed","damage_taken":0,"max_hp_gain":0,"max_hp_loss":0,"event_name":"Transmorgrifier","floor":2,"gold_loss":0,"cards_obtained":["Drakkaridefender"]},{"damage_healed":0,"gold_gain":0,"player_choice":"Obtained Book","damage_taken":21,"max_hp_gain":0,"max_hp_loss":0,"event_name":"Cursed Tome","floor":19,"gold_loss":0},{"damage_healed":0,"gold_gain":0,"player_choice":"Ignored","damage_taken":0,"max_hp_gain":0,"max_hp_loss":0,"event_name":"Ghosts","floor":20,"gold_loss":0},{"damage_healed":0,"gold_gain":0,"cards_transformed":["Defend_Thrall","Defend_Thrall"],"player_choice":"Became Test Subject","damage_taken":0,"max_hp_gain":0,"max_hp_loss":0,"event_name":"Drug Dealer","floor":22,"gold_loss":0,"cards_obtained":["Totemicsmash","Farsight"]}],"is_beta":false,"boss_relics":[{"not_picked":["Ectoplasm","Runic Pyramid"],"picked":"Totemicslam"}],"items_purged_floors":[21],"is_endless":false,"potions_floor_spawned":[1,4,7,11,13],"killed_by":"Slavers","ascension_level":18}}