{"host":"bavnrlhi49015oee","time":1614148903,"event":{"mods":["BaseMod","Lobotomy","LobotomyExtend","Minty Spire (QoL Compilation)","Uncapped"],"gold_per_floor":[16,16,16,16,191,191,202,202,225,150,164,135,149,149,149,212,212,226,183,183,0,19,19,45,45,90,90,98,98,98,118,118,108,108,120,120,120,0,12,12,28,92,92,92,104,179,228,248,248,195,195,206,206,304,304,320,320,336,348,348,348,348,212,258,357,308,308,288,288,288,385,435,446,69,69,69,120,120,134,134,203,213,213,213,241,241,241,241],"floor_reached":89,"language":"ZHS","playtime":3525,"items_purged":["Doubt","Mercenary","NakedNest"],"score":1053,"play_id":"b19e37ed-7545-42a4-b18f-066954560045","local_time":"20210224144143","is_ascension_mode":false,"campfire_choices":[],"circlet_count":0,"master_deck":["BlueStar","QueenOfHatred","SpecialBullet","SpecialBullet","SpecialBullet","SpecialBullet","SpecialBullet","SpecialBullet","SpecialBullet","SpecialBullet","CentralCode","SecurityCode","Soda+1","FourthMatchFlame","Freischutz","SwordSharpenedByTears+1","RedEyes+1","FieryBird","SomewhereSpear","SpecialBullet","Wellcheers","Mimicry","Hornet+1","Scorched","Soda","Harmony+1","SpecialBullet","Beak","SpecialBullet","BlackArmy","Soda","CherryBlossoms","SpecialBullet","CrumblingArmor","CENSORED_ego","SpecialBullet","OldLady","RapturousDream+1","RedEyes","SpecialBullet","TheSmile","SpecialBullet","OSAHOGD","Regret_ego","SpecialBullet","SingingMachine","Wingbeat","RedShoes","CrimsonScar","SpecialBullet","BigBadWolf","SpecialBullet","WristCuter","TrainingCode","CENSORED_ego+1","Logging","SwordSharpenedByTears","SpecialBullet","BodiesMountain","Beak","SpecialBullet","RedEyes+1","SpecialBullet","CrimsonScar+1","SpecialBullet","NothingThere","Pinks","WristCuter","SpecialBullet","LittleHelper","Moonlight","Twilight","SpecialBullet","Soda+1","SpecialBullet","Wingbeat+1","RecordCode","FeatherOfHonor+1"],"relics":["CogitoBucket","Torii","Juzu Bracelet","Black Star","LuminousBracelet","Shuriken","MealTicket","Lantern","Enchiridion","ChangeAnything","Runic Pyramid","Gaze_r","Ginger","LetterFromLob","Mercury Hourglass","Lamp_r","Centennial Puzzle","AspirationHeart","Omamori","Whetstone","WantedRequest","CrimsonScar_r","Fusion Hammer","Necronomicon","Nloth\u0027s Gift","CaptainsWheel","Pen Nib","Tiny House","Mango","HornCleat","Toy Ornithopter","War Paint","InTheNameOfLoveAndHate_r","SoundOfStar_r"],"acts_visited":["TheCity","TheBeyond"],"potions_floor_usage":[42],"damage_taken":[{"damage":0.0,"enemies":"Small Slimes","floor":1.0,"turns":3.0},{"damage":11.0,"enemies":"Jaw Worm","floor":7.0,"turns":2.0},{"damage":6.0,"enemies":"2 Louse","floor":11.0,"turns":2.0},{"damage":7.0,"enemies":"Gremlin Gang","floor":12.0,"turns":3.0},{"damage":10.0,"enemies":"Looter","floor":13.0,"turns":2.0},{"damage":66.0,"enemies":"The Guardian","floor":16.0,"turns":8.0},{"damage":0.0,"enemies":"2 Thieves","floor":18.0,"turns":1.0},{"damage":20.0,"enemies":"Chosen","floor":19.0,"turns":2.0},{"damage":35.0,"enemies":"Snecko","floor":22.0,"turns":5.0},{"damage":0.0,"enemies":"Slavers","floor":24.0,"turns":1.0},{"damage":1.0,"enemies":"Snake Plant","floor":28.0,"turns":2.0},{"damage":21.0,"enemies":"3 Cultists","floor":31.0,"turns":4.0},{"damage":36.0,"enemies":"Collector","floor":33.0,"turns":2.0},{"damage":66.0,"enemies":"3 Shapes","floor":35.0,"turns":5.0},{"damage":2.0,"enemies":"3 Shapes","floor":38.0,"turns":2.0},{"damage":0,"enemies":"Cultist","floor":39,"turns":1},{"damage":1,"enemies":"2 Louse","floor":41,"turns":1},{"damage":45,"enemies":"3 Sentries","floor":42,"turns":10},{"damage":7,"enemies":"Jaw Worm","floor":45,"turns":4},{"damage":20,"enemies":"Exordium Thugs","floor":48,"turns":2},{"damage":0,"enemies":"Lagavulin","floor":50,"turns":1},{"damage":0,"enemies":"3 Louse","floor":52,"turns":2},{"damage":37,"enemies":"Slime Boss","floor":54,"turns":5},{"damage":1,"enemies":"3 Byrds","floor":56,"turns":2},{"damage":0,"enemies":"Spheric Guardian","floor":58,"turns":2},{"damage":0,"enemies":"3 Cultists","floor":59,"turns":4},{"damage":12,"enemies":"Shelled Parasite and Fungi","floor":66,"turns":3},{"damage":7,"enemies":"Snecko","floor":68,"turns":2},{"damage":39,"enemies":"Automaton","floor":71,"turns":5},{"damage":5,"enemies":"3 Shapes","floor":73,"turns":2},{"damage":25,"enemies":"2 Orb Walkers","floor":77,"turns":2},{"damage":6,"enemies":"Orb Walker","floor":79,"turns":2},{"damage":21,"enemies":"Writhing Mass","floor":82,"turns":3},{"damage":0,"enemies":"Giant Head","floor":85,"turns":4},{"damage":0,"enemies":"Donu and Deca","floor":88,"turns":5},{"damage":46,"enemies":"Malkuth","floor":89,"turns":5},{"damage":69,"enemies":"Netzach","floor":89,"turns":7},{"damage":56,"enemies":"Chesed","floor":89,"turns":4},{"damage":102,"enemies":"Hokma","floor":89,"turns":7},{"damage":70,"enemies":"Angela","floor":89,"turns":4}],"seed_played":"3698746264475737859","potions_obtained":[{"floor":1.0,"key":"DistilledChaos"},{"floor":11.0,"key":"EssenceOfSteel"},{"floor":12.0,"key":"EssenceOfSteel"},{"floor":16.0,"key":"FearPotion"},{"floor":24.0,"key":"SneckoOil"},{"floor":31.0,"key":"Fruit Juice"},{"floor":35.0,"key":"Fruit Juice"},{"floor":39,"key":"Block Potion"},{"floor":52,"key":"FearPotion"},{"floor":54,"key":"LiquidMemories"},{"floor":66,"key":"PowerPotion"},{"floor":72,"key":"CultistPotion"},{"floor":73,"key":"Energy Potion"},{"floor":85,"key":"SkillPotion"}],"is_trial":false,"path_per_floor":["M","?","$","?","?","R","M","R","T","$","M","M","M","E","R","B",null,"M","M","?","?","M","R","E","R","T","R","M","?","R","M","R","B",null,"M","$","?","?","M","?","M","?","?","R","M","?","T","M","R","E","R","M","R","B",null,"M","?","M","M","?","R","?","$","T","?","M","R","M","?","R","B",null,"M","$","?","$","?","R","M","R","T","M","R","?","E","?","R","B",null],"character_chosen":"Angela","items_purchased":["FeatherOfHonor","Twilight","FairyPotion"],"campfire_rested":0,"item_purchase_floors":[63,74,74],"current_hp_per_floor":[70,70,70,70,70,70,67,67,67,67,70,70,70,70,70,33,74,93,94,94,94,86,86,100,100,100,100,105,89,89,114,114,82,118,103,118,118,127,131,128,135,42,47,47,82,71,71,81,81,85,85,132,142,166,166,166,150,170,174,174,174,174,174,174,174,168,168,168,168,168,172,177,181,181,181,181,195,195,199,199,199,203,203,203,203,203,203,193],"gold":144,"neow_bonus":"ONE_RARE_RELIC","is_daily":false,"chose_seed":false,"campfire_upgraded":0,"win_rate":0.0,"timestamp":1614148903,"path_taken":["M","?","$","?","?","R","M","R","T","$","M","M","M","E","R","BOSS","M","M","?","?","M","R","E","R","T","R","M","?","R","M","R","BOSS","M","$","?","?","M","?","M","?","?","R","M","?","T","M","R","E","R","M","R","BOSS","M","?","M","M","?","R","?","$","T","?","M","R","M","?","R","BOSS","M","$","?","$","?","R","M","R","T","M","R","?","E","?","R","BOSS"],"items_purchased_type":["Card","Card","Potion"],"build_version":"2020-12-22","purchased_purges":3,"victory":true,"max_hp_per_floor":[70,70,70,70,70,70,70,70,70,70,70,70,70,70,70,74,74,93,97,97,97,101,101,101,101,101,101,105,105,105,114,114,118,118,127,127,127,127,131,131,135,139,144,144,158,158,158,162,162,166,166,166,166,166,166,166,166,170,174,174,174,174,174,174,174,168,168,168,168,168,172,177,181,181,181,181,195,195,199,199,199,203,203,203,203,203,203,193],"card_choices":[{"not_picked":["Scarecrow","OldLady"],"picked":"QueenOfHatred","floor":1.0},{"not_picked":["RapturousDream"],"picked":"Soda","floor":1.0},{"not_picked":["SpiderBud","MeatLantern"],"picked":"DespairKnight","floor":7.0},{"not_picked":["RapturousDream"],"picked":"FourthMatchFlame","floor":7.0},{"not_picked":["Rudolta","MeatLantern"],"picked":"Freischutz","floor":11.0},{"not_picked":["CherryBlossom"],"picked":"SwordSharpenedByTears","floor":11.0},{"not_picked":["BeautyBeast","Scarecrow"],"picked":"Mercenary","floor":12.0},{"not_picked":["WristCuter"],"picked":"RedEyes","floor":12.0},{"not_picked":["ShyLook","BigBadWolf"],"picked":"FieryBird","floor":13.0},{"not_picked":["SomewhereSpear","Gaze"],"picked":"SKIP","floor":13.0},{"not_picked":["Gaze"],"picked":"SomewhereSpear","floor":13.0},{"not_picked":["WallGazer","PunishingBird"],"picked":"Wellcheers","floor":16.0},{"not_picked":["SoundOfStar"],"picked":"Mimicry","floor":16.0},{"not_picked":["MeatLantern","VoidDream"],"picked":"NakedNest","floor":18.0},{"not_picked":["Penitence"],"picked":"Hornet+1","floor":18.0},{"not_picked":["VoidDream","LongBird"],"picked":"Scorched","floor":19.0},{"not_picked":["Gaze"],"picked":"Soda","floor":19.0},{"not_picked":["FairyFestival","MeatLantern"],"picked":"Yin","floor":22.0},{"not_picked":["Loneliness"],"picked":"Harmony","floor":22.0},{"not_picked":["RedEyes"],"picked":"Beak","floor":24.0},{"not_picked":["BigBadWolf","CENSORED"],"picked":"BlackArmy","floor":28.0},{"not_picked":["GrinderMk4"],"picked":"Soda","floor":28.0},{"not_picked":["Alriune","Bloodbath"],"picked":"CherryBlossoms","floor":31.0},{"not_picked":["Moonlight","Hypocrisy+1"],"picked":"SKIP","floor":31.0},{"not_picked":["Alriune","VoidDream"],"picked":"CrumblingArmor","floor":33.0},{"not_picked":["SoundOfStar"],"picked":"CENSORED_ego","floor":33.0},{"not_picked":["ShyLook","WhitesApple"],"picked":"OldLady","floor":35.0},{"not_picked":["CherryBlossom+1"],"picked":"RapturousDream+1","floor":35.0},{"not_picked":["Laetitia","LongBird"],"picked":"CENSORED","floor":39},{"not_picked":["Moonlight"],"picked":"RedEyes","floor":39},{"not_picked":["SnowQueen","UniverseFragment"],"picked":"BigBird","floor":41},{"not_picked":["Tough"],"picked":"TheSmile","floor":41},{"not_picked":["ShyLook","LittleHelper"],"picked":"OSAHOGD","floor":42},{"not_picked":["ShedSkin"],"picked":"Regret_ego","floor":42},{"not_picked":["LongBird","BlackSwan"],"picked":"SingingMachine","floor":45},{"not_picked":["CherryBlossom"],"picked":"Wingbeat","floor":45},{"not_picked":["QueenBee","PunishingBird"],"picked":"RedShoes","floor":48},{"not_picked":["Amita"],"picked":"CrimsonScar","floor":48},{"not_picked":["DreamingCurrent","Rudolta"],"picked":"BigBadWolf","floor":50},{"not_picked":["GreenStem","TodaysExpression"],"picked":"SKIP","floor":50},{"not_picked":["FourthMatchFlame"],"picked":"WristCuter","floor":52},{"not_picked":["TheSmile"],"picked":"CENSORED_ego","floor":54},{"not_picked":["SwordSharpenedByTears"],"picked":"Logging","floor":56},{"not_picked":["Porccubus","GalaxyChild"],"picked":"BlueStar","floor":58},{"not_picked":["ShedSkin"],"picked":"SwordSharpenedByTears","floor":58},{"not_picked":["LongBird","Alriune"],"picked":"BodiesMountain","floor":59},{"not_picked":["Pleasure"],"picked":"Beak","floor":59},{"not_picked":["LongBird","Porccubus"],"picked":"MeltingLove","floor":66},{"not_picked":["Penitence"],"picked":"RedEyes+1","floor":66},{"not_picked":["CherryBlossom"],"picked":"CrimsonScar","floor":68},{"not_picked":["DreamingCurrent","Porccubus"],"picked":"NothingThere","floor":71},{"not_picked":["SoundOfStar"],"picked":"Pinks","floor":71},{"not_picked":["RapturousDream"],"picked":"WristCuter","floor":72},{"not_picked":["Mercenary","Alriune"],"picked":"LittleHelper","floor":73},{"not_picked":["Galaxy+1"],"picked":"Moonlight","floor":73},{"not_picked":["Wingbeat+1"],"picked":"Soda+1","floor":77},{"not_picked":["Scarecrow","SilentOrchestra"],"picked":"HeroicMonk","floor":79},{"not_picked":["Christmas+1"],"picked":"Wingbeat+1","floor":79},{"not_picked":["LongBird","LittlePrince"],"picked":"GreedKing","floor":82},{"not_picked":["TheSmile"],"picked":"FeatherOfHonor+1","floor":82},{"not_picked":["Wingbeat"],"picked":"Justitia","floor":85}],"player_experience":145660,"relics_obtained":[{"floor":1.0,"key":"LetterFromLob"},{"floor":9.0,"key":"Juzu Bracelet"},{"floor":24.0,"key":"Shuriken"},{"floor":24.0,"key":"MealTicket"},{"floor":26.0,"key":"Lantern"},{"floor":29.0,"key":"Enchiridion"},{"floor":39,"key":"LetterFromLob"},{"floor":42,"key":"Centennial Puzzle"},{"floor":47,"key":"Omamori"},{"floor":50,"key":"Whetstone"},{"floor":50,"key":"Anchor"},{"floor":57,"key":"Necronomicon"},{"floor":64,"key":"Pen Nib"},{"floor":77,"key":"Mango"},{"floor":81,"key":"HornCleat"},{"floor":85,"key":"Toy Ornithopter"},{"floor":85,"key":"War Paint"}],"event_choices":[{"damage_healed":0.0,"max_hp_gain":0.0,"max_hp_loss":0.0,"gold_gain":0.0,"event_name":"Living Wall","player_choice":"Grow","floor":2.0,"gold_loss":0.0,"damage_taken":0.0,"cards_upgraded":["Soda"]},{"damage_healed":0.0,"max_hp_gain":0.0,"max_hp_loss":0.0,"gold_gain":0.0,"event_name":"Golden Wing","player_choice":"Ignored","floor":4.0,"gold_loss":0.0,"damage_taken":0.0},{"damage_healed":0.0,"max_hp_gain":0.0,"max_hp_loss":0.0,"gold_gain":175.0,"event_name":"Liars Game","player_choice":"AGREE","floor":5.0,"gold_loss":0.0,"damage_taken":0.0,"cards_obtained":["Doubt"]},{"damage_healed":0.0,"max_hp_gain":0.0,"max_hp_loss":0.0,"gold_gain":0.0,"event_name":"Ghosts","player_choice":"Ignored","floor":20.0,"gold_loss":0.0,"damage_taken":0.0},{"damage_healed":0.0,"max_hp_gain":0.0,"max_hp_loss":0.0,"gold_gain":0.0,"event_name":"Masked Bandits","player_choice":"Paid Fearfully","floor":21.0,"gold_loss":183.0,"damage_taken":0.0},{"damage_healed":0.0,"max_hp_gain":0.0,"max_hp_loss":0.0,"gold_gain":0.0,"event_name":"Cursed Tome","player_choice":"Obtained Book","floor":29.0,"gold_loss":0.0,"damage_taken":16.0},{"damage_healed":0.0,"max_hp_gain":0.0,"max_hp_loss":0.0,"gold_gain":0.0,"event_name":"Tomb of Lord Red Mask","player_choice":"Ignored","floor":37.0,"gold_loss":0.0,"damage_taken":0.0},{"damage_healed":0,"gold_gain":0,"player_choice":"Success","damage_taken":3,"relics_obtained":["Mercury Hourglass"],"max_hp_gain":0,"max_hp_loss":0,"event_name":"Scrap Ooze","floor":40,"gold_loss":0},{"damage_healed":0,"gold_gain":0,"player_choice":"Searched \u00271\u0027 times","damage_taken":0,"max_hp_gain":0,"max_hp_loss":0,"event_name":"Dead Adventurer","floor":42,"gold_loss":0},{"damage_healed":0,"gold_gain":0,"player_choice":"Donut","damage_taken":0,"max_hp_gain":5,"max_hp_loss":0,"event_name":"Big Fish","floor":43,"gold_loss":0},{"damage_healed":0,"gold_gain":75,"player_choice":"Gather Gold","damage_taken":11,"max_hp_gain":0,"max_hp_loss":0,"event_name":"World of Goop","floor":46,"gold_loss":0},{"damage_healed":0,"gold_gain":0,"player_choice":"Obtained Book","damage_taken":16,"max_hp_gain":0,"max_hp_loss":0,"event_name":"Cursed Tome","floor":57,"gold_loss":0},{"damage_healed":0,"gold_gain":0,"player_choice":"Traded Relic","damage_taken":0,"relics_obtained":["Nloth\u0027s Gift"],"max_hp_gain":0,"max_hp_loss":0,"event_name":"N\u0027loth","floor":60,"relics_lost":["Anchor"],"gold_loss":0},{"damage_healed":0,"gold_gain":0,"player_choice":"Opened","damage_taken":0,"relics_obtained":["CaptainsWheel"],"max_hp_gain":0,"max_hp_loss":0,"event_name":"The Mausoleum","floor":62,"gold_loss":0},{"damage_healed":0,"gold_gain":99,"player_choice":"Stole From Cult","damage_taken":0,"max_hp_gain":0,"max_hp_loss":0,"event_name":"Nest","floor":65,"gold_loss":0},{"cards_removed":["BigBird"],"damage_healed":0,"gold_gain":0,"player_choice":"Elegance","damage_taken":0,"max_hp_gain":0,"max_hp_loss":0,"event_name":"Back to Basics","floor":69,"gold_loss":0},{"damage_healed":0,"gold_gain":0,"player_choice":"Bought 0 Potions","damage_taken":0,"max_hp_gain":0,"max_hp_loss":0,"event_name":"The Woman in Blue","floor":75,"gold_loss":0},{"damage_healed":0,"gold_gain":0,"player_choice":"Fight","damage_taken":0,"max_hp_gain":0,"max_hp_loss":0,"event_name":"Mysterious Sphere","floor":77,"gold_loss":0},{"cards_removed":["HeroicMonk"],"damage_healed":0,"gold_gain":0,"player_choice":"Offered Uncommon","damage_taken":0,"max_hp_gain":0,"max_hp_loss":0,"event_name":"Bonfire Elementals","floor":86,"gold_loss":0}],"is_beta":false,"boss_relics":[{"not_picked":["Sozu","Cursed Key"],"picked":"Black Star"},{"not_picked":["Snecko Eye","SacredBark"],"picked":"Runic Pyramid"},{"not_picked":["Cursed Key","Astrolabe"],"picked":"Fusion Hammer"},{"not_picked":["Philosopher\u0027s Stone","SlaversCollar"],"picked":"Tiny House"}],"items_purged_floors":[10,63,74],"is_endless":false,"potions_floor_spawned":[1,11,12,16,24,31,35,38,39,52,54,66,73,85],"ascension_level":0}}