{"host":"bxdue9bkfm2khp2x","time":1614158090,"event":{"mods":["ATMod(阿瑾Mod)","Aspiration","BaseMod","Better Vampires","Challenge The Spire","Colored Map","Colored Powertips","Conspire","Decade(王小明)","Dota2Spire","Downfall","Good Game Mod","Highlight Path","Minty Spire (QoL Compilation)","MostiFishMod","Reliquary","Remilia（蕾米莉亚）","Replay The Spire","RumiaBox-露米娅的神秘盒子","Ryuuou龙王","Spicy Shops","StSLib","The Alterego","The Bug Knight","The Cursed","Waifu the Spire","WarShipGirlsR/战舰少女R mod","Wide Potions","noobMod","【功能Mod】混沌之环修复补丁","残留之物","篝火指南"],"gold_per_floor":[117,130,55,74,89,89,89,89,89,89,104,121,136,156,156,256,256,268,268,281,281,281,181,207,207,207,250,125,125,125,167,167,296,296,340,485,485,485,602,602,602,602,602,212,249,302,343,386,57,82],"floor_reached":51,"language":"ZHS","playtime":3776,"items_purged":["PlaceholderMod:PoisonWhip","Envy_TH","PlaceholderMod:BaseDefend","PlaceholderMod:BaseStrike","PlaceholderMod:BaseDefend"],"score":1452,"play_id":"7c1e5d32-62e5-46ae-9e2a-f66a0a492413","local_time":"20210224171450","is_ascension_mode":true,"campfire_choices":[{"data":"AT_ShrugMaster","floor":6.0,"key":"SMITH"},{"data":"PlaceholderMod:ParasiteChange","floor":8.0,"key":"SMITH"},{"data":"PlaceholderMod:DiffusionChemical","floor":10.0,"key":"SMITH"},{"data":"PlaceholderMod:Corrosion","floor":15.0,"key":"SMITH"},{"data":"PlaceholderMod:GrowthForm","floor":25.0,"key":"SMITH"},{"data":"PlaceholderMod:SelfCoupling","floor":29,"key":"SMITH"},{"data":"PlaceholderMod:HighConcentration","floor":32,"key":"SMITH"},{"data":"PlaceholderMod:EnergyAbsorb","floor":40,"key":"SMITH"},{"data":"Sadistic Nature","floor":42,"key":"SMITH"}],"circlet_count":0,"master_deck":["PlaceholderMod:BaseStrike","PlaceholderMod:BaseDefend","PlaceholderMod:BaseDefend","PlaceholderMod:Crystal","AT_ShrugMaster+1","Footwork+1","PlaceholderMod:DiffusionChemical+1","PlaceholderMod:ParasiteChange+1","PlaceholderMod:Corrosion+1","PlaceholderMod:HighConcentration+1","PlaceholderMod:HardStinger","PlaceholderMod:GrowthForm+1","PlaceholderMod:SelfCoupling+1","PlaceholderMod:EnergyAbsorb+1","Sadistic Nature+1","PlaceholderMod:Stable+1"],"relics":["DaveBox","ice","AT_ATBox","REME:ComplimentaryCards","FeatherPendant","SynthV:TestCard","reliquary:PrincelyHelmet","ReplayTheSpireMod:Lightbulb","AT_MibuBalloonWealth","Nloth\u0027s Gift","RhineFirstAidKit","Dota2Spire:BladeMail","GodSword3","Omamori","AT_SunfireAegis"],"acts_visited":["Exordium","TheCity","TheBeyond"],"potions_floor_usage":[36,41,48],"damage_taken":[{"damage":0.0,"enemies":"conspire:RoseBush","floor":1.0,"turns":3.0},{"damage":0.0,"enemies":"Cultist","floor":2.0,"turns":3.0},{"damage":0.0,"enemies":"Small Slimes","floor":4.0,"turns":4.0},{"damage":0.0,"enemies":"Blue Slaver","floor":5.0,"turns":5.0},{"damage":0.0,"enemies":"Large Slime","floor":11.0,"turns":4.0},{"damage":0.0,"enemies":"Looter","floor":12.0,"turns":3.0},{"damage":1.0,"enemies":"3 Louse","floor":13.0,"turns":3.0},{"damage":0.0,"enemies":"conspire:2 RoseBushes","floor":14.0,"turns":4.0},{"damage":0.0,"enemies":"Fading Forest","floor":16.0,"turns":10.0},{"damage":0.0,"enemies":"Spheric Guardian","floor":18.0,"turns":4.0},{"damage":0.0,"enemies":"conspire:FuzzyDice","floor":20.0,"turns":5.0},{"damage":1.0,"enemies":"conspire:SneckoGhost","floor":24.0,"turns":7.0},{"damage":0.0,"enemies":"Snake Plant","floor":27.0,"turns":4.0},{"damage":0,"enemies":"conspire:HollyBat","floor":31,"turns":7},{"damage":0,"enemies":"Champ","floor":33,"turns":10},{"damage":0,"enemies":"Orb Walker","floor":35,"turns":5},{"damage":0,"enemies":"3 Darklings","floor":36,"turns":5},{"damage":0,"enemies":"4 Shapes","floor":39,"turns":8},{"damage":0,"enemies":"Reptomancer","floor":41,"turns":1},{"damage":18,"enemies":"Spire Growth","floor":45,"turns":5},{"damage":0,"enemies":"Giant Head","floor":46,"turns":6},{"damage":0,"enemies":"Maw","floor":47,"turns":6},{"damage":40,"enemies":"Transient","floor":48,"turns":5},{"damage":27,"enemies":"Time Eater","floor":50,"turns":6}],"seed_played":"7859156603371541695","potions_obtained":[{"floor":1.0,"key":"champ:CounterPotion"},{"floor":5.0,"key":"LifebloodPotion"},{"floor":11.0,"key":"Dota2Spire:Clarity"},{"floor":13.0,"key":"LifebloodPotion"},{"floor":14.0,"key":"LifebloodPotion"},{"floor":24.0,"key":"Fire Potion"},{"floor":31,"key":"FairyPotion"},{"floor":39,"key":"SmokeBomb"},{"floor":45,"key":"LifebloodPotion"}],"is_trial":false,"path_per_floor":["M","M","$","M","M","R","?","R","T","R","M","M","M","M","R","B",null,"M","?","M","?","?","R","E","R","T","M","$","R","?","M","R","B",null,"M","M","?","?","M","R","E","R","T","R","M","E","M","M","R","B",null],"character_chosen":"THE_PLACEHOLDER","items_purchased":["GodSword3","AT_SunfireAegis"],"campfire_rested":0,"item_purchase_floors":[44,49],"current_hp_per_floor":[70,70,70,70,70,70,70,70,70,70,70,70,69,69,69,71,71,71,71,71,71,58,58,57,57,57,57,57,57,57,57,57,57,71,71,71,71,71,71,71,71,71,71,71,53,53,53,76,76,49],"gold":82,"neow_bonus":"REMOVE_TWO","is_daily":false,"chose_seed":false,"campfire_upgraded":9,"win_rate":0.0,"timestamp":1614158090,"path_taken":["M","M","$","M","M","R","?","R","T","R","M","M","?","M","R","BOSS","M","?","M","?","?","R","E","R","T","M","$","R","?","?","R","BOSS","M","M","?","?","M","R","E","R","T","R","?","E","M","M","R","BOSS"],"items_purchased_type":["Relic","Relic"],"build_version":"2020-12-22","purchased_purges":5,"victory":true,"max_hp_per_floor":[71,71,71,71,71,71,71,71,71,71,71,71,71,71,71,71,71,71,71,71,71,76,76,76,76,76,76,76,76,76,76,76,76,76,76,76,76,76,76,76,76,76,76,76,76,76,76,76,76,76],"card_choices":[{"not_picked":["PlaceholderMod:AttackAsDefend","PlaceholderMod:PoisonExcitation","PlaceholderMod:SprayAttack"],"picked":"SKIP","floor":1.0},{"not_picked":["PlaceholderMod:ComplexForm","PlaceholderMod:Colorful","PlaceholderMod:Package","PlaceholderMod:Sweep"],"picked":"PlaceholderMod:DiffusionChemical","floor":2.0},{"not_picked":["PlaceholderMod:Polyp","PlaceholderMod:ThreeBenzyolStart","PlaceholderMod:DissolvingSpikes","PlaceholderMod:HardStrike","PlaceholderMod:SpinBlade"],"picked":"SKIP","floor":4.0},{"not_picked":["PlaceholderMod:Break","PlaceholderMod:Crystallization","PlaceholderMod:RadicalHit","PlaceholderMod:StrongAcid"],"picked":"PlaceholderMod:ParasiteChange","floor":5.0},{"not_picked":["PlaceholderMod:BlastSpray","PlaceholderMod:SpinBlade","PlaceholderMod:OHStrongAttack","PlaceholderMod:CycleAttack"],"picked":"PlaceholderMod:Corrosion","floor":11.0},{"not_picked":["PlaceholderMod:HornyBlast","PlaceholderMod:SpinBlade","PlaceholderMod:PoisonAbsorb","PlaceholderMod:PoisonExcitation","PlaceholderMod:AttackAsDefend"],"picked":"SKIP","floor":12.0},{"not_picked":["PlaceholderMod:TriggerStrike","PlaceholderMod:PoisonAbsorb","PlaceholderMod:SeverePoisonStrike","PlaceholderMod:MultipleOxi"],"picked":"PlaceholderMod:HighConcentration","floor":13.0},{"not_picked":["PlaceholderMod:PoisonAbsorb","PlaceholderMod:Crystallization","PlaceholderMod:SprayAttack","PlaceholderMod:MultiReaction"],"picked":"PlaceholderMod:HardStinger","floor":14.0},{"not_picked":["PlaceholderMod:DoublePoint","PlaceholderMod:BlastSpray","PlaceholderMod:Assimilation","PlaceholderMod:MultiReaction"],"picked":"PlaceholderMod:GrowthForm","floor":16.0},{"not_picked":["PlaceholderMod:SelectReaction","PlaceholderMod:HighConcentration+1","PlaceholderMod:Hyperplasia","PlaceholderMod:AttackAsDefend","PlaceholderMod:CycleAttack+1"],"picked":"SKIP","floor":18.0},{"not_picked":["PlaceholderMod:HardStrike","PlaceholderMod:PoisonBlast+1","PlaceholderMod:Internalization","PlaceholderMod:Polyp+1","PlaceholderMod:ParasiteChange+1"],"picked":"SKIP","floor":20.0},{"not_picked":["PlaceholderMod:Sweep","PlaceholderMod:Inner","PlaceholderMod:SpinBlade","PlaceholderMod:ParasiteChange+1"],"picked":"PlaceholderMod:SelfCoupling","floor":24.0},{"not_picked":["PlaceholderMod:SprayAttack","PlaceholderMod:FastReaction","PlaceholderMod:Corrosion","PlaceholderMod:Polyp","PlaceholderMod:ParasiteChange+1"],"picked":"SKIP","floor":27.0},{"not_picked":["PlaceholderMod:PoisonBlast","PlaceholderMod:StressReaction","PlaceholderMod:Stratification+1","PlaceholderMod:FastReaction","PlaceholderMod:StrongAcid"],"picked":"SKIP","floor":31},{"not_picked":["PlaceholderMod:ProliferateStrike","PlaceholderMod:AttackAsDefend","PlaceholderMod:Internalization+1","PlaceholderMod:SpinBlade+1"],"picked":"PlaceholderMod:EnergyAbsorb","floor":35},{"not_picked":["PlaceholderMod:Break+1","PlaceholderMod:ContinueSpray","PlaceholderMod:StressReaction","PlaceholderMod:InnerSoften","PlaceholderMod:InnerStable+1"],"picked":"SKIP","floor":36},{"not_picked":["Finesse","Replay:Sssssssssshield","Specialist","MostiFishMod:BrokenBlackCloak"],"picked":"Sadistic Nature","floor":37},{"not_picked":["PlaceholderMod:Sweep+1","PlaceholderMod:Break+1","PlaceholderMod:SeverePoisonStrike+1","PlaceholderMod:OHStrongAttack+1","PlaceholderMod:SprayAttack+1"],"picked":"SKIP","floor":39},{"not_picked":["PlaceholderMod:OHStrongAttack+1","PlaceholderMod:AttackAsDefend+1","PlaceholderMod:TriggerStrike","PlaceholderMod:Package"],"picked":"PlaceholderMod:Stable+1","floor":45},{"not_picked":["PlaceholderMod:Polyp","PlaceholderMod:InnerStable","PlaceholderMod:SeverePoisonStrike","PlaceholderMod:DiffusionChemical+1","PlaceholderMod:CrystallizationStrike"],"picked":"SKIP","floor":46},{"not_picked":["PlaceholderMod:ProliferateStrike+1","PlaceholderMod:GrowthForm","PlaceholderMod:StrongAcid","PlaceholderMod:SevereHeat+1","PlaceholderMod:Sweep"],"picked":"SKIP","floor":47},{"not_picked":["PlaceholderMod:InnerStable+1","PlaceholderMod:CrystallizationStrike+1","PlaceholderMod:ParasiteChange+1","PlaceholderMod:EnergyAbsorb","PlaceholderMod:Break"],"picked":"SKIP","floor":48}],"player_experience":935193,"relics_obtained":[{"floor":1.0,"key":"SynthV:TestCard"},{"floor":9.0,"key":"reliquary:PrincelyHelmet"},{"floor":24.0,"key":"ReplayTheSpireMod:Lightbulb"},{"floor":26.0,"key":"AT_MibuBalloonWealth"},{"floor":43,"key":"Dota2Spire:BladeMail"},{"floor":46,"key":"Omamori"}],"event_choices":[{"damage_healed":0.0,"max_hp_gain":0.0,"max_hp_loss":0.0,"gold_gain":0.0,"event_name":"Accursed Blacksmith","player_choice":"Forge","floor":7.0,"gold_loss":0.0,"damage_taken":0.0,"cards_upgraded":["Footwork"]},{"damage_healed":0.0,"max_hp_gain":0.0,"max_hp_loss":0.0,"gold_gain":0.0,"event_name":"Cursed Tome","player_choice":"Ignored","floor":19.0,"gold_loss":0.0,"damage_taken":0.0},{"damage_healed":0.0,"max_hp_gain":5.0,"max_hp_loss":0.0,"gold_gain":0.0,"event_name":"Forgotten Altar","player_choice":"Shed Blood","floor":22.0,"gold_loss":0.0,"damage_taken":18.0},{"damage_healed":0,"gold_gain":0,"player_choice":"Traded Relic","damage_taken":0,"relics_obtained":["Nloth\u0027s Gift"],"max_hp_gain":0,"max_hp_loss":0,"event_name":"N\u0027loth","floor":30,"relics_lost":["PlaceholderMod:Tancle"],"gold_loss":0},{"damage_healed":0,"gold_gain":0,"player_choice":"Memory 1","damage_taken":0,"max_hp_gain":0,"max_hp_loss":0,"event_name":"SensoryStone","floor":37,"gold_loss":0},{"damage_healed":0,"gold_gain":0,"player_choice":"Ignored","damage_taken":0,"max_hp_gain":0,"max_hp_loss":0,"event_name":"SecretPortal","floor":38,"gold_loss":0}],"is_beta":false,"boss_relics":[{"not_picked":["BloodWine","reliquary:KinkedSpring","MoonlightInvasionPlan"]},{"not_picked":["PatriotShield","Runic Dome"],"picked":"RhineFirstAidKit"}],"items_purged_floors":[3,23,28,44,49],"is_endless":false,"potions_floor_spawned":[1,5,11,13,14,24,31,33,39,41,45],"ascension_level":6}}