{"host":"2ifzph3yvi2kkz1c","time":1614193371,"event":{"mods":["BaseMod","BetterRewards","Colored Map","Conspire","Minty Spire (QoL Compilation)","Permanent Neow","Replay The Spire","StSLib"],"gold_per_floor":[112,125,200,6,6,32,32,46,46,46,59,73,73,91,91,170,170,188,188,0,10,26,26,26],"floor_reached":23,"language":"ENG","playtime":1293,"items_purged":["Strike_B","Defend_B"],"score":392,"play_id":"1af65d3c-9a4c-4cda-a430-e74ae380dd34","local_time":"20210224140251","is_ascension_mode":true,"campfire_choices":[{"data":"ReplayGash","floor":10,"key":"SMITH"},{"data":"Coolheaded","floor":10,"key":"SMITH"},{"data":"Dualcast","floor":13,"key":"SMITH"},{"data":"Auto Shields","floor":13,"key":"SMITH"},{"data":"Go for the Eyes","floor":15,"key":"SMITH"},{"data":"Ball Lightning","floor":15,"key":"SMITH"}],"circlet_count":0,"master_deck":["AscendersBane","Strike_B","Strike_B","Strike_B","Defend_B","Defend_B","Defend_B","Zap+1","Dualcast+1","Auto Shields+1","Undo","Coolheaded+1","Doom and Gloom+1","Ball Lightning+1","ReplayGash+1","Leap","Go for the Eyes+1","Leap+1","RitualDagger","Self Repair","FIFO Queue"],"relics":["Cracked Core","NeowsBlessing","Bag of Preparation","Replay:Arrowhead","Sozu"],"acts_visited":["Exordium","TheCity"],"potions_floor_usage":[23],"damage_taken":[{"damage":0,"enemies":"Small Slimes","floor":1,"turns":1},{"damage":0,"enemies":"Jaw Worm","floor":2,"turns":1},{"damage":0,"enemies":"Lagavulin","floor":6,"turns":1},{"damage":0,"enemies":"2 Louse","floor":8,"turns":2},{"damage":14,"enemies":"Large Slime","floor":11,"turns":5},{"damage":0,"enemies":"2 Fungi Beasts","floor":12,"turns":2},{"damage":0,"enemies":"Red Slaver","floor":14,"turns":4},{"damage":19,"enemies":"Slime Boss","floor":16,"turns":6},{"damage":2,"enemies":"3 Byrds","floor":18,"turns":4},{"damage":4,"enemies":"2 Thieves","floor":21,"turns":5},{"damage":18,"enemies":"Chosen and Byrds","floor":22,"turns":6},{"damage":44,"enemies":"Gremlin Leader","floor":23,"turns":6}],"seed_played":"-592601591951787428","potions_obtained":[{"floor":6,"key":"Dexterity Potion"},{"floor":11,"key":"LifebloodPotion"}],"is_trial":false,"path_per_floor":["M","M","?","$","?","E","?","M","T","R","M","M","R","M","R","B",null,"M","?","$","M","M","E"],"character_chosen":"DEFECT","items_purchased":["Coolheaded","Doom and Gloom+1","Self Repair"],"campfire_rested":0,"item_purchase_floors":[4,4,20],"current_hp_per_floor":[64,64,53,53,53,53,53,53,53,53,39,39,39,39,39,20,58,56,50,50,53,42,0,0],"gold":26,"neow_bonus":"THREE_ENEMY_KILL","is_daily":false,"chose_seed":false,"campfire_upgraded":6,"win_rate":0.0,"timestamp":1614193371,"path_taken":["M","M","?","$","?","E","?","M","T","R","M","?","R","M","R","BOSS","M","?","$","M","M","E"],"items_purchased_type":["Card","Card","Card"],"build_version":"2020-12-22","purchased_purges":2,"victory":false,"max_hp_per_floor":[71,71,71,71,71,71,71,71,71,71,71,71,71,71,71,71,71,71,71,71,71,71,71,71],"card_choices":[{"not_picked":["Coolheaded","Beam Cell"],"picked":"Auto Shields","floor":1},{"not_picked":["Gash","Stack"],"picked":"Undo","floor":2},{"not_picked":["Beam Cell","BootSequence"],"picked":"Ball Lightning","floor":6},{"not_picked":["Loop","Turbo"],"picked":"ReplayGash","floor":8},{"not_picked":["Stack","Go for the Eyes"],"picked":"Leap","floor":11},{"not_picked":["Rebound","Rainbow","Coolheaded"],"picked":"SKIP","floor":12},{"not_picked":["ReplayTheSpireMod:GoodbyeWorld","Streamline"],"picked":"Go for the Eyes","floor":14},{"not_picked":["Tempest","Lockon+1"],"picked":"Leap+1","floor":18},{"not_picked":["Cold Snap","Beam Cell","ReplayTheSpireMod:Dual Polarity"],"picked":"SKIP","floor":21},{"not_picked":["Conserve Battery","Go for the Eyes+1"],"picked":"FIFO Queue","floor":22}],"player_experience":379493,"relics_obtained":[{"floor":6,"key":"Bag of Preparation"},{"floor":9,"key":"Replay:Arrowhead"}],"event_choices":[{"damage_healed":0,"gold_gain":75,"player_choice":"Gather Gold","damage_taken":11,"max_hp_gain":0,"max_hp_loss":0,"event_name":"World of Goop","floor":3,"gold_loss":0},{"damage_healed":0,"gold_gain":0,"player_choice":"Grow","damage_taken":0,"max_hp_gain":0,"max_hp_loss":0,"event_name":"Living Wall","floor":5,"gold_loss":0,"cards_upgraded":["Zap"]},{"damage_healed":0,"gold_gain":0,"player_choice":"Ignored","damage_taken":0,"max_hp_gain":0,"max_hp_loss":0,"event_name":"Liars Game","floor":7,"gold_loss":0},{"damage_healed":0,"gold_gain":0,"player_choice":"Joined the Cult","damage_taken":6,"max_hp_gain":0,"max_hp_loss":0,"event_name":"Nest","floor":19,"gold_loss":0,"cards_obtained":["RitualDagger"]}],"is_beta":false,"boss_relics":[{"not_picked":["Replay:Grab Bag","Tiny House"],"picked":"Sozu"}],"items_purged_floors":[4,20],"is_endless":false,"potions_floor_spawned":[6,11,14,16,18,21],"killed_by":"Gremlin Leader","ascension_level":16}}