{"host":"b7qo4gia7dvxrdtr","time":1614208344,"event":{"mods":["BaseMod","Highlight Path","Minty Spire (QoL Compilation)","StSLib","The Animator"],"gold_per_floor":[111,37,67,77,5,31,31,51,51,61,80,94,94,107,107,208,208,218,218,233,245,274,302,302,302,302,54,73,100,100,126,126,238,238,249,268,268,287,1286,1286,1315,1097,1143,1143,1158,1158,462,480,480,480,480,480,466,516,571,653,653,653,728,808,412,32,139,139,139,139,254,254,254,254],"floor_reached":69,"language":"ENG","playtime":8193,"items_purged":["Wound","Normality","Wound"],"score":1319,"play_id":"9ae951e9-c659-4ab0-80c8-8bdbbd3b6d94","local_time":"20210225071224","is_ascension_mode":true,"campfire_choices":[{"floor":7.0,"key":"RECALL"},{"floor":13.0,"key":"REST"},{"data":"animator:Priestess","floor":15.0,"key":"SMITH"},{"data":"animator:Truth","floor":24.0,"key":"SMITH"},{"data":"animator:Hans","floor":32.0,"key":"SMITH"},{"data":"animator:Wiz","floor":40.0,"key":"SMITH"},{"data":"animator:Hitei","floor":44.0,"key":"SMITH"},{"data":"animator:Hitei","floor":49.0,"key":"SMITH"},{"data":"animator:Kuroyukihime","floor":52.0,"key":"SMITH"},{"floor":58.0,"key":"REST"},{"floor":66.0,"key":"REST"},{"floor":68.0,"key":"REST"}],"circlet_count":0,"master_deck":["animator:LizardPriest+1","animator:ChlammyZell+1","animator:RoyMustang+1","animator:TsurugaMeisai+1","animator:Shichika+1","animator:KrulTepes+1","animator:MaesHughes+1","animator:Shichika+1","animator:DolaRiku+1","animator:Mitsurugi+1","animator:Mitsurugi+1","animator:Witch+1","animator:Shichika+1","animator:Mikaela+1","animator:IzunaHatsuse+1","animator:Mitsuba+1","animator:RoyMustang+1","animator:Hans+1","animator:Mitsurugi+1","animator:Mikaela+1","animator:Truth+1","animator:Add+1","animator:Chung+1","animator:WinryRockbell+1","animator:Zero+1","animator:Wiz+1","animator:CrowleyEusford+1","animator:Hitei+1","animator:GoblinSlayer+1","animator:ChlammyZell+1","animator:Sloth+1","animator:Shinoa+1","Wound","animator:Togame+1","animator:CrowleyEusford+1","animator:Hitei+1","animator:Azekura+1","animator:GoblinSlayer+1","animator:TsurugaMeisai+1","animator:Kuroyukihime+1","animator:Vesta+1","animator:Mikaela+1","Wound","animator:GazelDwargon+1","Wound","animator:Sloth+1","Wound","animator:Azekura+1","animator:MisakiNakahara+1","Wound","animator:Eve+1","Wound","animator:Azekura+1","Wound"],"relics":["animator:CursedGlyph","animator:TheEgnaroPiece","animator:AncientMedallion"],"acts_visited":[],"potions_floor_usage":[69,69,69],"damage_taken":[{"damage":0.0,"enemies":"Cultist","floor":1.0,"turns":4.0},{"damage":6.0,"enemies":"2 Louse","floor":3.0,"turns":2.0},{"damage":7.0,"enemies":"Small Slimes","floor":4.0,"turns":2.0},{"damage":13.0,"enemies":"Lagavulin","floor":6.0,"turns":6.0},{"damage":5.0,"enemies":"2 Fungi Beasts","floor":8.0,"turns":3.0},{"damage":4.0,"enemies":"Exordium Wildlife","floor":10.0,"turns":2.0},{"damage":11.0,"enemies":"Lots of Slimes","floor":11.0,"turns":3.0},{"damage":7.0,"enemies":"Blue Slaver","floor":12.0,"turns":2.0},{"damage":0.0,"enemies":"Large Slime","floor":14.0,"turns":4.0},{"damage":7.0,"enemies":"Hexaghost","floor":16.0,"turns":8.0},{"damage":4.0,"enemies":"3 Byrds","floor":18.0,"turns":5.0},{"damage":19.0,"enemies":"2 Thieves","floor":20.0,"turns":2.0},{"damage":3.0,"enemies":"Shelled Parasite and Fungi","floor":21.0,"turns":3.0},{"damage":0.0,"enemies":"Sentry and Sphere","floor":22.0,"turns":2.0},{"damage":5.0,"enemies":"Book of Stabbing","floor":23.0,"turns":5.0},{"damage":5.0,"enemies":"Centurion and Healer","floor":28.0,"turns":6.0},{"damage":0.0,"enemies":"Gremlin Leader","floor":29.0,"turns":4.0},{"damage":9.0,"enemies":"Slavers","floor":31.0,"turns":6.0},{"damage":20.0,"enemies":"Collector","floor":33.0,"turns":8.0},{"damage":20.0,"enemies":"Orb Walker","floor":35.0,"turns":4.0},{"damage":18.0,"enemies":"3 Darklings","floor":36.0,"turns":4.0},{"damage":0.0,"enemies":"Writhing Mass","floor":38.0,"turns":4.0},{"damage":19.0,"enemies":"Reptomancer","floor":41.0,"turns":5.0},{"damage":6.0,"enemies":"Jaw Worm Horde","floor":45.0,"turns":3.0},{"damage":16.0,"enemies":"4 Shapes","floor":48.0,"turns":5.0},{"damage":16.0,"enemies":"Time Eater","floor":50.0,"turns":8.0},{"damage":11.0,"enemies":"animator:UNNAMED_HAT","floor":54.0,"turns":15.0},{"damage":51.0,"enemies":"animator:TRIPLE_SHAPES_WEAK","floor":55.0,"turns":8.0},{"damage":28.0,"enemies":"animator:LARGE_WISP","floor":59.0,"turns":8.0},{"damage":2.0,"enemies":"animator:TRIPLE_LAGAVULIN","floor":60.0,"turns":7.0},{"damage":56.0,"enemies":"animator:ULTIMATE_CUBE","floor":63.0,"turns":9.0},{"damage":27.0,"enemies":"animator:ULTIMATE_WISP","floor":67.0,"turns":7.0},{"damage":127,"enemies":"animator:TheUnnamed","floor":69,"turns":11}],"seed_played":"3421839168162174962","potions_obtained":[{"floor":1.0,"key":"Energy Potion"},{"floor":6.0,"key":"FearPotion"},{"floor":8.0,"key":"DuplicationPotion"},{"floor":16.0,"key":"DuplicationPotion"},{"floor":18.0,"key":"DuplicationPotion"},{"floor":22.0,"key":"Strength Potion"},{"floor":28.0,"key":"FearPotion"},{"floor":29.0,"key":"Energy Potion"},{"floor":41.0,"key":"DistilledChaos"},{"floor":54.0,"key":"animator:FalseLifePotion"},{"floor":55.0,"key":"animator:FalseLifePotion"},{"floor":59.0,"key":"animator:FalseLifePotion"},{"floor":60.0,"key":"animator:FalseLifePotion"},{"floor":63.0,"key":"animator:FalseLifePotion"},{"floor":67.0,"key":"animator:FalseLifePotion"}],"is_trial":false,"path_per_floor":["M","$","M","M","$","E","R","M","T","M","M","M","R","M","R","B",null,"M","?","M","M","M","E","R","T","T","$","M","E","?","E","R","B",null,"M","M","?","M","?","R","E","$","T","R","M","?","$","M","R","B",null,"R","??","M","M","T","?","R","M","M","?","$","E","T","?","R","E","R","B"],"character_chosen":"THE_ANIMATOR","items_purchased":["animator:DolaRiku","animator:Mitsurugi","animator:ItamiYouji","animator:WinryRockbell","animator:Zero","animator:CrowleyEusford","animator:Hitei","animator:GoblinSlayer","animator:DolaStephanie","Regen Potion","animator:TsurugaMeisai","animator:Kuroyukihime","Red Skull","animator:MisakiNakahara","animator:Priestess","animator:AncientMedallion"],"campfire_rested":4,"item_purchase_floors":[2,2,5,27,27,42,42,47,47,47,47,47,47,62,62,62],"current_hp_per_floor":[59,59,53,46,46,34,34,31,31,29,20,19,39,41,41,36,59,59,59,44,45,49,49,49,49,49,49,48,52,58,53,53,37,62,46,32,32,47,59,59,44,44,44,44,47,47,47,35,35,48,76,76,94,83,36,36,7,35,54,64,64,64,32,32,44,72,67,94,0,0],"gold":254,"neow_bonus":"BOSS_RELIC","is_daily":false,"chose_seed":false,"campfire_upgraded":7,"win_rate":0.0,"timestamp":1614208344,"path_taken":["M","?","M","M","$","E","R","M","T","M","M","M","R","M","R","BOSS","M","?","?","M","M","E","R","?","T","$","M","E","?","E","R","BOSS","M","M","?","?","?","R","E","?","T","R","?","?","$","M","R","BOSS","R","??","M","M","T","?","R","M","M","?","$","E","T","?","R","E","R","BOSS"],"items_purchased_type":["Card","Card","Card","Card","Card","Card","Card","Card","Card","Potion","Card","Card","Relic","Card","Card","Relic"],"build_version":"2020-12-22","purchased_purges":3,"victory":false,"max_hp_per_floor":[66,66,66,66,66,67,67,67,67,67,67,67,67,67,67,67,67,67,67,67,63,63,64,64,64,64,64,64,64,70,70,70,70,70,70,70,70,76,88,88,85,85,85,85,85,85,85,85,85,85,85,85,94,94,94,94,94,94,94,94,94,94,94,94,94,94,94,94,94,94],"card_choices":[{"not_picked":["animator:YunYun","animator:Mitsurugi"],"picked":"animator:Shichika","floor":1.0},{"not_picked":["animator:UneriGinkaku","animator:Mitsurugi"],"picked":"animator:Priestess","floor":3.0},{"not_picked":["animator:DwarfShaman","animator:LizardPriest"],"picked":"animator:Mitsurugi","floor":4.0},{"not_picked":["animator:Priestess","animator:CowGirl"],"picked":"animator:Witch","floor":6.0},{"not_picked":["animator:Shion","animator:Mitsuba"],"picked":"animator:Shichika","floor":8.0},{"not_picked":["animator:Togame","animator:Azekura"],"picked":"animator:Mikaela","floor":10.0},{"not_picked":["animator:Shinoa","animator:Shuna"],"picked":"animator:IzunaHatsuse","floor":11.0},{"not_picked":["animator:Shinoa","animator:Guren"],"picked":"animator:Mitsuba","floor":12.0},{"not_picked":["animator:YunYun","animator:Shion"],"picked":"animator:RoyMustang","floor":14.0},{"not_picked":["animator:Guren","animator:Shiro"],"picked":"animator:Hans","floor":16.0},{"not_picked":["animator:LizardPriest","animator:Aisha"],"picked":"animator:Mitsurugi","floor":18.0},{"not_picked":["animator:Shuna","animator:Kazuma"],"picked":"animator:Mikaela+1","floor":20.0},{"not_picked":["animator:RoyMustang","animator:Gluttony"],"picked":"animator:Truth","floor":21.0},{"not_picked":["animator:Tet","animator:Shion"],"picked":"animator:Add","floor":22.0},{"not_picked":["animator:Mitsuba","animator:TsurugaMeisai"],"picked":"animator:Chung","floor":23.0},{"not_picked":["animator:Souei+1","animator:Hakurou"],"picked":"animator:Wiz","floor":28.0},{"not_picked":["animator:KrulTepes","animator:Yoichi"],"picked":"animator:CrowleyEusford","floor":29.0},{"not_picked":["animator:Mitsuba","animator:Togame"],"picked":"animator:Hitei","floor":31.0},{"not_picked":["animator:ItamiYouji","animator:Biyorigo"],"picked":"animator:GoblinSlayer","floor":33.0},{"not_picked":["animator:DwarfShaman+1","animator:RoyMustang+1"],"picked":"animator:ChlammyZell+1","floor":35.0},{"not_picked":["animator:Togame","animator:Mitsuba"],"picked":"animator:Sloth","floor":36.0},{"not_picked":["animator:Mitsuba","animator:KrulTepes"],"picked":"animator:Shinoa","floor":38.0},{"not_picked":["animator:Priestess","animator:MaesHughes+1"],"picked":"animator:Togame","floor":41.0},{"not_picked":["animator:Sloth","animator:KrulTepes"],"picked":"animator:Azekura","floor":45.0},{"not_picked":["animator:DolaCouronne+1","animator:Togame"],"picked":"animator:Vesta","floor":48.0},{"not_picked":["animator:Aqua","animator:Konayuki"],"picked":"animator:Mikaela+1","floor":54.0},{"not_picked":["animator:LizardPriest+1","animator:Guren"],"picked":"animator:GazelDwargon+1","floor":55.0},{"not_picked":["animator:Hakurou","animator:Shuna"],"picked":"animator:Sloth+1","floor":59.0},{"not_picked":["animator:DolaRiku+1","animator:ZankiKiguchi"],"picked":"animator:Azekura","floor":60.0},{"not_picked":["animator:Shinoa+1","animator:Witch+1"],"picked":"animator:Eve","floor":63.0},{"not_picked":["animator:CowGirl","animator:DolaRiku"],"picked":"animator:Azekura+1","floor":67.0}],"player_experience":785520,"relics_obtained":[{"floor":6.0,"key":"Blood Vial"},{"floor":6.0,"key":"Pocketwatch"},{"floor":16.0,"key":"Blood Vial"},{"floor":21.0,"key":"animator:CursedGlyph"},{"floor":23.0,"key":"Paper Crane"},{"floor":25.0,"key":"Darkstone Periapt"},{"floor":26.0,"key":"Mummified Hand"},{"floor":29.0,"key":"Shuriken"},{"floor":31.0,"key":"Toy Ornithopter"},{"floor":41.0,"key":"StoneCalendar"},{"floor":43.0,"key":"Bag of Marbles"},{"floor":53.0,"key":"animator:TheEgnaroPiece"},{"floor":53.0,"key":"animator:AncientMedallion"},{"floor":56.0,"key":"animator:AncientMedallion"},{"floor":61.0,"key":"animator:AncientMedallion"},{"floor":61.0,"key":"animator:AncientMedallion"},{"floor":63.0,"key":"animator:AncientMedallion"},{"floor":63.0,"key":"animator:AncientMedallion"},{"floor":64.0,"key":"animator:AncientMedallion"},{"floor":67.0,"key":"animator:AncientMedallion"}],"event_choices":[{"damage_healed":0.0,"max_hp_gain":0.0,"max_hp_loss":0.0,"gold_gain":0.0,"event_name":"N\u0027loth","player_choice":"Traded Relic","floor":19.0,"relics_lost":["Pandora\u0027s Box"],"gold_loss":0.0,"damage_taken":0.0,"relics_obtained":["Nloth\u0027s Gift"]},{"damage_healed":0.0,"max_hp_gain":0.0,"max_hp_loss":0.0,"gold_gain":0.0,"event_name":"The Mausoleum","player_choice":"Opened","floor":30.0,"gold_loss":0.0,"damage_taken":0.0,"relics_obtained":["Ginger"],"cards_obtained":["Writhe"]},{"cards_removed":["Wound"],"damage_healed":0.0,"max_hp_gain":0.0,"max_hp_loss":0.0,"gold_gain":0.0,"event_name":"WeMeetAgain","player_choice":"Gave Card","floor":37.0,"gold_loss":0.0,"damage_taken":0.0,"relics_obtained":["Bronze Scales"]},{"damage_healed":0.0,"max_hp_gain":0.0,"max_hp_loss":0.0,"gold_gain":999.0,"event_name":"MindBloom","player_choice":"Gold","floor":39.0,"gold_loss":0.0,"damage_taken":0.0,"cards_obtained":["Normality","Normality"]},{"damage_healed":0.0,"max_hp_gain":0.0,"max_hp_loss":0.0,"gold_gain":0.0,"event_name":"Upgrade Shrine","player_choice":"Upgraded","floor":46.0,"gold_loss":0.0,"damage_taken":0.0,"cards_upgraded":["animator:Sloth"]}],"is_beta":false,"boss_relics":[{"not_picked":["animator:RacePiece","Coffee Dripper"],"picked":"Mark of Pain"},{"not_picked":["Tiny House","Empty Cage"],"picked":"Philosopher\u0027s Stone"}],"items_purged_floors":[27,42,47],"is_endless":false,"potions_floor_spawned":[1,6,8,11,14,16,18,21,22,28,29,41,59,60,67],"killed_by":"animator:TheUnnamed","ascension_level":6}}