{"host":"gsjtu2nhjj0xfoom","time":1614205289,"event":{"mods":["BaseMod","Colored Map","Colored Powertips","Highlight Path","Minty Spire (QoL Compilation)","Permanent Neow","StSLib"],"gold_per_floor":[99,53,53,53,53,53,53,53,53,53,53,53,53,53,53,53,53,53,53,53,53,53,53,0,0,0],"floor_reached":25,"language":"ENG","playtime":750,"items_purged":[],"score":372,"play_id":"ae52264d-a4fb-43b1-8e4e-4913291ffc40","local_time":"20210224232129","is_ascension_mode":true,"campfire_choices":[{"data":"Eruption","floor":7.0,"key":"SMITH"},{"data":"Wallop","floor":15.0,"key":"SMITH"},{"floor":23,"key":"REST"}],"circlet_count":0,"master_deck":["AscendersBane","Strike_P","Strike_P","Strike_P","Defend_P","Defend_P","Defend_P","Defend_P","Eruption+1","Vigilance","ThirdEye","ReachHeaven","CutThroughFate","Indignation","Wireheading","BattleHymn","Wallop+1","ConjureBlade","ClearTheMind","Omniscience","EmptyBody","Dark Shackles"],"relics":["Ectoplasm","Anchor","Bag of Marbles","Bronze Scales","Toy Ornithopter","SlaversCollar","Strawberry"],"acts_visited":["Exordium","TheCity"],"potions_floor_usage":[],"damage_taken":[{"damage":0.0,"enemies":"Small Slimes","floor":1.0,"turns":3.0},{"damage":0.0,"enemies":"Jaw Worm","floor":3.0,"turns":3.0},{"damage":0.0,"enemies":"Cultist","floor":5.0,"turns":2.0},{"damage":16.0,"enemies":"Gremlin Nob","floor":6.0,"turns":3.0},{"damage":7.0,"enemies":"Lagavulin","floor":8.0,"turns":4.0},{"damage":0.0,"enemies":"Looter","floor":11.0,"turns":1.0},{"damage":25.0,"enemies":"3 Sentries","floor":12.0,"turns":4.0},{"damage":0.0,"enemies":"Gremlin Gang","floor":13.0,"turns":3.0},{"damage":3.0,"enemies":"Hexaghost","floor":16.0,"turns":5.0},{"damage":18,"enemies":"Shell Parasite","floor":18,"turns":5},{"damage":10,"enemies":"2 Thieves","floor":24,"turns":4},{"damage":48,"enemies":"Book of Stabbing","floor":25,"turns":3}],"seed_played":"-3068912712521065866","potions_obtained":[{"floor":3.0,"key":"Block Potion"},{"floor":4.0,"key":"EntropicBrew"},{"floor":11.0,"key":"StancePotion"},{"floor":16.0,"key":"Energy Potion"},{"floor":24,"key":"Ancient Potion"}],"is_trial":false,"path_per_floor":["M","?","M","?","M","E","R","E","T","?","M","E","M","?","R","B",null,"M","T","$","?","?","R","M","E"],"character_chosen":"WATCHER","items_purchased":[],"campfire_rested":1,"item_purchase_floors":[],"current_hp_per_floor":[61,61,61,61,61,45,45,38,38,38,38,13,13,13,13,20,56,38,45,45,31,31,55,45,0,0],"gold":0,"neow_bonus":"BOSS_RELIC","is_daily":false,"chose_seed":false,"campfire_upgraded":2,"win_rate":0.0,"timestamp":1614205289,"path_taken":["M","?","M","?","?","E","R","E","T","?","?","E","M","?","R","BOSS","M","?","$","?","?","R","?","E"],"items_purchased_type":[],"build_version":"2020-12-22","purchased_purges":0,"victory":false,"max_hp_per_floor":[68,68,68,68,68,68,68,68,68,68,68,68,68,68,68,68,68,68,75,75,80,80,80,80,80,80],"card_choices":[{"not_picked":["Evaluate","EmptyBody"],"picked":"ThirdEye","floor":1.0},{"not_picked":["CrushJoints","InnerPeace"],"picked":"ReachHeaven","floor":3.0},{"not_picked":["Consecrate","PathToVictory"],"picked":"CutThroughFate","floor":5.0},{"not_picked":["FlurryOfBlows","Halt"],"picked":"Indignation","floor":6.0},{"not_picked":["PathToVictory","BattleHymn"],"picked":"Wireheading","floor":8.0},{"not_picked":["BowlingBash","Crescendo"],"picked":"BattleHymn","floor":11.0},{"not_picked":["SandsOfTime","EmptyFist"],"picked":"Wallop","floor":12.0},{"not_picked":["ThirdEye","Protect"],"picked":"ConjureBlade","floor":13.0},{"not_picked":["Scrawl","Brilliance"],"picked":"Omniscience","floor":16.0},{"not_picked":["EmptyFist","FlurryOfBlows+1"],"picked":"EmptyBody","floor":18},{"not_picked":["PathToVictory","Indignation","EmptyFist"],"picked":"SKIP","floor":24}],"player_experience":1380977,"relics_obtained":[{"floor":6.0,"key":"Anchor"},{"floor":8.0,"key":"Bag of Marbles"},{"floor":9.0,"key":"Bronze Scales"},{"floor":12.0,"key":"Toy Ornithopter"},{"floor":19,"key":"Strawberry"}],"event_choices":[{"damage_healed":0.0,"max_hp_gain":0.0,"max_hp_loss":0.0,"gold_gain":0.0,"event_name":"World of Goop","player_choice":"Left Gold","floor":2.0,"gold_loss":46.0,"damage_taken":0.0},{"damage_healed":0.0,"max_hp_gain":0.0,"max_hp_loss":0.0,"gold_gain":0.0,"event_name":"Lab","player_choice":"Got Potions","floor":4.0,"gold_loss":0.0,"damage_taken":0.0},{"damage_healed":0.0,"max_hp_gain":0.0,"max_hp_loss":0.0,"gold_gain":0.0,"event_name":"The Woman in Blue","player_choice":"Bought 0 Potions","floor":10.0,"gold_loss":0.0,"damage_taken":0.0},{"damage_healed":0.0,"max_hp_gain":0.0,"max_hp_loss":0.0,"gold_gain":0.0,"cards_transformed":["Strike_P"],"event_name":"Transmorgrifier","player_choice":"Transformed","floor":14.0,"gold_loss":0.0,"damage_taken":0.0,"cards_obtained":["ClearTheMind"]},{"damage_healed":0,"gold_gain":0,"player_choice":"Shed Blood","damage_taken":19,"max_hp_gain":5,"max_hp_loss":0,"event_name":"Forgotten Altar","floor":21,"gold_loss":0},{"damage_healed":0,"gold_gain":0,"player_choice":"1 cards matched","damage_taken":0,"max_hp_gain":0,"max_hp_loss":0,"event_name":"Match and Keep!","floor":22,"gold_loss":0,"cards_obtained":["Dark Shackles"]}],"is_beta":false,"boss_relics":[{"not_picked":["Philosopher\u0027s Stone","Runic Dome"],"picked":"SlaversCollar"}],"items_purged_floors":[],"is_endless":false,"potions_floor_spawned":[3,5,6,11,16,24],"killed_by":"Book of Stabbing","ascension_level":14}}