{"host":"ty9fb48q9oru32qm","time":1614161023,"event":{"mods":["2.2 Compatiblity","AchievementEnabler","Act Like it!","Aspiration","Astrologer","BaseMod","Beaked The Cultist","Better Synergies","Block Reminder","Colored Powertips","Conspire","DeckTracker","Downfall","Friendly Minions","GifTheSpireLib","Halation","Hermit","Hubris","Infinite Spire","Jorbs\u0027s Wanderer Trilogy","Marisa????????","Minty Spire (QoL Compilation)","Permanent Neow","Quick Restart","Random Character Button","Reliquary","Replay The Spire","Somnambulant","StSLib","Stuff the Spire","The Cursed","The Jungle","The Marked","The Runesmith","TheVacant","Wandering Minibosses"],"gold_per_floor":[111,126,126,139,156,189,44,44,97,97,97,128,143,153,153,258,258,271,285,585,585,277,303,315,315,315,326,358,370,385,385,385,487,487,497,511,511,528,528,554,554,567,567,582,0,26,26,26,26,26,26,26,26,56,56],"floor_reached":56,"language":"ENG","playtime":4179,"items_purged":["Strike_G"],"score":1084,"play_id":"4a59a801-9f53-4ee5-a254-288809e90e76","local_time":"20210224110343","is_ascension_mode":false,"campfire_choices":[{"data":"Crippling Poison","floor":8,"key":"SMITH"},{"floor":25,"key":"RECALL"},{"data":"infinitespire:Collect","floor":32,"key":"SMITH"},{"data":"beaked:MaddeningMurmurs","floor":41,"key":"SMITH"},{"data":"infinitespire:Collect","floor":49,"key":"SMITH"},{"data":"Envenom","floor":52,"key":"SMITH"}],"circlet_count":0,"master_deck":["Strike_G","Strike_G","Strike_G+1","Defend_G+1","Defend_G+1","Defend_G","Survivor","Neutralize","Crippling Poison+1","Infinite Blades","Bane","Finisher","Bouncing Flask+1","Bouncing Flask+1","beaked:KnowThyFoe","infinitespire:Collect+1","hubris:Counter","infinitespire:Collect+1","Envenom+1","beaked:MaddeningMurmurs+1","Parasite","Deadly Poison"],"relics":["Ring of the Snake","aspiration:Nostalgia","beaked:MendingPlumage","infinitespire:Beetle Shell","reliquary:RadioactivePellet","hubris:DisguiseKit","Simple Rune","Replay:Grab Bag","beaked:SacredNecklace","Busted Crown","SacredBark","Old Coin","WristBlade","Juzu Bracelet","DollysMirror","Mummified Hand","halation:LettersToHer","reliquary:RosewoodLute","ReplayTheSpireMod:Onyx Gauntlets","StuffTheSpire:Barrel","aspiration:FetidBarrel","PreservedInsect","Red Mask","War Paint","halation:AfternoonTea"],"acts_visited":["Exordium","Exordium","TheBeyond","TheEnding"],"potions_floor_usage":[40,50,55],"damage_taken":[{"damage":7,"enemies":"Small Slimes","floor":1,"turns":4},{"damage":4,"enemies":"Cultist","floor":2,"turns":4},{"damage":0,"enemies":"Jaw Worm","floor":4,"turns":5},{"damage":12,"enemies":"2 Fungi Beasts","floor":5,"turns":4},{"damage":27,"enemies":"3 Sentries","floor":6,"turns":12},{"damage":16,"enemies":"Gremlin Nob","floor":12,"turns":4},{"damage":25,"enemies":"Gremlin Gang","floor":13,"turns":4},{"damage":20,"enemies":"Exordium Thugs","floor":14,"turns":4},{"damage":45,"enemies":"Slime Boss","floor":16,"turns":8},{"damage":20,"enemies":"theJungle:5_Spyders","floor":18,"turns":7},{"damage":32,"enemies":"theJungle:MUSHROOMGANG","floor":19,"turns":5},{"damage":32,"enemies":"Nightmare","floor":23,"turns":6},{"damage":3,"enemies":"theJungle:Snecko_Cultist_And_Trap","floor":24,"turns":4},{"damage":6,"enemies":"theJungle:2_Snecko_Cultists","floor":27,"turns":4},{"damage":6,"enemies":"theJungle:Cassacara","floor":28,"turns":4},{"damage":6,"enemies":"theJungle:SlimyTreeVines","floor":29,"turns":4},{"damage":12,"enemies":"theJungle:Lyon","floor":30,"turns":4},{"damage":20,"enemies":"theJungle:FunGuy","floor":33,"turns":7},{"damage":1,"enemies":"Orb Walker","floor":35,"turns":2},{"damage":10,"enemies":"3 Darklings","floor":36,"turns":3},{"damage":30,"enemies":"Jaw Worm Horde","floor":38,"turns":3},{"damage":36,"enemies":"Nightmare","floor":40,"turns":6},{"damage":3,"enemies":"Writhing Mass","floor":42,"turns":4},{"damage":0,"enemies":"Maw","floor":44,"turns":4},{"damage":0,"enemies":"beaked:SuperParasite","floor":46,"turns":3},{"damage":23,"enemies":"Replay:Hell Engine","floor":50,"turns":6},{"damage":21,"enemies":"Shield and Spear","floor":54,"turns":3},{"damage":62,"enemies":"The Heart","floor":55,"turns":7}],"seed_played":"9049866867837427444","potions_obtained":[{"floor":5,"key":"LiquidMemories"},{"floor":6,"key":"champ:CounterPotion"},{"floor":16,"key":"GhostInAJar"},{"floor":18,"key":"BlessingOfTheForge"},{"floor":42,"key":"Explosive Potion"},{"floor":48,"key":"Flashbang"}],"is_trial":false,"path_per_floor":["M","M","?","M","M","E","$","R","T","$","?","E","M","M","R","B",null,"M","M","AVR","?","$","NM","M","R","T","M","E","M","M","?","R","B",null,"M","M","?","M","AVR","NM","R","M","T","M","?","E","?","?","R","B",null,"R","$","E","B",null],"character_chosen":"THE_SILENT","items_purchased":["reliquary:RadioactivePellet","Juzu Bracelet","DollysMirror"],"campfire_rested":0,"item_purchase_floors":[7,22,22],"current_hp_per_floor":[70,70,70,70,69,70,70,70,70,70,70,61,50,39,60,43,70,68,54,54,54,54,49,65,65,65,69,70,70,64,70,70,66,70,70,70,70,53,53,46,46,67,67,70,70,70,70,70,70,70,70,70,70,67,52],"gold":56,"neow_bonus":"NOSTALGIA","is_daily":false,"chose_seed":false,"campfire_upgraded":5,"win_rate":0.0,"timestamp":1614161023,"path_taken":["M","M","?","M","M","E","$","R","T","?","?","E","M","?","R","BOSS","M","M","AVR","?","?","NM","M","R","T","M","E","M","M","?","R","BOSS","M","M","?","M","AVR","NM","R","M","T","M","?","E","?","?","R","BOSS","R","$","E","BOSS"],"items_purchased_type":["Relic","Relic","Relic"],"build_version":"2020-12-22","purchased_purges":1,"victory":true,"max_hp_per_floor":[70,70,70,70,70,70,70,70,70,70,70,70,70,70,70,70,70,70,70,70,70,70,70,70,70,70,70,70,70,70,70,70,70,70,70,70,70,70,70,70,70,70,70,70,70,70,70,70,70,70,70,70,70,70,70],"card_choices":[{"not_picked":["StuffTheSpire:Python","Outmaneuver"],"picked":"Crippling Poison","floor":1},{"not_picked":["Heel Hook","hubris:SlightOfHand"],"picked":"Fluid Movement","floor":2},{"not_picked":["Blade Dance","Draining Mist"],"picked":"Infinite Blades","floor":4},{"not_picked":["Flying Knee","hubris:SlightOfHand"],"picked":"Bane","floor":5},{"not_picked":["PiercingWail","Deflect"],"picked":"Finisher","floor":6},{"not_picked":["hubris:TrickCloak","hubris:Counter","beaked:WarriorSpirit"],"picked":"Bouncing Flask","floor":12},{"not_picked":["StuffTheSpire:ClusterCrunch","StuffTheSpire:BumpUp","beaked:StickSmack"],"picked":"Bouncing Flask","floor":13},{"not_picked":["Dagger Throw","ReplayTheSpireMod:Tripwire","Prepared","beaked:DesperateSwing"],"picked":"SKIP","floor":14},{"not_picked":["Atom Bomb","Doppelganger","StuffTheSpire:FinalStruggle"],"picked":"beaked:KnowThyFoe","floor":16},{"not_picked":["Skewer","beaked:MimicHuntress"],"picked":"SKIP","floor":18},{"not_picked":["StuffTheSpire:Python","beaked:TuckingFeathers"],"picked":"SKIP","floor":19},{"not_picked":["Cloak And Dagger","beaked:TuckingFeathers"],"picked":"SKIP","floor":23},{"not_picked":["ReplayTheSpireMod:Exploit Weakness","beaked:Foresight"],"picked":"SKIP","floor":24},{"not_picked":["Dagger Throw+1","beaked:MachineSpirit"],"picked":"SKIP","floor":27},{"not_picked":["Dagger Spray","beaked:Redirect"],"picked":"SKIP","floor":28},{"not_picked":["hubris:SlightOfHand","beaked:Foresight"],"picked":"SKIP","floor":29},{"not_picked":["StuffTheSpire:Incursion","beaked:Negation"],"picked":"SKIP","floor":30},{"not_picked":["beaked:KnowThyFoe"],"picked":"Envenom","floor":33},{"not_picked":["Slice","beaked:Tradeoff"],"picked":"SKIP","floor":35},{"not_picked":["StuffTheSpire:Injection","beaked:Tradeoff"],"picked":"SKIP","floor":36},{"not_picked":["Slice+1","beaked:Replenish"],"picked":"SKIP","floor":38},{"not_picked":["StuffTheSpire:Injection+1"],"picked":"beaked:MaddeningMurmurs","floor":40},{"not_picked":["Blade Dance+1","beaked:Hexing"],"picked":"SKIP","floor":42},{"not_picked":["Caltrops+1","beaked:Replenish"],"picked":"SKIP","floor":44},{"not_picked":["StuffTheSpire:ClusterCrunch+1","beaked:BloodForTheGods"],"picked":"SKIP","floor":46},{"not_picked":["beaked:Poke"],"picked":"Deadly Poison","floor":54}],"player_experience":347751,"relics_obtained":[{"floor":6,"key":"infinitespire:Beetle Shell"},{"floor":12,"key":"Simple Rune"},{"floor":23,"key":"Mummified Hand"},{"floor":26,"key":"halation:LettersToHer"},{"floor":28,"key":"reliquary:RosewoodLute"},{"floor":40,"key":"aspiration:FetidBarrel"},{"floor":43,"key":"halation:LettersToHer"},{"floor":43,"key":"PreservedInsect"},{"floor":46,"key":"War Paint"},{"floor":54,"key":"halation:AfternoonTea"}],"event_choices":[{"cards_removed":["Defend_G"],"damage_healed":0,"gold_gain":0,"player_choice":"Purged","damage_taken":0,"max_hp_gain":0,"max_hp_loss":0,"event_name":"Purifier","floor":3,"gold_loss":0},{"damage_healed":0,"gold_gain":0,"player_choice":"Gave Potion","damage_taken":0,"relics_obtained":["hubris:DisguiseKit"],"max_hp_gain":0,"max_hp_loss":0,"event_name":"WeMeetAgain","floor":11,"gold_loss":0},{"damage_healed":0,"gold_gain":0,"cards_transformed":["Strike_G"],"player_choice":"Transformed","damage_taken":0,"max_hp_gain":0,"max_hp_loss":0,"event_name":"Transmorgrifier","floor":21,"gold_loss":0,"cards_obtained":["hubris:Counter"]},{"cards_removed":["Fluid Movement"],"damage_healed":6,"gold_gain":0,"player_choice":"Offered Uncommon","damage_taken":0,"max_hp_gain":0,"max_hp_loss":0,"event_name":"Bonfire Elementals","floor":31,"gold_loss":0},{"damage_healed":0,"gold_gain":0,"player_choice":"Paid","damage_taken":0,"relics_obtained":["Red Mask"],"max_hp_gain":0,"max_hp_loss":0,"event_name":"Tomb of Lord Red Mask","floor":45,"gold_loss":582},{"cards_removed":["Defend_G"],"damage_healed":0,"gold_gain":0,"player_choice":"Removed Skill","damage_taken":0,"max_hp_gain":0,"max_hp_loss":0,"event_name":"Falling","floor":47,"gold_loss":0},{"damage_healed":0,"gold_gain":0,"player_choice":"Got Potions","damage_taken":0,"max_hp_gain":0,"max_hp_loss":0,"event_name":"Lab","floor":48,"gold_loss":0}],"is_beta":false,"boss_relics":[{"not_picked":["aspiration:RunicSpoon","Runic Dome"],"picked":"Replay:Grab Bag"},{"not_picked":["Cursed Key","Philosopher\u0027s Stone"],"picked":"beaked:SacredNecklace"},{"not_picked":["Fusion Hammer","hubris:TerracottaHorce"],"picked":"Busted Crown"},{"not_picked":["Snecko Scales","Ring of Chaos"],"picked":"SacredBark"},{"not_picked":["halation:Yufonium","halation:LoveArrow"],"picked":"ReplayTheSpireMod:Onyx Gauntlets"}],"items_purged_floors":[20],"is_endless":false,"potions_floor_spawned":[5,6,16,18,24,28,29,35,42,44],"ascension_level":0}}