{"host":"tlbbab9afexrkdtf","time":1614197595,"event":{"mods":["2.2 Compatiblity","AchievementEnabler","BaseMod","Colored Map","Colored Powertips","Minty Spire (QoL Compilation)","Rare Cards Sparkle","StSLib"],"gold_per_floor":[18,32,32,51,68,83,83,97,145,145,205,223,398,398,398,398,398],"floor_reached":16,"language":"ENG","playtime":370,"items_purged":[],"score":94,"play_id":"bf719304-ba17-4b22-8d36-b5933b702474","local_time":"20210224151315","is_ascension_mode":false,"campfire_choices":[{"floor":7,"key":"REST"},{"floor":15,"key":"REST"}],"circlet_count":0,"master_deck":["Strike_P","Strike_P","Strike_P","Strike_P","Defend_P","Defend_P","Defend_P","Defend_P","Eruption","Vigilance","FollowUp","Consecrate","Vengeance","MentalFortress","FlurryOfBlows","PathToVictory","Adaptation","Prostrate"],"relics":["PureWater","Girya","Nunchaku","Damaru","Akabeko","Peace Pipe"],"acts_visited":["Exordium"],"potions_floor_usage":[11,11,11],"damage_taken":[{"damage":8,"enemies":"Cultist","floor":1,"turns":4},{"damage":10,"enemies":"2 Louse","floor":2,"turns":3},{"damage":0,"enemies":"Small Slimes","floor":4,"turns":1},{"damage":13,"enemies":"2 Fungi Beasts","floor":5,"turns":2},{"damage":5,"enemies":"Looter","floor":6,"turns":2},{"damage":2,"enemies":"Exordium Wildlife","floor":8,"turns":3},{"damage":5,"enemies":"Gremlin Nob","floor":11,"turns":3},{"damage":0,"enemies":"3 Louse","floor":12,"turns":2},{"damage":66,"enemies":"The Guardian","floor":16,"turns":8}],"seed_played":"4717562872989473869","potions_obtained":[{"floor":2,"key":"Energy Potion"},{"floor":4,"key":"Energy Potion"},{"floor":8,"key":"Regen Potion"}],"is_trial":false,"path_per_floor":["M","M","T","M","M","M","R","M","T","?","?","M","?","?","R","B"],"character_chosen":"WATCHER","items_purchased":[],"campfire_rested":2,"item_purchase_floors":[],"current_hp_per_floor":[64,54,54,54,41,36,57,55,55,37,41,41,41,41,62,0,0],"gold":398,"neow_bonus":"ONE_RARE_RELIC","is_daily":false,"chose_seed":false,"campfire_upgraded":0,"win_rate":0.0,"timestamp":1614197595,"path_taken":["M","M","?","?","M","M","R","M","T","?","?","M","?","?","R","BOSS"],"items_purchased_type":[],"build_version":"2020-12-22","purchased_purges":0,"victory":false,"max_hp_per_floor":[72,72,72,72,72,72,72,72,72,72,72,72,72,72,72,72,72],"card_choices":[{"not_picked":["Evaluate","WindmillStrike"],"picked":"FollowUp","floor":1},{"not_picked":["Wireheading","JustLucky"],"picked":"Consecrate","floor":2},{"not_picked":["Evaluate","Protect"],"picked":"Vengeance","floor":4},{"not_picked":["Fasting2","Consecrate"],"picked":"MentalFortress","floor":5},{"not_picked":["Perseverance","BowlingBash"],"picked":"FlurryOfBlows","floor":6},{"not_picked":["EmptyBody","Blasphemy"],"picked":"PathToVictory","floor":8},{"not_picked":["Evaluate","FollowUp"],"picked":"Adaptation","floor":11},{"not_picked":["Tantrum","CutThroughFate"],"picked":"Prostrate","floor":12}],"player_experience":362054,"relics_obtained":[{"floor":3,"key":"Nunchaku"},{"floor":9,"key":"Damaru"}],"event_choices":[{"damage_healed":0,"gold_gain":0,"player_choice":"Success","damage_taken":18,"relics_obtained":["Akabeko"],"max_hp_gain":0,"max_hp_loss":0,"event_name":"Scrap Ooze","floor":10,"gold_loss":0},{"damage_healed":0,"gold_gain":0,"player_choice":"Searched \u00272\u0027 times","damage_taken":0,"relics_obtained":["Peace Pipe"],"max_hp_gain":0,"max_hp_loss":0,"event_name":"Dead Adventurer","floor":11,"gold_loss":0},{"damage_healed":0,"gold_gain":175,"player_choice":"AGREE","damage_taken":0,"max_hp_gain":0,"max_hp_loss":0,"event_name":"Liars Game","floor":13,"gold_loss":0,"cards_obtained":["Doubt"]},{"cards_removed":["Doubt"],"damage_healed":0,"gold_gain":0,"player_choice":"Forget","damage_taken":0,"max_hp_gain":0,"max_hp_loss":0,"event_name":"Living Wall","floor":14,"gold_loss":0}],"is_beta":false,"boss_relics":[],"items_purged_floors":[],"is_endless":false,"potions_floor_spawned":[2,4,8],"killed_by":"The Guardian","ascension_level":0}}