{"host":"rw1trt79hfpl7pom","time":1614175671,"event":{"mods":["BaseMod","Bestiary","Colored Map","Jorbs\u0027s Wanderer Trilogy","Minty Spire (QoL Compilation)","Relic Stats","StSLib","SuperFastMode"],"gold_per_floor":[116,116,136,4,14,45,57,57,57,86,136,170,189,203,203,274,274,286,69,86,56,68,101,117,146,146,146,146,178,178,194,194,272,272,284,300,317,317,128,128,156,168,191,216,227,252,252,283,283,283,283,283,283,117,146,146],"floor_reached":57,"language":"ENG","playtime":3253,"items_purged":["Flex","Decay","stsjorbsmod:Amnesia"],"score":3069,"play_id":"e7df0dcd-db62-4812-8067-fbc96e78fd1c","local_time":"20210224060751","is_ascension_mode":true,"campfire_choices":[{"data":"Armaments","floor":8.0,"key":"SMITH"},{"data":"Inflame","floor":15.0,"key":"SMITH"},{"floor":28.0,"key":"REST"},{"data":"Demon Form","floor":30.0,"key":"SMITH"},{"data":"Heavy Blade","floor":32.0,"key":"SMITH"},{"floor":40.0,"key":"REST"},{"floor":49.0,"key":"RECALL"},{"data":"Battle Trance","floor":53.0,"key":"SMITH"}],"circlet_count":0,"master_deck":["AscendersBane","Bash","Armaments+1","Battle Trance","Inflame+1","Clothesline","Disarm","Sword Boomerang","Exhume","Shrug It Off","Shrug It Off","Shrug It Off","Corruption","Bludgeon","Burning Pact","Dark Embrace","Twin Strike","Demon Form+1","True Grit","Sentinel","Heavy Blade+1","Battle Trance+1","Entrench","Disarm","Shrug It Off","Flame Barrier","Shrug It Off","Flame Barrier","Exhume","Second Wind","Entrench","Armaments+1","Fiend Fire","Body Slam+1","Flame Barrier","Spot Weakness","Shockwave","Spot Weakness"],"relics":["Cursed Key","Eternal Feather","Potion Belt","Whetstone","Pandora\u0027s Box","Frozen Egg 2","Incense Burner","Oddly Smooth Stone","Happy Flower","SacredBark","Vajra","InkBottle","Du-Vu Doll","Lizard Tail","Toy Ornithopter"],"acts_visited":["Exordium","TheCity","TheBeyond","TheEnding"],"potions_floor_usage":[56,56],"damage_taken":[{"damage":1.0,"enemies":"Cultist","floor":1.0,"turns":3.0},{"damage":3.0,"enemies":"Small Slimes","floor":3.0,"turns":4.0},{"damage":2.0,"enemies":"Jaw Worm","floor":5.0,"turns":3.0},{"damage":24.0,"enemies":"Gremlin Nob","floor":6.0,"turns":4.0},{"damage":7.0,"enemies":"2 Fungi Beasts","floor":7.0,"turns":4.0},{"damage":10.0,"enemies":"3 Sentries","floor":10.0,"turns":5.0},{"damage":3.0,"enemies":"Gremlin Nob","floor":12.0,"turns":3.0},{"damage":3.0,"enemies":"Lots of Slimes","floor":13.0,"turns":2.0},{"damage":3.0,"enemies":"Exordium Wildlife","floor":14.0,"turns":4.0},{"damage":19.0,"enemies":"Slime Boss","floor":16.0,"turns":10.0},{"damage":9.0,"enemies":"2 Thieves","floor":18.0,"turns":5.0},{"damage":10.0,"enemies":"Shell Parasite","floor":20.0,"turns":4.0},{"damage":19.0,"enemies":"Snake Plant","floor":22.0,"turns":4.0},{"damage":15.0,"enemies":"Gremlin Leader","floor":23.0,"turns":6.0},{"damage":2.0,"enemies":"Snecko","floor":24.0,"turns":6.0},{"damage":0.0,"enemies":"Book of Stabbing","floor":25.0,"turns":4.0},{"damage":24.0,"enemies":"Gremlin Leader","floor":29.0,"turns":7.0},{"damage":11.0,"enemies":"Centurion and Healer","floor":31.0,"turns":8.0},{"damage":18.0,"enemies":"Champ","floor":33.0,"turns":8.0},{"damage":15.0,"enemies":"3 Shapes","floor":35.0,"turns":4.0},{"damage":19.0,"enemies":"3 Darklings","floor":36.0,"turns":4.0},{"damage":21.0,"enemies":"Transient","floor":37.0,"turns":6.0},{"damage":0.0,"enemies":"Nemesis","floor":41.0,"turns":9.0},{"damage":9.0,"enemies":"Jaw Worm Horde","floor":42.0,"turns":6.0},{"damage":0.0,"enemies":"Giant Head","floor":44.0,"turns":5.0},{"damage":0.0,"enemies":"Sphere and 2 Shapes","floor":45.0,"turns":7.0},{"damage":0.0,"enemies":"Mind Bloom Boss Battle","floor":46.0,"turns":6.0},{"damage":3.0,"enemies":"Reptomancer","floor":48.0,"turns":5.0},{"damage":27.0,"enemies":"Awakened One","floor":50.0,"turns":7.0},{"damage":10.0,"enemies":"Donu and Deca","floor":51.0,"turns":6.0},{"damage":8.0,"enemies":"Shield and Spear","floor":55.0,"turns":6.0},{"damage":59,"enemies":"The Heart","floor":56,"turns":11}],"seed_played":"5164975160811581194","potions_obtained":[{"floor":3.0,"key":"Weak Potion"},{"floor":12.0,"key":"Explosive Potion"},{"floor":21.0,"key":"PowerPotion"},{"floor":21.0,"key":"Dexterity Potion"},{"floor":23.0,"key":"Explosive Potion"},{"floor":25.0,"key":"AttackPotion"},{"floor":36.0,"key":"SpeedPotion"},{"floor":37.0,"key":"SpeedPotion"},{"floor":38.0,"key":"PowerPotion"},{"floor":38.0,"key":"AttackPotion"},{"floor":42.0,"key":"LiquidMemories"},{"floor":48.0,"key":"Strength Potion"}],"is_trial":false,"path_per_floor":["M","T","M","$","M","E","M","R","T","E","?","E","M","M","R","B",null,"M","$","M","?","M","E","M","E","T","T","R","E","R","M","R","B",null,"M","M","M","?","$","R","E","M","T","E","M","?","?","E","R","B","B",null,"R","$","E","B",null],"character_chosen":"IRONCLAD","items_purchased":["Inflame","Fire Potion","AttackPotion","LiquidMemories","Entrench","Shockwave"],"campfire_rested":2,"item_purchase_floors":[4,4,19,19,39,54],"current_hp_per_floor":[67,67,64,64,62,38,31,40,40,30,30,27,24,21,33,14,60,51,51,41,41,22,7,5,5,5,5,42,18,33,22,40,22,62,47,28,7,7,7,47,47,38,38,38,38,38,38,35,56,29,19,61,75,75,67,18],"gold":146,"neow_bonus":"BOSS_RELIC","is_daily":false,"chose_seed":false,"campfire_upgraded":5,"win_rate":0.0,"timestamp":1614175671,"path_taken":["M","?","M","$","M","E","M","R","T","E","?","E","M","M","R","BOSS","M","$","M","?","?","E","M","E","T","?","R","E","R","M","R","BOSS","M","M","M","?","$","R","E","?","T","E","M","?","?","E","R","BOSS","BOSS","R","$","E","BOSS"],"items_purchased_type":["Card","Potion","Potion","Potion","Card","Card"],"build_version":"2020-12-22","purchased_purges":3,"victory":true,"max_hp_per_floor":[75,75,75,75,75,75,75,75,75,75,75,75,75,75,75,75,75,75,75,75,75,75,75,75,75,75,75,75,75,75,75,75,75,75,75,75,75,75,75,75,75,75,75,75,75,75,75,75,75,75,75,75,75,75,75,75],"relic_stats":{"Lizard Tail":0,"Happy Flower":[32],"counters":[32,176],"Eternal Feather":122,"Pandora\u0027s Box":["Anger","Bludgeon","Burning Pact","Dark Embrace","Twin Strike","Demon Form","True Grit","Sentinel","Flex"],"Whetstone":["Strike_R","Strike_R"],"Cursed Key":2,"obtain_stats":[{"Potion Belt":10,"Happy Flower":29,"SacredBark":34,"Oddly Smooth Stone":26,"Vajra":41,"Eternal Feather":6,"Incense Burner":25,"Whetstone":12,"Frozen Egg 2":23,"Cursed Key":0,"Burning Blood":0,"Du-Vu Doll":46,"Lizard Tail":48,"Pandora\u0027s Box":17,"InkBottle":44,"Toy Ornithopter":55},{"Potion Belt":6,"Happy Flower":17,"SacredBark":19,"Oddly Smooth Stone":16,"Vajra":23,"Eternal Feather":4,"Incense Burner":16,"Whetstone":7,"Frozen Egg 2":14,"Cursed Key":0,"Burning Blood":0,"Du-Vu Doll":27,"Lizard Tail":28,"Pandora\u0027s Box":10,"InkBottle":25,"Toy Ornithopter":31},{"Potion Belt":23,"Happy Flower":78,"SacredBark":94,"Oddly Smooth Stone":71,"Vajra":117,"Eternal Feather":14,"Incense Burner":71,"Whetstone":26,"Frozen Egg 2":61,"Cursed Key":0,"Burning Blood":0,"Du-Vu Doll":141,"Lizard Tail":146,"Pandora\u0027s Box":42,"InkBottle":128,"Toy Ornithopter":165}],"InkBottle":[19],"Toy Ornithopter":10},"card_choices":[{"not_picked":["Wild Strike","Dark Embrace"],"picked":"Armaments","floor":1.0},{"not_picked":["Anger","Armaments"],"picked":"Battle Trance","floor":3.0},{"not_picked":["Evolve","Iron Wave"],"picked":"Clothesline","floor":5.0},{"not_picked":["Uppercut","Bloodletting"],"picked":"Disarm","floor":6.0},{"not_picked":["Cleave","Flex"],"picked":"Sword Boomerang","floor":7.0},{"not_picked":["Battle Trance","Entrench"],"picked":"Exhume","floor":10.0},{"not_picked":["Cleave","Flex"],"picked":"Shrug It Off","floor":12.0},{"not_picked":["Anger","Clothesline"],"picked":"Shrug It Off","floor":13.0},{"not_picked":["Clash","Infernal Blade"],"picked":"Shrug It Off","floor":14.0},{"not_picked":["Immolate","Berserk"],"picked":"Corruption","floor":16.0},{"not_picked":["Havoc","Sword Boomerang"],"picked":"Heavy Blade","floor":18.0},{"not_picked":["Blood for Blood","Anger"],"picked":"Battle Trance","floor":20.0},{"not_picked":["Battle Trance","Uppercut"],"picked":"Entrench","floor":22.0},{"not_picked":["Infernal Blade+1","Sword Boomerang"],"picked":"Disarm","floor":23.0},{"not_picked":["Pommel Strike","Spot Weakness"],"picked":"Shrug It Off","floor":24.0},{"not_picked":["Heavy Blade","Rupture+1"],"picked":"Flame Barrier","floor":25.0},{"not_picked":["Corruption+1","Perfected Strike"],"picked":"Shrug It Off","floor":29.0},{"not_picked":["Combust+1","Armaments"],"picked":"Flame Barrier","floor":31.0},{"not_picked":["Fiend Fire","Demon Form+1"],"picked":"Exhume","floor":33.0},{"not_picked":["Bloodletting+1","Thunderclap"],"picked":"Second Wind","floor":35.0},{"not_picked":["Warcry","Seeing Red","Twin Strike+1"],"picked":"SKIP","floor":36.0},{"not_picked":["Reckless Charge","Rage","Intimidate+1"],"picked":"SKIP","floor":37.0},{"not_picked":["Heavy Blade","Rupture+1"],"picked":"Armaments+1","floor":41.0},{"not_picked":["Hemokinesis","Iron Wave","Fire Breathing+1"],"picked":"SKIP","floor":42.0},{"not_picked":["Pommel Strike","Armaments+1"],"picked":"Fiend Fire","floor":44.0},{"not_picked":["Sword Boomerang","Headbutt+1"],"picked":"Body Slam+1","floor":45.0},{"not_picked":["Clash+1","Fire Breathing+1"],"picked":"Flame Barrier","floor":46.0},{"not_picked":["Clothesline","Rage"],"picked":"Spot Weakness","floor":48.0},{"not_picked":["Infernal Blade+1","Heavy Blade+1"],"picked":"Spot Weakness","floor":55.0}],"player_experience":2906171,"relics_obtained":[{"floor":6.0,"key":"Eternal Feather"},{"floor":10.0,"key":"Potion Belt"},{"floor":12.0,"key":"Whetstone"},{"floor":23.0,"key":"Frozen Egg 2"},{"floor":25.0,"key":"Incense Burner"},{"floor":26.0,"key":"Oddly Smooth Stone"},{"floor":29.0,"key":"Happy Flower"},{"floor":41.0,"key":"Vajra"},{"floor":44.0,"key":"InkBottle"},{"floor":46.0,"key":"Du-Vu Doll"},{"floor":48.0,"key":"Lizard Tail"},{"floor":55.0,"key":"Toy Ornithopter"}],"event_choices":[{"damage_healed":0.0,"max_hp_gain":0.0,"max_hp_loss":0.0,"gold_gain":50.0,"event_name":"Golden Shrine","player_choice":"Pray","floor":11.0,"gold_loss":0.0,"damage_taken":0.0},{"damage_healed":0.0,"max_hp_gain":0.0,"max_hp_loss":0.0,"gold_gain":0.0,"event_name":"The Woman in Blue","player_choice":"Bought 2 Potions","floor":21.0,"gold_loss":0.0,"damage_taken":0.0},{"damage_healed":0.0,"max_hp_gain":0.0,"max_hp_loss":0.0,"gold_gain":0.0,"event_name":"Lab","player_choice":"Got Potions","floor":38.0,"gold_loss":0.0,"damage_taken":0.0},{"damage_healed":0.0,"max_hp_gain":0.0,"max_hp_loss":0.0,"gold_gain":0.0,"event_name":"MindBloom","player_choice":"Fight","floor":46.0,"gold_loss":0.0,"damage_taken":0.0},{"cards_removed":["Anger"],"damage_healed":0.0,"max_hp_gain":0.0,"max_hp_loss":0.0,"gold_gain":0.0,"event_name":"Falling","player_choice":"Removed Attack","floor":47.0,"gold_loss":0.0,"damage_taken":0.0}],"is_beta":false,"boss_relics":[{"not_picked":["Runic Pyramid","Empty Cage"],"picked":"Pandora\u0027s Box"},{"not_picked":["Coffee Dripper","Tiny House"],"picked":"SacredBark"}],"items_purged_floors":[19,39,54],"is_endless":false,"potions_floor_spawned":[3,6,12,22,23,25,36,37,42,48],"ascension_level":20}}