{"host":"3vooxnyv2lwdr2a7","time":1614177844,"event":{"mods":["BaseMod","Marisa£®ÏF”Í°°ƒß¿Ì…≥£©","Minty Spire (QoL Compilation)","Remilia£®¿Ÿ√◊¿Ú—«£©","Shapeshifter Mod","StSLib","The Cursed","The Servant 0.9.4","Youmu£®ªÍ∆«—˝√Œ£©"],"gold_per_floor":[13,13,30,30,45,78,90,110,110,110,144,45,60,87,87,186,186,196,196,196,196,196,225,225,239,287,316,336,364,364,379,379,475,475,485,495,509,19,36,36,69,69,96,96,114,143,143,155,155,155,155],"floor_reached":50,"language":"ZHS","playtime":2441,"items_purged":[],"score":720,"play_id":"06053394-9d78-4756-9b8e-58273109f3df","local_time":"20210224224404","is_ascension_mode":true,"campfire_choices":[{"floor":10.0,"key":"REST"},{"data":"TheCursedMod:Hemoplague","floor":15.0,"key":"SMITH"},{"data":"TheCursedMod:SpitefulPlan","floor":24.0,"key":"SMITH"},{"floor":32.0,"key":"REST"},{"data":"TheCursedMod:ForbiddenAlchemy","floor":40.0,"key":"SMITH"},{"data":"Panache","floor":42,"key":"SMITH"},{"floor":49,"key":"RECALL"}],"circlet_count":0,"master_deck":["TheCursedMod:Strike_TheCursed","TheCursedMod:Strike_TheCursed","TheCursedMod:Strike_TheCursed","TheCursedMod:Strike_TheCursed","TheCursedMod:Defend_TheCursed","TheCursedMod:Defend_TheCursed+1","TheCursedMod:Defend_TheCursed+1","TheCursedMod:Defend_TheCursed","TheCursedMod:CursedWand","TheCursedMod:CleanUpWorkshop","TheCursedMod:Dregs","Apotheosis+1","TheCursedMod:CursedShiv","TheCursedMod:SpitefulPray","TheCursedMod:SaltUponWound","TheCursedMod:SoulCrush","TheCursedMod:CursedBlade","TheCursedMod:SpitefulPlan+1","TheCursedMod:FuryStrike","TheCursedMod:LuckyCharm","TheCursedMod:Torture","TheCursedMod:Hemoplague+1","TheCursedMod:SurpriseAttack","TheCursedMod:NeowsMight","TheCursedMod:SmokeScreen+1","TheCursedMod:VitalStrike","TheCursedMod:TroublousMinions","TheCursedMod:CircleOfCorruption+1","TheCursedMod:DoubleShield","TheCursedMod:NeowsMight","TheCursedMod:DoubleShield","TheCursedMod:CursedBoomerang","TheCursedMod:Neurasthenia","TheCursedMod:RavingStaff+1","TheCursedMod:CursedShiv+1","TheCursedMod:UltimatePain","Panache+1","TheCursedMod:CursedBlade","TheCursedMod:ForbiddenAlchemy+1","Impatience","Mind Blast","Enlightenment","TheCursedMod:SpreadPlague","TheCursedMod:Mangle+1","TheCursedMod:Torture+1"],"relics":["TheCursedMod:BlackMagic101","PreservedInsect","Gremlin Horn","Lantern","SlaversCollar","Nloth\u0027s Gift","TheCursedMod:MagicCandle","Bag of Preparation","TheCursedMod:Tack","Centennial Puzzle","Cursed Key","Eternal Feather","Omamori","Bird Faced Urn"],"acts_visited":["Exordium","TheCity","TheBeyond"],"potions_floor_usage":[41,45,46,46,46,48,48,48],"damage_taken":[{"damage":0.0,"enemies":"Cultist","floor":1.0,"turns":3.0},{"damage":12.0,"enemies":"Jaw Worm","floor":3.0,"turns":4.0},{"damage":0.0,"enemies":"2 Louse","floor":5.0,"turns":2.0},{"damage":23.0,"enemies":"3 Sentries","floor":6.0,"turns":11.0},{"damage":0.0,"enemies":"Large Slime","floor":7.0,"turns":6.0},{"damage":10.0,"enemies":"Exordium Thugs","floor":8.0,"turns":3.0},{"damage":7.0,"enemies":"Gremlin Nob","floor":11.0,"turns":4.0},{"damage":1.0,"enemies":"2 Fungi Beasts","floor":13.0,"turns":3.0},{"damage":19.0,"enemies":"3 Sentries","floor":14.0,"turns":5.0},{"damage":4.0,"enemies":"Hexaghost","floor":16.0,"turns":7.0},{"damage":8.0,"enemies":"3 Byrds","floor":18.0,"turns":3.0},{"damage":26.0,"enemies":"Slavers","floor":23.0,"turns":4.0},{"damage":7.0,"enemies":"2 Thieves","floor":25.0,"turns":5.0},{"damage":0.0,"enemies":"Book of Stabbing","floor":27.0,"turns":2.0},{"damage":0.0,"enemies":"Sentry and Sphere","floor":28.0,"turns":4.0},{"damage":12.0,"enemies":"Slavers","floor":29.0,"turns":2.0},{"damage":0.0,"enemies":"Cultist and Chosen","floor":31.0,"turns":3.0},{"damage":6.0,"enemies":"Automaton","floor":33.0,"turns":8.0},{"damage":2.0,"enemies":"3 Darklings","floor":35.0,"turns":3.0},{"damage":0.0,"enemies":"3 Shapes","floor":36.0,"turns":2.0},{"damage":5.0,"enemies":"3 Darklings","floor":37.0,"turns":3.0},{"damage":0.0,"enemies":"4 Shapes","floor":39.0,"turns":1.0},{"damage":22,"enemies":"Giant Head","floor":41,"turns":6},{"damage":40,"enemies":"Maw","floor":45,"turns":5},{"damage":0,"enemies":"Nemesis","floor":46,"turns":1},{"damage":31,"enemies":"Transient","floor":48,"turns":5},{"damage":39,"enemies":"Time Eater","floor":50,"turns":2}],"seed_played":"1307511327110948686","potions_obtained":[{"floor":3.0,"key":"Block Potion"},{"floor":6.0,"key":"SpeedPotion"},{"floor":8.0,"key":"Block Potion"},{"floor":13.0,"key":"EssenceOfSteel"},{"floor":14.0,"key":"Regen Potion"},{"floor":23.0,"key":"SteroidPotion"},{"floor":31.0,"key":"AttackPotion"},{"floor":33.0,"key":"Energy Potion"},{"floor":35.0,"key":"PowerPotion"},{"floor":36.0,"key":"Strength Potion"},{"floor":41,"key":"Fire Potion"}],"is_trial":false,"path_per_floor":["M","?","M","?","M","E","M","M","T","R","E","$","M","E","R","B",null,"M","?","?","?","?","E","R","M","T","E","M","E","?","M","R","B",null,"M","M","M","$","M","R","E","R","T","?","M","E","$","M","R","B"],"character_chosen":"THE_CURSED","items_purchased":["TheCursedMod:LuckyCharm","TheCursedMod:Torture","Eternal Feather","Panache","TheCursedMod:CursedBlade"],"campfire_rested":2,"item_purchase_floors":[12,12,38,38,38],"current_hp_per_floor":[75,75,63,48,48,25,25,15,15,37,30,30,29,10,10,21,75,67,67,53,53,53,27,27,20,20,20,20,8,8,8,32,26,80,78,78,73,73,73,80,58,79,79,69,29,29,29,6,33,0,0],"gold":155,"neow_bonus":"RANDOM_COLORLESS_2","is_daily":false,"chose_seed":false,"campfire_upgraded":4,"win_rate":0.0,"timestamp":1614177844,"path_taken":["M","?","M","?","M","E","M","M","T","R","E","$","M","E","R","BOSS","M","?","?","?","?","E","R","?","T","E","M","E","?","M","R","BOSS","M","M","M","$","?","R","E","R","T","?","M","E","?","M","R","BOSS"],"items_purchased_type":["Card","Card","Relic","Card","Card"],"build_version":"2020-12-22","purchased_purges":0,"victory":false,"max_hp_per_floor":[75,75,75,75,75,75,75,75,75,75,75,75,75,75,75,75,75,75,75,80,80,80,80,80,80,80,80,80,80,80,80,80,80,80,80,80,80,80,80,80,80,80,80,80,80,80,80,80,80,80,80],"card_choices":[{"not_picked":["Violence","Secret Technique"],"picked":"Apotheosis","floor":0.0},{"not_picked":["TheCursedMod:CursedAmulet","TheCursedMod:SoulCrush"],"picked":"TheCursedMod:CursedShiv","floor":1.0},{"not_picked":["TheCursedMod:TacticalStrike","TheCursedMod:Stretching"],"picked":"TheCursedMod:SpitefulPray","floor":3.0},{"not_picked":["TheCursedMod:CursedAmulet","TheCursedMod:Stretching"],"picked":"TheCursedMod:SaltUponWound","floor":5.0},{"not_picked":["TheCursedMod:ManaBullet","TheCursedMod:SaltUponWound"],"picked":"TheCursedMod:SoulCrush","floor":6.0},{"not_picked":["TheCursedMod:SpitefulStrike","TheCursedMod:CircleOfWindfury"],"picked":"TheCursedMod:CursedBlade","floor":7.0},{"not_picked":["TheCursedMod:Stretching","TheCursedMod:VoidForm"],"picked":"TheCursedMod:SpitefulPlan","floor":8.0},{"not_picked":["TheCursedMod:CircleOfWindfury","TheCursedMod:Obscuration"],"picked":"TheCursedMod:FuryStrike","floor":11.0},{"not_picked":["TheCursedMod:RapidMovement","TheCursedMod:SoulReap"],"picked":"TheCursedMod:Hemoplague","floor":13.0},{"not_picked":["TheCursedMod:Stretching","TheCursedMod:Hemoplague"],"picked":"TheCursedMod:SurpriseAttack","floor":14.0},{"not_picked":["TheCursedMod:StunningStrike","TheCursedMod:ParallelWorld"],"picked":"TheCursedMod:NeowsMight","floor":16.0},{"not_picked":["TheCursedMod:RavingStaff+1","TheCursedMod:TacticalStrike"],"picked":"TheCursedMod:SmokeScreen+1","floor":18.0},{"not_picked":["TheCursedMod:SpitefulPlan","TheCursedMod:SpitefulPray+1"],"picked":"TheCursedMod:TroublousMinions","floor":23.0},{"not_picked":["TheCursedMod:CursedShiv","TheCursedMod:ManaBullet+1"],"picked":"TheCursedMod:CircleOfCorruption+1","floor":25.0},{"not_picked":["TheCursedMod:SmokeScreen","TheCursedMod:SpitefulStrike"],"picked":"TheCursedMod:DoubleShield","floor":27.0},{"not_picked":["TheCursedMod:CursedMace","TheCursedMod:CursedAmulet"],"picked":"TheCursedMod:NeowsMight","floor":28.0},{"not_picked":["TheCursedMod:DarkBarrier","TheCursedMod:VoidForm"],"picked":"TheCursedMod:DoubleShield","floor":29.0},{"not_picked":["TheCursedMod:RapidMovement","TheCursedMod:WearCloak"],"picked":"TheCursedMod:CursedBoomerang","floor":31.0},{"not_picked":["TheCursedMod:VoidForm","TheCursedMod:ManaCirculation"],"picked":"TheCursedMod:Neurasthenia","floor":33.0},{"not_picked":["TheCursedMod:Stigma+1","TheCursedMod:RapidMovement"],"picked":"TheCursedMod:RavingStaff+1","floor":35.0},{"not_picked":["TheCursedMod:CircleOfFlame+1","TheCursedMod:CollectTribute"],"picked":"TheCursedMod:CursedShiv+1","floor":36.0},{"not_picked":["TheCursedMod:Obscuration","TheCursedMod:SurpriseAttack+1"],"picked":"TheCursedMod:UltimatePain","floor":37.0},{"not_picked":["TheCursedMod:CursedArmor","TheCursedMod:Torture+1"],"picked":"TheCursedMod:ForbiddenAlchemy","floor":39.0},{"not_picked":["TheCursedMod:Stretching","TheCursedMod:CircleOfAbyss","TheCursedMod:CollectTribute"],"picked":"SKIP","floor":41},{"not_picked":["Violence","Dramatic Entrance"],"picked":"Impatience","floor":44},{"not_picked":["Discovery","Finesse"],"picked":"Mind Blast","floor":44},{"not_picked":["Metamorphosis","Discovery"],"picked":"Enlightenment","floor":44},{"not_picked":["TheCursedMod:VitalStrike","TheCursedMod:RapidMovement+1"],"picked":"TheCursedMod:SpreadPlague","floor":45},{"not_picked":["TheCursedMod:AshesToAshes","TheCursedMod:CursedRelics"],"picked":"TheCursedMod:Mangle+1","floor":46},{"not_picked":["TheCursedMod:CursedMace","TheCursedMod:StunningStrike"],"picked":"TheCursedMod:Torture+1","floor":48}],"player_experience":966350,"relics_obtained":[{"floor":6.0,"key":"PreservedInsect"},{"floor":9.0,"key":"Gremlin Horn"},{"floor":11.0,"key":"Lantern"},{"floor":14.0,"key":"TheCursedMod:CrystalBall"},{"floor":23.0,"key":"TheCursedMod:MagicCandle"},{"floor":26.0,"key":"Bag of Preparation"},{"floor":27.0,"key":"TheCursedMod:Tack"},{"floor":29.0,"key":"Centennial Puzzle"},{"floor":41,"key":"Omamori"},{"floor":46,"key":"Bird Faced Urn"}],"event_choices":[{"damage_healed":0.0,"max_hp_gain":0.0,"max_hp_loss":0.0,"gold_gain":0.0,"event_name":"Living Wall","player_choice":"Grow","floor":2.0,"gold_loss":0.0,"damage_taken":0.0,"cards_upgraded":["Apotheosis"]},{"damage_healed":0.0,"max_hp_gain":0.0,"max_hp_loss":0.0,"gold_gain":0.0,"event_name":"Shining Light","player_choice":"Entered Light","floor":4.0,"gold_loss":0.0,"damage_taken":15.0,"cards_upgraded":["TheCursedMod:Defend_TheCursed","TheCursedMod:Defend_TheCursed"]},{"damage_healed":0.0,"max_hp_gain":0.0,"max_hp_loss":0.0,"gold_gain":0.0,"event_name":"Beggar","player_choice":"Ignored","floor":19.0,"gold_loss":0.0,"damage_taken":0.0},{"damage_healed":0.0,"max_hp_gain":5.0,"max_hp_loss":0.0,"gold_gain":0.0,"event_name":"Forgotten Altar","player_choice":"Shed Blood","floor":20.0,"gold_loss":0.0,"damage_taken":19.0},{"damage_healed":0.0,"max_hp_gain":0.0,"max_hp_loss":0.0,"gold_gain":0.0,"event_name":"The Library","player_choice":"Read","floor":21.0,"gold_loss":0.0,"damage_taken":0.0,"cards_obtained":["TheCursedMod:VitalStrike"]},{"damage_healed":0.0,"max_hp_gain":0.0,"max_hp_loss":0.0,"gold_gain":0.0,"event_name":"N\u0027loth","player_choice":"Traded Relic","floor":22.0,"relics_lost":["TheCursedMod:CrystalBall"],"gold_loss":0.0,"damage_taken":0.0,"relics_obtained":["Nloth\u0027s Gift"]},{"damage_healed":0.0,"max_hp_gain":0.0,"max_hp_loss":0.0,"gold_gain":0.0,"event_name":"Match and Keep!","player_choice":"0 cards matched","floor":30.0,"gold_loss":0.0,"damage_taken":0.0,"cards_obtained":[]},{"damage_healed":0,"gold_gain":0,"player_choice":"Memory 3","damage_taken":10,"max_hp_gain":0,"max_hp_loss":0,"event_name":"SensoryStone","floor":44,"gold_loss":0}],"is_beta":false,"boss_relics":[{"not_picked":["TheCursedMod:BlackMagicAdvanced","Ectoplasm"],"picked":"SlaversCollar"},{"not_picked":["TheCursedMod:OminousMark","Pandora\u0027s Box"],"picked":"Cursed Key"}],"items_purged_floors":[],"is_endless":false,"potions_floor_spawned":[3,6,8,13,14,23,31,33,35,36,41],"killed_by":"Time Eater","ascension_level":2}}