{"host":"8g24zuco0epbjwbo","time":1614131778,"event":{"mods":["BaseMod","Library of Ruina","Library of Ruina Extra","Minty Spire (QoL Compilation)","Relic Stats","StSLib"],"gold_per_floor":[112,157,157,21,34,61,61,390,390,425,438,450,481,159,159,254,254,272,284,284,284,33,61,78,106,155,155,255,255,285,303,303,399,399,418,418,418,437,451,483,501,529,529,564,664,680,680,696,696,696,696,696,696,98,127,127],"floor_reached":57,"language":"ENG","playtime":2801,"items_purged":["LightAttack","Writhe"],"score":1584,"play_id":"89c46825-d0c1-4f04-92dc-b4e2efc4be31","local_time":"20210223205618","is_ascension_mode":true,"campfire_choices":[{"data":"Reload","floor":7,"key":"SMITH"},{"data":"Reload","floor":15,"key":"SMITH"},{"data":"Reload","floor":27,"key":"SMITH"},{"floor":29,"key":"DIG"},{"data":"Reload","floor":32,"key":"SMITH"},{"floor":47,"key":"DIG"},{"floor":49,"key":"RECALL"},{"floor":53,"key":"DIG"}],"circlet_count":0,"master_deck":["Dodge","Observe","SharpNails","Reload+1","Reload+1","BackAttack","Reload+1","Unlock1+1","RhinoRam","BoundaryOfDeath","TendonChords+1","Quickness","Wallop_lor","Reload+1","TendonChords+1","Reload+1","Tttonst","WillOfThePrescript","LawAndOrder","Overcharge","NonstopAssault","BiteOff","TrashDisposal","HeavyPeaks","BayonetCombat+1","BiAn","TendonChords+1","ShockRound","FrontalAssault","ShockRound"],"relics":["PageOfLibrarian","PageOfSingingMachine","Du-Vu Doll","Old Coin","Strawberry","Oddly Smooth Stone","Matryoshka","PageOfWayBackHome","PageOfBlackSwan","PageOfFreischutz","Nunchaku","Bronze Scales","Vajra","PageOfPorccubus","Art of War","Shovel","PageOfBigBird","Question Card","PageOfFairyFestival","Pandora\u0027s Box","PageOfOzma","Boot","Anchor","PageOfNosferatu","Centennial Puzzle","HornCleat","Cauldron","Whetstone","Unceasing Top","Blood Vial"],"acts_visited":["Exordium","TheCity","TheBeyond","TheEnding"],"potions_floor_usage":[25,51],"damage_taken":[{"damage":8,"enemies":"Cultist","floor":1,"turns":4},{"damage":0,"enemies":"Small Slimes","floor":5,"turns":2},{"damage":14,"enemies":"Lagavulin","floor":6,"turns":5},{"damage":13,"enemies":"Gremlin Nob","floor":8,"turns":4},{"damage":11,"enemies":"3 Sentries","floor":10,"turns":5},{"damage":0,"enemies":"2 Louse","floor":11,"turns":2},{"damage":0,"enemies":"Blue Slaver","floor":12,"turns":2},{"damage":0,"enemies":"Lagavulin","floor":13,"turns":4},{"damage":0,"enemies":"Hexaghost","floor":16,"turns":4},{"damage":0,"enemies":"3 Byrds","floor":18,"turns":3},{"damage":13,"enemies":"2 Thieves","floor":19,"turns":3},{"damage":6,"enemies":"Book of Stabbing","floor":23,"turns":2},{"damage":2,"enemies":"Centurion and Healer","floor":24,"turns":3},{"damage":6,"enemies":"Slavers","floor":25,"turns":2},{"damage":0,"enemies":"Colosseum Slavers","floor":28,"turns":2},{"damage":0,"enemies":"Colosseum Nobs","floor":28,"turns":2},{"damage":0,"enemies":"Gremlin Leader","floor":30,"turns":2},{"damage":5,"enemies":"Sentry and Sphere","floor":31,"turns":1},{"damage":11,"enemies":"KingOfGreed","floor":33,"turns":4},{"damage":13,"enemies":"3 Shapes","floor":35,"turns":2},{"damage":5,"enemies":"Orb Walker","floor":38,"turns":1},{"damage":13,"enemies":"Sphere and 2 Shapes","floor":39,"turns":2},{"damage":5,"enemies":"Nemesis","floor":40,"turns":1},{"damage":5,"enemies":"Spire Growth","floor":41,"turns":1},{"damage":7,"enemies":"Giant Head","floor":42,"turns":2},{"damage":5,"enemies":"Reptomancer","floor":44,"turns":2},{"damage":13,"enemies":"3 Darklings","floor":46,"turns":2},{"damage":19,"enemies":"Maw","floor":48,"turns":3},{"damage":40,"enemies":"Time Eater","floor":50,"turns":3},{"damage":42,"enemies":"Time Eater","floor":51,"turns":3},{"damage":21,"enemies":"Shield and Spear","floor":55,"turns":2},{"damage":36,"enemies":"The Heart","floor":56,"turns":3}],"seed_played":"4397042835218422736","potions_obtained":[{"floor":0,"key":"LiquidBronze"},{"floor":0,"key":"EssenceOfSteel"},{"floor":0,"key":"SneckoOil"},{"floor":16,"key":"PowerPotion"},{"floor":23,"key":"Strength Potion"},{"floor":28,"key":"FearPotion"},{"floor":33,"key":"FairyPotion"},{"floor":37,"key":"EntropicBrew"},{"floor":54,"key":"LiquidMemories"}],"is_trial":false,"path_per_floor":["M","T","?","$","M","E","R","E","T","E","M","M","E","$","R","B",null,"M","M","?","?","$","E","M","E","T","R","?","R","E","M","R","B",null,"M","?","?","M","M","E","M","E","T","E","?","M","R","M","R","B",null,null,"R","$","E","B",null],"character_chosen":"Librarian","items_purchased":["Observe","PageOfWayBackHome","Nunchaku","Cauldron","Whetstone","Unceasing Top"],"campfire_rested":0,"item_purchase_floors":[4,14,22,54,54,54],"current_hp_per_floor":[52,52,52,52,52,48,48,40,47,41,41,46,51,51,51,56,89,89,76,76,76,76,73,79,73,73,73,76,76,79,79,79,76,89,85,85,85,82,80,83,83,80,80,83,83,75,75,66,66,40,15,89,89,89,76,60],"gold":127,"neow_bonus":"THREE_SMALL_POTIONS","is_daily":false,"chose_seed":false,"campfire_upgraded":4,"win_rate":0.0,"timestamp":1614131778,"path_taken":["M","?","?","$","M","E","R","E","T","E","M","?","E","$","R","BOSS","M","?","?","?","$","E","M","E","T","R","?","R","E","M","R","BOSS","M","?","?","M","?","E","M","E","T","E","?","M","R","M","R","BOSS","R","$","E","BOSS"],"items_purchased_type":["Card","Relic","Relic","Relic","Relic","Relic"],"build_version":"2020-12-22","purchased_purges":2,"victory":true,"max_hp_per_floor":[78,78,78,78,84,84,84,70,77,89,89,89,89,89,89,89,89,89,89,89,89,89,89,89,89,89,89,89,89,89,89,89,89,89,89,89,89,89,89,89,89,89,89,89,89,89,89,89,89,89,89,89,89,89,89,89],"relic_stats":{"counters":[32,83],"Whetstone":["BayonetCombat","Unlock1"],"Question Card":32,"Boot":[3],"Blood Vial":2,"Nunchaku":[21],"Centennial Puzzle":[15],"Shovel":3,"Bronze Scales":[57],"Pandora\u0027s Box":["WillOfThePrescript","LawAndOrder","Overcharge","NonstopAssault","BiteOff","TrashDisposal","HeavyPeaks","BayonetCombat"],"Art of War":[0],"obtain_stats":[{"PageOfNosferatu":44,"Vajra":25,"PageOfSingingMachine":2,"Whetstone":54,"Boot":42,"Old Coin":8,"Blood Vial":55,"PageOfWayBackHome":14,"Nunchaku":22,"Centennial Puzzle":47,"Matryoshka":13,"Shovel":28,"PageOfFairyFestival":30,"HornCleat":53,"PageOfFreischutz":21,"Strawberry":9,"PageOfOzma":40,"Oddly Smooth Stone":10,"Question Card":29,"PageOfLibrarian":0,"Du-Vu Doll":6,"Cauldron":54,"Anchor":43,"PageOfBlackSwan":17,"Bronze Scales":23,"Pandora\u0027s Box":34,"Art of War":26,"PageOfPorccubus":26,"PageOfBigBird":28,"Unceasing Top":54},{"PageOfNosferatu":26,"Vajra":14,"PageOfSingingMachine":1,"Whetstone":30,"Boot":25,"Old Coin":4,"Blood Vial":31,"PageOfWayBackHome":8,"Nunchaku":11,"Centennial Puzzle":27,"Matryoshka":8,"Shovel":16,"PageOfFairyFestival":17,"HornCleat":30,"PageOfFreischutz":11,"Strawberry":4,"PageOfOzma":23,"Oddly Smooth Stone":5,"Question Card":16,"PageOfLibrarian":0,"Du-Vu Doll":3,"Cauldron":30,"Anchor":25,"PageOfBlackSwan":9,"Bronze Scales":12,"Pandora\u0027s Box":19,"Art of War":14,"PageOfPorccubus":14,"PageOfBigBird":16,"Unceasing Top":30},{"PageOfNosferatu":67,"Vajra":45,"PageOfSingingMachine":4,"Whetstone":78,"Boot":65,"Old Coin":15,"Blood Vial":80,"PageOfWayBackHome":28,"Nunchaku":38,"Centennial Puzzle":69,"Matryoshka":28,"Shovel":49,"PageOfFairyFestival":51,"HornCleat":78,"PageOfFreischutz":38,"Strawberry":15,"PageOfOzma":62,"Oddly Smooth Stone":20,"Question Card":49,"PageOfLibrarian":0,"Du-Vu Doll":11,"Cauldron":78,"Anchor":65,"PageOfBlackSwan":32,"Bronze Scales":40,"Pandora\u0027s Box":56,"Art of War":45,"PageOfPorccubus":45,"PageOfBigBird":49,"Unceasing Top":78}],"Unceasing Top":[0]},"card_choices":[{"not_picked":["StrongStrike","Outburst","HighKick","EnergyShield","EnergyCycle","SmokingPipe","EnergyStrike","Standoff","SharpSwipe"],"picked":"SKIP","floor":1},{"not_picked":["BiAn","Parry","AsThePrescriptOrders","Unlock1","PinpointShot","SilentNight","InhaleSmoke","Diversion"],"picked":"SharpNails","floor":5},{"not_picked":["Diversion","MindCrush","SuppressingShot","Wallop_lor","FieryWaltz","Outburst","CleanUp","NightInTheBackstreets"],"picked":"Reload","floor":6},{"not_picked":["ExtremeEdge","DeepDrag","Quickness","SerpentSwordTechnique","ClassAndRespect","ForTheFamily","MindCrush","GrazeTheGrass"],"picked":"Reload","floor":8},{"not_picked":["SmokingPipe","AsThePrescriptOrders","EndlessBattle","DimensionalRift","StructuralAnalysis","QuickAttack","DesperateStruggle","UpbeatPerformance"],"picked":"BackAttack","floor":10},{"not_picked":["SerpentineBarrier","LoosenUp","BladeWhirl","DesperateStruggle","ShockRound","GuidanceOfTheGears","Standoff","StrongStrike"],"picked":"Reload","floor":11},{"not_picked":["Rewind","Parry","SmokingPipe","AsThePrescriptOrders","EndlessBattle","SerpentSwordTechnique","Outburst","FaintMemories"],"picked":"Unlock1","floor":12},{"not_picked":["AsThePrescriptOrders","SomberProcuration","DarkCloud","GoinFirst","StrongStrike","Rewind","SavageMode","ExtremeEdge"],"picked":"RhinoRam","floor":13},{"not_picked":["LeRegole","MirageStorm"],"picked":"BoundaryOfDeath","floor":16},{"not_picked":["VioletBlade","BackAttack","QuickAttack","SerpentSwordTechnique","SharpNails","HeavyPeaks","Standoff+1","ProselytesBlade"],"picked":"TendonChords+1","floor":18},{"not_picked":["SnakesPrey+1","FlyingSword","ViolentFlame","SerpentSwordTechnique","TraceOfFumes","Track+1","BindingArms","HighSpeedStabbing"],"picked":"Quickness","floor":19},{"not_picked":["DefenseOrder+1","SpearedSweep","RepressedFlesh","GreatSerpentsImpact","VioletBlade","Leap_lor","GuardingStance","Track"],"picked":"Wallop_lor","floor":23},{"not_picked":["EnergyStrike","FleetEdge","Rewind","QuickAttack","Diversion","MultiBlock","Parry2","GutHarvesting"],"picked":"Reload+1","floor":24},{"not_picked":["MultiHit","FeelinGood+1","StrongStrike+1","QuickAttack","AsThePrescriptOrders","Diversion","DeepDrag","FierceOnslaught","BurningFlash"],"picked":"SKIP","floor":25},{"not_picked":["Thrust","FleetFootsteps","InhaleSmoke","Unlock1+1","BoundaryOfDeath","WillBeTasty+1","EnergyCycle","Tailoring"],"picked":"TendonChords+1","floor":28},{"not_picked":["Diversion","NonstopAssault","EndlessBattle","HandleRequest+1","Leap_lor","StructuralAnalysis+1","FleetFootsteps","RapidGashes","HandlingWork"],"picked":"Reload","floor":30},{"not_picked":["ReadyUp","FieryDragonSlash","FleetFootsteps","PreemptiveStrike","SinglePointStab","InkOver","Transpierce","EnergyShield","MultiBlock","SearingSword+1"],"picked":"SKIP","floor":31},{"not_picked":["RagingStormLove","EnergyBeam","Castigation"],"picked":"Tttonst","floor":33},{"not_picked":["TheArtOfRapidSteps","BiAn","Multislash","OpportunitySpotted+1","HighKick","MultiHit+1","Diversion+1","FierceCharge","ForcefulGesture+1","WillOfThePrescript+1"],"picked":"SKIP","floor":35},{"not_picked":["EnergyStrike+1","CrackOfDawn","Thirst","SmokingPipe","SinglePointStab+1","BackstreetsDash","DimensionalRift+1","Rampage_lor","QuickSuppression"],"picked":"BiAn","floor":38},{"not_picked":["Wallop_lor","SerpentSwordTechnique+1","SkitterAway","DesperateStruggle","ShrineToMusic+1","CircusKnives+1","Laceration+1","TasteMyFlamingBat","UpbeatPerformance+1"],"picked":"TendonChords+1","floor":39},{"not_picked":["SomberProcuration","StructuralAnalysis+1","CleanUp","Eject+1","Rampage_lor","InnerArdor+1","HighKick","BurningFlash","BackAttack"],"picked":"ShockRound","floor":40},{"not_picked":["NightInTheBackstreets","BattleCommand","IronWall","EnergyCycle","WillOfThePrescript+1","RhinoRam+1","Outburst+1","WaitUp","UpbeatPerformance+1","HiddenBlade+1"],"picked":"SKIP","floor":41},{"not_picked":["BlowItUp","Suppress","Wallop_lor","SmokingPipe","EndlessBattle+1","Mutilate","FlyingSword+1","Commandeering","CutIn"],"picked":"FrontalAssault","floor":42},{"not_picked":["NightInTheBackstreets","Parry+1","LeRegole","Juggling","SteelKnuckles","GrazeTheGrass+1","GatherIntel+1","TheRedNotes","JiaoTu","Commandeering"],"picked":"SKIP","floor":44},{"not_picked":["Quickness","UndertakePrescript+1","DeepDrag","SpearedSweep+1","DesperateStruggle","Wallop_lor","ViolentFlame","Standoff","StrikeDown+1","IngredientHunt+1"],"picked":"SKIP","floor":46},{"not_picked":["MultiHit+1","WillOfThePrescript+1","Juggling","Standoff+1","NightInTheBackstreets+1","Overpower+1","Bvapour","Diversion+1","SpearedSweep+1","EnergyShield"],"picked":"SKIP","floor":48},{"not_picked":["Fence+1","EnergyStrike+1","ClassAndRespect","FierceCharge+1","BiAn","PreemptiveStrike","StructuralAnalysis","Slice_lor+1","Thrust+1"],"picked":"ShockRound","floor":55}],"player_experience":348351,"relics_obtained":[{"floor":2,"key":"PageOfSingingMachine"},{"floor":6,"key":"Du-Vu Doll"},{"floor":8,"key":"Old Coin"},{"floor":9,"key":"Strawberry"},{"floor":10,"key":"Oddly Smooth Stone"},{"floor":13,"key":"Matryoshka"},{"floor":23,"key":"Bronze Scales"},{"floor":25,"key":"Vajra"},{"floor":26,"key":"PageOfPorccubus"},{"floor":26,"key":"Art of War"},{"floor":28,"key":"Shovel"},{"floor":28,"key":"PageOfBigBird"},{"floor":29,"key":"Question Card"},{"floor":30,"key":"PageOfFairyFestival"},{"floor":40,"key":"PageOfOzma"},{"floor":42,"key":"Boot"},{"floor":43,"key":"Anchor"},{"floor":44,"key":"PageOfNosferatu"},{"floor":47,"key":"Centennial Puzzle"},{"floor":53,"key":"HornCleat"},{"floor":55,"key":"Blood Vial"}],"event_choices":[{"damage_healed":0,"gold_gain":0,"player_choice":"Bought 0 Potions","damage_taken":0,"max_hp_gain":0,"max_hp_loss":0,"event_name":"The Woman in Blue","floor":3,"gold_loss":0},{"damage_healed":0,"gold_gain":0,"player_choice":"Ignored","damage_taken":0,"max_hp_gain":0,"max_hp_loss":0,"event_name":"Ghosts","floor":20,"gold_loss":0},{"damage_healed":0,"gold_gain":0,"player_choice":"Opened","damage_taken":0,"relics_obtained":["PageOfFreischutz"],"max_hp_gain":0,"max_hp_loss":0,"event_name":"The Mausoleum","floor":21,"gold_loss":0,"cards_obtained":["Writhe"]},{"damage_healed":0,"gold_gain":0,"player_choice":"Fight","damage_taken":0,"max_hp_gain":0,"max_hp_loss":0,"event_name":"Colosseum","floor":28,"gold_loss":0},{"damage_healed":0,"gold_gain":0,"player_choice":"Fought Nobs","damage_taken":0,"max_hp_gain":0,"max_hp_loss":0,"event_name":"Colosseum","floor":28,"gold_loss":0},{"damage_healed":0,"gold_gain":0,"player_choice":"Memory 1","damage_taken":0,"max_hp_gain":0,"max_hp_loss":0,"event_name":"SensoryStone","floor":36,"gold_loss":0},{"damage_healed":0,"gold_gain":0,"player_choice":"Got Potions","damage_taken":0,"max_hp_gain":0,"max_hp_loss":0,"event_name":"Lab","floor":37,"gold_loss":0},{"damage_healed":0,"gold_gain":100,"player_choice":"Pray","damage_taken":0,"max_hp_gain":0,"max_hp_loss":0,"event_name":"Golden Shrine","floor":45,"gold_loss":0}],"is_beta":false,"boss_relics":[{"not_picked":["Coffee Dripper","Velvet Choker"],"picked":"PageOfBlackSwan"},{"not_picked":["Sozu","Runic Dome"],"picked":"Pandora\u0027s Box"}],"items_purged_floors":[14,22],"is_endless":false,"potions_floor_spawned":[10,11,12,16,23,28,30,33,38,41,44],"ascension_level":1}}