{"host":"p9fmk1zxjhqthrxg","time":1614203501,"event":{"mods":["BaseMod","Bestiary","Colored Map","Colored Powertips","Highlight Path","Minty Spire (QoL Compilation)","Random Character Button","Rare Cards Sparkle","StSLib"],"gold_per_floor":[109,123,136,20,40,54,84,84,108,88,88,105,22,22,22,121,121,137,154,154,5,16,44,44,57,57,57,6,6,33,49,49,49,49],"floor_reached":33,"language":"ENG","playtime":1786,"items_purged":[],"score":287,"play_id":"13a98250-0dd7-469d-9ffa-e6a47f3474ca","local_time":"20210224155141","is_ascension_mode":false,"campfire_choices":[{"floor":8,"key":"REST"},{"data":"Madness","floor":11,"key":"SMITH"},{"floor":15,"key":"REST"},{"floor":24,"key":"REST"},{"floor":27,"key":"REST"},{"data":"Jack Of All Trades","floor":29,"key":"SMITH"},{"floor":32,"key":"REST"}],"circlet_count":0,"master_deck":["Strike_G","Strike_G","Strike_G","Strike_G","Defend_G","Defend_G","Defend_G","Defend_G","Defend_G","Survivor","Neutralize","Madness+1","Poisoned Stab","Poisoned Stab","Dagger Throw","Purity","Flying Knee","Backflip","Leg Sweep","Noxious Fumes","Night Terror","Jack Of All Trades+1","After Image","Dodge and Roll","Caltrops","Heel Hook","Outmaneuver","Dagger Spray+1","Cloak And Dagger","Envenom","Slice","Eviscerate"],"relics":["Ring of the Snake","TungstenRod","PreservedInsect","Velvet Choker","Oddly Smooth Stone","Toolbox","Nunchaku","Letter Opener","Dream Catcher"],"acts_visited":["Exordium","TheCity"],"potions_floor_usage":[16,22,22,23,23,23,33],"damage_taken":[{"damage":0,"enemies":"Cultist","floor":1,"turns":5},{"damage":1,"enemies":"Jaw Worm","floor":2,"turns":4},{"damage":5,"enemies":"2 Louse","floor":3,"turns":3},{"damage":22,"enemies":"Exordium Wildlife","floor":5,"turns":6},{"damage":13,"enemies":"Large Slime","floor":6,"turns":8},{"damage":10,"enemies":"Gremlin Nob","floor":7,"turns":5},{"damage":17,"enemies":"Exordium Thugs","floor":12,"turns":5},{"damage":15,"enemies":"Hexaghost","floor":16,"turns":10},{"damage":17,"enemies":"Chosen","floor":18,"turns":7},{"damage":12,"enemies":"Shell Parasite","floor":19,"turns":8},{"damage":12,"enemies":"Snecko","floor":22,"turns":7},{"damage":13,"enemies":"Gremlin Leader","floor":23,"turns":5},{"damage":18,"enemies":"Snake Plant","floor":25,"turns":6},{"damage":25,"enemies":"Book of Stabbing","floor":30,"turns":5},{"damage":5,"enemies":"Cultist and Chosen","floor":31,"turns":5},{"damage":47,"enemies":"Collector","floor":33,"turns":3}],"seed_played":"1574593107385210803","potions_obtained":[{"floor":3,"key":"LiquidMemories"},{"floor":5,"key":"Weak Potion"},{"floor":10,"key":"Energy Potion"},{"floor":12,"key":"EntropicBrew"},{"floor":19,"key":"Regen Potion"},{"floor":25,"key":"PowerPotion"}],"is_trial":false,"path_per_floor":["M","M","M","$","M","M","E","R","T","?","R","M","$","?","R","B",null,"M","M","?","$","M","E","R","M","T","R","$","R","E","M","R","B"],"character_chosen":"THE_SILENT","items_purchased":["Purity","Flying Knee","Jack Of All Trades","Toolbox","Cloak And Dagger"],"campfire_rested":5,"item_purchase_floors":[4,4,13,21,28],"current_hp_per_floor":[70,69,64,64,42,29,19,40,40,40,40,23,23,23,44,29,70,53,41,41,41,44,31,52,34,34,55,55,55,30,25,46,0,0],"gold":49,"neow_bonus":"RANDOM_COLORLESS","is_daily":false,"chose_seed":false,"campfire_upgraded":2,"win_rate":0.0,"timestamp":1614203501,"path_taken":["M","M","M","$","M","M","E","R","T","?","R","?","?","?","R","BOSS","M","?","?","$","M","E","R","M","T","R","$","R","E","M","R","BOSS"],"items_purchased_type":["Card","Card","Card","Relic","Card"],"build_version":"2020-12-22","purchased_purges":0,"victory":false,"max_hp_per_floor":[70,70,70,70,70,70,70,70,70,70,70,70,70,70,70,70,70,70,70,70,70,70,70,70,70,70,70,70,70,70,70,70,70,70],"card_choices":[{"not_picked":["Bandage Up","Trip"],"picked":"Madness","floor":0},{"not_picked":["Dodge and Roll","Acrobatics"],"picked":"Poisoned Stab","floor":1},{"not_picked":["Backflip","PiercingWail"],"picked":"Poisoned Stab","floor":2},{"not_picked":["Prepared","Deadly Poison"],"picked":"Dagger Throw","floor":3},{"not_picked":["Prepared","Deadly Poison"],"picked":"Backflip","floor":5},{"not_picked":["Quick Slash","Prepared"],"picked":"Leg Sweep","floor":6},{"not_picked":["Dagger Spray","Expertise"],"picked":"Noxious Fumes","floor":7},{"not_picked":["Dodge and Roll","Slice"],"picked":"Night Terror","floor":12},{"not_picked":["Malaise","Die Die Die"],"picked":"After Image","floor":16},{"not_picked":["PiercingWail","Outmaneuver"],"picked":"Dodge and Roll","floor":18},{"not_picked":["Underhanded Strike","Deflect"],"picked":"Caltrops","floor":19},{"not_picked":["Terror+1","Accuracy"],"picked":"Heel Hook","floor":22},{"not_picked":["PiercingWail","Leg Sweep"],"picked":"Outmaneuver","floor":23},{"not_picked":["Expertise","Sucker Punch"],"picked":"Dagger Spray+1","floor":25},{"not_picked":["Skewer","Dagger Throw"],"picked":"Envenom","floor":30},{"not_picked":["Deadly Poison","Poisoned Stab"],"picked":"Slice","floor":31},{"not_picked":["Riddle With Holes","Quick Slash"],"picked":"Eviscerate","floor":32}],"player_experience":150219,"relics_obtained":[{"floor":7,"key":"TungstenRod"},{"floor":9,"key":"PreservedInsect"},{"floor":23,"key":"Nunchaku"},{"floor":26,"key":"Letter Opener"},{"floor":30,"key":"Dream Catcher"}],"event_choices":[{"damage_healed":0,"gold_gain":0,"player_choice":"Bought 1 Potion","damage_taken":0,"max_hp_gain":0,"max_hp_loss":0,"event_name":"The Woman in Blue","floor":10,"gold_loss":0},{"cards_removed":["Strike_G"],"damage_healed":0,"gold_gain":0,"player_choice":"Purged","damage_taken":0,"max_hp_gain":0,"max_hp_loss":0,"event_name":"Purifier","floor":14,"gold_loss":0},{"damage_healed":0,"gold_gain":0,"player_choice":"Opened","damage_taken":0,"relics_obtained":["Oddly Smooth Stone"],"max_hp_gain":0,"max_hp_loss":0,"event_name":"The Mausoleum","floor":20,"gold_loss":0}],"is_beta":false,"boss_relics":[{"not_picked":["SacredBark","Empty Cage"],"picked":"Velvet Choker"}],"items_purged_floors":[],"is_endless":false,"potions_floor_spawned":[3,5,12,19,25],"killed_by":"Collector","ascension_level":0}}