{"host":"363rf8rl7gb9fsj6","time":1614201269,"event":{"mods":["BaseMod","Minty Spire (QoL Compilation)"],"gold_per_floor":[114,69,83,98,113,133,148,163,238,218,228,244,244,244,244,343,343,353,22,41,41,58,58,58],"floor_reached":23,"language":"DEU","playtime":1697,"items_purged":["BowlingBash"],"score":239,"play_id":"62d3db4a-f157-44d9-9983-7de96c164176","local_time":"20210224221429","is_ascension_mode":false,"campfire_choices":[{"floor":15,"key":"REST"}],"circlet_count":0,"master_deck":["Strike_P","Strike_P","Strike_P","Strike_P","Defend_P","Defend_P","Defend_P","Defend_P","Eruption","Vigilance+1","Conclude","Halt","Consecrate","PathToVictory","Crescendo","Halt","Crescendo","WaveOfTheHand","Brilliance","FollowUp+1","Consecrate","Bandage Up","Adaptation","Perseverance","BowlingBash+1"],"relics":["PureWater","Sundial","InkBottle","Runic Pyramid"],"acts_visited":["Exordium","TheCity"],"potions_floor_usage":[11,11,16,16,22,22],"damage_taken":[{"damage":0,"enemies":"2 Louse","floor":1,"turns":2},{"damage":0,"enemies":"Jaw Worm","floor":3,"turns":3},{"damage":0,"enemies":"Cultist","floor":4,"turns":2},{"damage":10,"enemies":"Exordium Thugs","floor":5,"turns":4},{"damage":20,"enemies":"Looter","floor":6,"turns":3},{"damage":18,"enemies":"2 Fungi Beasts","floor":7,"turns":2},{"damage":5,"enemies":"Large Slime","floor":8,"turns":4},{"damage":3,"enemies":"Blue Slaver","floor":11,"turns":3},{"damage":8,"enemies":"Exordium Thugs","floor":12,"turns":4},{"damage":0,"enemies":"Slime Boss","floor":16,"turns":7},{"damage":17,"enemies":"2 Thieves","floor":18,"turns":4},{"damage":8,"enemies":"Chosen","floor":20,"turns":3},{"damage":31,"enemies":"Snecko","floor":22,"turns":4},{"damage":34,"enemies":"Book of Stabbing","floor":23,"turns":5}],"seed_played":"-8869494890293627688","potions_obtained":[{"floor":4,"key":"Weak Potion"},{"floor":5,"key":"Explosive Potion"},{"floor":11,"key":"Dexterity Potion"},{"floor":12,"key":"DuplicationPotion"},{"floor":20,"key":"Fire Potion"}],"is_trial":false,"path_per_floor":["M","$","M","M","M","M","M","M","T","?","M","M","T","?","R","B",null,"M","$","M","?","M","E"],"character_chosen":"WATCHER","items_purchased":["Halt","Consecrate","Bandage Up","Adaptation","Strength Potion"],"campfire_rested":1,"item_purchase_floors":[2,19,19,19,19],"current_hp_per_floor":[72,72,72,72,62,42,24,19,19,19,16,8,8,8,29,29,72,55,55,51,51,24,0,0],"gold":58,"neow_bonus":"UPGRADE_CARD","is_daily":false,"chose_seed":false,"campfire_upgraded":0,"win_rate":0.0,"timestamp":1614201269,"path_taken":["M","$","M","M","M","M","M","M","T","?","M","M","?","?","R","BOSS","M","$","?","?","M","E"],"items_purchased_type":["Card","Card","Card","Card","Potion"],"build_version":"2020-12-22","purchased_purges":1,"victory":false,"max_hp_per_floor":[72,72,72,72,72,72,72,72,72,72,72,72,72,72,72,72,72,72,72,72,72,72,72,72],"card_choices":[{"not_picked":["Halt","LikeWater"],"picked":"Conclude","floor":1},{"not_picked":["FlurryOfBlows","Evaluate"],"picked":"Consecrate","floor":3},{"not_picked":["Conclude","FlurryOfBlows"],"picked":"PathToVictory","floor":4},{"not_picked":["JustLucky","EmptyBody"],"picked":"Crescendo","floor":5},{"not_picked":["EmptyBody","Meditate"],"picked":"ThirdEye","floor":6},{"not_picked":["JustLucky","FlurryOfBlows"],"picked":"BowlingBash","floor":7},{"not_picked":["Conclude","Nirvana"],"picked":"Halt","floor":8},{"not_picked":["EmptyMind","Protect"],"picked":"Crescendo","floor":11},{"not_picked":["MasterReality","WindmillStrike"],"picked":"WaveOfTheHand","floor":12},{"not_picked":["Vault","Establishment"],"picked":"Brilliance","floor":16},{"not_picked":["EmptyFist","BowlingBash"],"picked":"FollowUp+1","floor":18},{"not_picked":["CutThroughFate","SashWhip+1"],"picked":"Perseverance","floor":20},{"not_picked":["JustLucky","WheelKick"],"picked":"BowlingBash+1","floor":22}],"player_experience":54410,"relics_obtained":[{"floor":9,"key":"Sundial"},{"floor":13,"key":"InkBottle"}],"event_choices":[{"damage_healed":0,"gold_gain":0,"player_choice":"Left Gold","damage_taken":0,"max_hp_gain":0,"max_hp_loss":0,"event_name":"World of Goop","floor":10,"gold_loss":20},{"cards_removed":["ThirdEye"],"damage_healed":0,"gold_gain":0,"player_choice":"Purged","damage_taken":0,"max_hp_gain":0,"max_hp_loss":0,"event_name":"Purifier","floor":14,"gold_loss":0},{"damage_healed":0,"gold_gain":0,"player_choice":"Ignored","damage_taken":0,"max_hp_gain":0,"max_hp_loss":0,"event_name":"Ghosts","floor":21,"gold_loss":0}],"is_beta":false,"boss_relics":[{"not_picked":["Busted Crown","Runic Dome"],"picked":"Runic Pyramid"}],"items_purged_floors":[19],"is_endless":false,"potions_floor_spawned":[4,5,11,12,20],"killed_by":"Book of Stabbing","ascension_level":0}}