{"host":"qfskrnw3pl1q86j0","time":1614209645,"event":{"mods":["BaseMod","Block Reminder","Hermit","Marisa????????","Minty Spire (QoL Compilation)","Quick Restart","Random Character Button","Relic Stats","StSLib","The Poker Player","slay the spire mod where everything is the same but ironclad has a cowboy hat"],"gold_per_floor":[109,284,29,47,62,62,62,73,96,96,123,142,152,170,170,266,266,266,266,22,22,22,22,22,22,22,22,22,22,22,22,22,22,22,22,22,22,22,22,22,22,22,22,22,22,22,22,22,22,22],"floor_reached":51,"language":"ENG","playtime":1711,"items_purged":["Doubt"],"score":675,"play_id":"cc1514dd-255b-4184-a4b9-a406c07bd87e","local_time":"20210225003405","is_ascension_mode":false,"campfire_choices":[{"data":"Zap","floor":6.0,"key":"SMITH"},{"data":"Dualcast","floor":10.0,"key":"SMITH"},{"data":"Chaos","floor":15.0,"key":"SMITH"},{"data":"Capacitor","floor":24.0,"key":"SMITH"},{"data":"Redo","floor":28.0,"key":"SMITH"},{"data":"Barrage","floor":30.0,"key":"SMITH"},{"data":"Coolheaded","floor":32.0,"key":"SMITH"},{"data":"Defragment","floor":40.0,"key":"SMITH"},{"data":"Rainbow","floor":42.0,"key":"SMITH"},{"data":"Coolheaded","floor":45,"key":"SMITH"},{"data":"Leap","floor":47,"key":"SMITH"},{"data":"Electrodynamics","floor":49,"key":"SMITH"}],"circlet_count":0,"master_deck":["Strike_B+1","Strike_B","Strike_B","Strike_B","Defend_B","Defend_B","Defend_B","Defend_B","Zap+1","Dualcast+1","Coolheaded+1","Capacitor+1","Genetic Algorithm","Barrage+1","Conserve Battery+1","Chaos+1","Redo+1","Electrodynamics+1","Leap+1","Coolheaded+1","Chill+1","Barrage+1","Rainbow+1","Ball Lightning+1","Compile Driver+1","Defragment+1","Coolheaded+1","Capacitor+1"],"relics":["Cracked Core","Akabeko","PreservedInsect","Art of War","DataDisk","Ectoplasm","Membership Card","War Paint","Bag of Preparation","Cables","Singing Bowl","Sozu","Omamori","Ornamental Fan"],"acts_visited":["Exordium","TheCity","TheBeyond"],"potions_floor_usage":[50],"damage_taken":[{"damage":0.0,"enemies":"2 Louse","floor":1.0,"turns":2.0},{"damage":5.0,"enemies":"Small Slimes","floor":4.0,"turns":3.0},{"damage":0.0,"enemies":"Jaw Worm","floor":5.0,"turns":6.0},{"damage":11.0,"enemies":"Exordium Thugs","floor":8.0,"turns":4.0},{"damage":6.0,"enemies":"Lagavulin","floor":11.0,"turns":4.0},{"damage":0.0,"enemies":"2 Fungi Beasts","floor":12.0,"turns":2.0},{"damage":3.0,"enemies":"Red Slaver","floor":13.0,"turns":3.0},{"damage":7.0,"enemies":"Lots of Slimes","floor":14.0,"turns":3.0},{"damage":7.0,"enemies":"Slime Boss","floor":16.0,"turns":8.0},{"damage":0.0,"enemies":"3 Byrds","floor":18.0,"turns":3.0},{"damage":2.0,"enemies":"Shell Parasite","floor":19.0,"turns":3.0},{"damage":0.0,"enemies":"Chosen and Byrds","floor":21.0,"turns":6.0},{"damage":31.0,"enemies":"Gremlin Leader","floor":23.0,"turns":6.0},{"damage":0.0,"enemies":"Snake Plant","floor":27.0,"turns":3.0},{"damage":0.0,"enemies":"Shelled Parasite and Fungi","floor":29.0,"turns":4.0},{"damage":0.0,"enemies":"Centurion and Healer","floor":31.0,"turns":4.0},{"damage":9.0,"enemies":"Collector","floor":33.0,"turns":10.0},{"damage":4.0,"enemies":"3 Darklings","floor":35.0,"turns":5.0},{"damage":0.0,"enemies":"3 Shapes","floor":36.0,"turns":1.0},{"damage":0.0,"enemies":"Spire Growth","floor":38.0,"turns":3.0},{"damage":0.0,"enemies":"Maw","floor":39.0,"turns":6.0},{"damage":0,"enemies":"Writhing Mass","floor":44,"turns":4},{"damage":1,"enemies":"3 Darklings","floor":46,"turns":3},{"damage":0,"enemies":"Sphere and 2 Shapes","floor":48,"turns":2},{"damage":10,"enemies":"Awakened One","floor":50,"turns":10}],"seed_played":"7485751251273248103","potions_obtained":[{"floor":4.0,"key":"PowerPotion"},{"floor":12.0,"key":"LiquidBronze"},{"floor":14.0,"key":"Energy Potion"},{"floor":16.0,"key":"Weak Potion"},{"floor":19.0,"key":"FearPotion"}],"is_trial":false,"path_per_floor":["M","?","$","M","M","R","?","M","T","R","E","M","M","M","R","B",null,"M","M","$","M","?","E","R","T","T","M","R","M","R","M","R","B",null,"M","M","?","M","M","R","T","R","T","M","R","M","R","M","R","B",null],"character_chosen":"DEFECT","items_purchased":["Capacitor","PreservedInsect","Membership Card","War Paint","Leap"],"campfire_rested":0,"item_purchase_floors":[3,3,20,20,20],"current_hp_per_floor":[75,75,75,70,70,70,55,44,44,44,38,38,35,28,28,21,75,75,73,73,73,73,42,42,42,42,42,42,42,42,44,44,35,77,73,73,73,75,75,75,75,75,75,75,75,74,74,76,76,66],"gold":22,"neow_bonus":"RANDOM_COMMON_RELIC","is_daily":false,"chose_seed":false,"campfire_upgraded":12,"win_rate":0.0,"timestamp":1614209645,"path_taken":["M","?","$","M","M","R","?","M","T","R","E","M","M","M","R","BOSS","M","M","$","M","?","E","R","?","T","?","R","M","R","M","R","BOSS","M","M","?","?","?","R","?","R","T","M","R","?","R","M","R","BOSS"],"items_purchased_type":["Card","Relic","Relic","Relic","Card"],"build_version":"2020-12-22","purchased_purges":1,"victory":true,"max_hp_per_floor":[75,75,75,75,75,75,75,75,75,75,75,75,75,75,75,75,75,75,75,75,75,75,75,75,75,75,75,75,75,75,77,77,77,77,77,77,77,79,79,79,79,79,79,79,79,79,79,81,81,81],"relic_stats":{"Sozu":2,"Singing Bowl":6,"counters":[25,108],"Ornamental Fan":[16],"PreservedInsect":72,"Ectoplasm":585,"Art of War":[13],"Bag of Preparation":[24],"War Paint":["Conserve Battery","Coolheaded"],"obtain_stats":[{"Singing Bowl":26,"PreservedInsect":3,"Bag of Preparation":23,"Omamori":41,"War Paint":20,"Akabeko":0,"Cables":25,"Sozu":34,"DataDisk":11,"Ornamental Fan":43,"Ectoplasm":17,"Art of War":9,"Membership Card":20,"Cracked Core":0},{"Singing Bowl":13,"PreservedInsect":1,"Bag of Preparation":13,"Omamori":21,"War Paint":11,"Akabeko":0,"Cables":13,"Sozu":17,"DataDisk":5,"Ornamental Fan":21,"Ectoplasm":9,"Art of War":4,"Membership Card":11,"Cracked Core":0},{"Singing Bowl":53,"PreservedInsect":2,"Bag of Preparation":53,"Omamori":89,"War Paint":41,"Akabeko":0,"Cables":53,"Sozu":74,"DataDisk":19,"Ornamental Fan":89,"Ectoplasm":35,"Art of War":15,"Membership Card":41,"Cracked Core":0}],"Cables":[46,15,24,3,4]},"card_choices":[{"not_picked":["Go for the Eyes","Fusion"],"picked":"Coolheaded","floor":1.0},{"not_picked":["Lockon","Conserve Battery"],"picked":"Genetic Algorithm","floor":4.0},{"not_picked":["Reprogram","Rebound"],"picked":"Barrage","floor":5.0},{"not_picked":["Skim","Streamline"],"picked":"Conserve Battery","floor":8.0},{"not_picked":["Thunder Strike","FTL"],"picked":"Chaos","floor":11.0},{"not_picked":["Double Energy","Barrage"],"picked":"Redo","floor":12.0},{"not_picked":["Skim","Melter","Sweeping Beam"],"picked":"SKIP","floor":13.0},{"not_picked":["Blizzard","Turbo","Conserve Battery"],"picked":"SKIP","floor":14.0},{"not_picked":["Core Surge","Thunder Strike"],"picked":"Electrodynamics","floor":16.0},{"not_picked":["Rip and Tear","Melter","Conserve Battery"],"picked":"SKIP","floor":18.0},{"not_picked":["Streamline+1","Gash","Stack+1"],"picked":"SKIP","floor":19.0},{"not_picked":["Steam","Aggregate"],"picked":"Coolheaded","floor":21.0},{"not_picked":["Scrape","Static Discharge","Reprogram+1"],"picked":"SKIP","floor":23.0},{"not_picked":["Go for the Eyes","Streamline"],"picked":"Chill+1","floor":27.0},{"not_picked":["Turbo","Steam Power+1"],"picked":"Barrage","floor":29.0},{"not_picked":["Steam+1","Gash+1","Scrape"],"picked":"Singing Bowl","floor":31.0},{"not_picked":["Hyperbeam","Core Surge"],"picked":"Rainbow","floor":33.0},{"not_picked":["Steam+1","Hello World+1"],"picked":"Ball Lightning+1","floor":35.0},{"not_picked":["FTL","Sweeping Beam+1"],"picked":"Compile Driver+1","floor":36.0},{"not_picked":["Streamline","Redo","Leap"],"picked":"Singing Bowl","floor":38.0},{"not_picked":["Turbo+1","Steam Power"],"picked":"Defragment","floor":39.0},{"not_picked":["Lockon","Consume"],"picked":"Coolheaded","floor":44},{"not_picked":["Self Repair","Beam Cell"],"picked":"Capacitor+1","floor":46},{"not_picked":["Barrage","Leap","Turbo+1"],"picked":"Singing Bowl","floor":48}],"player_experience":1113852,"relics_obtained":[{"floor":9.0,"key":"Art of War"},{"floor":11.0,"key":"DataDisk"},{"floor":23.0,"key":"Bag of Preparation"},{"floor":25.0,"key":"Cables"},{"floor":26.0,"key":"Singing Bowl"},{"floor":41.0,"key":"Omamori"},{"floor":43.0,"key":"Ornamental Fan"}],"event_choices":[{"damage_healed":0.0,"max_hp_gain":0.0,"max_hp_loss":0.0,"gold_gain":175.0,"event_name":"Liars Game","player_choice":"AGREE","floor":2.0,"gold_loss":0.0,"damage_taken":0.0,"cards_obtained":["Doubt"]},{"damage_healed":0.0,"max_hp_gain":0.0,"max_hp_loss":0.0,"gold_gain":0.0,"event_name":"Shining Light","player_choice":"Entered Light","floor":7.0,"gold_loss":0.0,"damage_taken":15.0,"cards_upgraded":["Strike_B","Barrage"]},{"damage_healed":0.0,"max_hp_gain":0.0,"max_hp_loss":0.0,"gold_gain":99.0,"event_name":"Nest","player_choice":"Stole From Cult","floor":22.0,"gold_loss":0.0,"damage_taken":0.0},{"damage_healed":0.0,"max_hp_gain":0.0,"max_hp_loss":0.0,"gold_gain":0.0,"event_name":"Match and Keep!","player_choice":"0 cards matched","floor":37.0,"gold_loss":0.0,"damage_taken":0.0,"cards_obtained":[]}],"is_beta":false,"boss_relics":[{"not_picked":["Empty Cage","Snecko Eye"],"picked":"Ectoplasm"},{"not_picked":["Tiny House","SacredBark"],"picked":"Sozu"}],"items_purged_floors":[3],"is_endless":false,"potions_floor_spawned":[4,12,14,16,19,23,29,38,46],"ascension_level":0}}