{"host":"clf2hd4adhiiw0zf","time":1614126894,"event":{"mods":["AchievementEnabler","BaseMod","Beaked The Cultist","Bestiary","Dark Map","Downfall","Gremlin Mod","Hermit","Jorbs\u0027s Wanderer Trilogy","Marisa????????","Minty Spire (QoL Compilation)","Quick Restart","Replay The Spire","Shop Mod","Spire Arcade","StSLib","The Construct","The Cursed","Wide Potions"],"gold_per_floor":[99,111,154,154,174,185,211,243,258,258,158,173,173,173,173],"floor_reached":13,"language":"ENG","playtime":885,"items_purged":[],"score":111,"play_id":"e498d512-c0c7-48d8-9704-378787f11015","local_time":"20210223173454","is_ascension_mode":true,"campfire_choices":[{"floor":1.0,"key":"RECALL"},{"data":"Guardian:BronzeArmor","floor":11.0,"key":"SMITH"}],"circlet_count":0,"master_deck":["Guardian:Strike_Guardian","Guardian:Strike_Guardian+1","Guardian:Defend_Guardian","Guardian:Defend_Guardian","Guardian:Defend_Guardian","Guardian:Defend_Guardian+1","Guardian:CurlUp","Guardian:TwinSlam","Guardian:ShieldSpikes","Guardian:TemporalShield","Guardian:BronzeArmor+1","Guardian:GuardianWhirl","Guardian:GemFinder+1","Guardian:Gem_Cyan","Guardian:Gem_Orange"],"relics":["Coffee Dripper","Simple Rune","Matryoshka","downfall:HeartBlessingRed"],"acts_visited":["Exordium"],"potions_floor_usage":[13],"damage_taken":[{"damage":1.0,"enemies":"Small Slimes","floor":2.0,"turns":3.0},{"damage":0.0,"enemies":"Cultist","floor":5.0,"turns":6.0},{"damage":8.0,"enemies":"Jaw Worm","floor":6.0,"turns":7.0},{"damage":18.0,"enemies":"Lagavulin","floor":8.0,"turns":18.0},{"damage":6.0,"enemies":"Exordium Thugs","floor":9.0,"turns":5.0},{"damage":0.0,"enemies":"3 Louse","floor":12.0,"turns":6.0},{"damage":13,"enemies":"Gremlin Nob","floor":13,"turns":2}],"seed_played":"-5818392545386385769","potions_obtained":[{"floor":2.0,"key":"LiquidBronze"},{"floor":3.0,"key":"SneckoOil"},{"floor":3.0,"key":"SneckoOil"},{"floor":3.0,"key":"SpeedPotion"},{"floor":5.0,"key":"Explosive Potion"},{"floor":8.0,"key":"Weak Potion"}],"is_trial":false,"path_per_floor":["R","M","?","?","M","M","T","E","M","?","R","M","E"],"character_chosen":"GUARDIAN","items_purchased":[],"campfire_rested":0,"item_purchase_floors":[],"current_hp_per_floor":[72,71,39,39,39,31,31,13,7,7,7,7,0,0,0],"gold":173,"neow_bonus":"BOSS_RELIC","is_daily":false,"chose_seed":false,"campfire_upgraded":1,"win_rate":0.0,"timestamp":1614126894,"path_taken":["R","M","?","?","M","?","T","E","M","?","R","M","E"],"items_purchased_type":[],"build_version":"2020-12-22","purchased_purges":0,"victory":false,"max_hp_per_floor":[80,80,80,80,80,80,80,80,80,80,80,80,80,80,80],"card_choices":[{"not_picked":["Guardian:FuturePlans","Guardian:Gem_Cyan"],"picked":"Guardian:ShieldSpikes","floor":2.0},{"not_picked":["Guardian:Planning","Guardian:WalkerClaw"],"picked":"Guardian:TemporalShield","floor":3.0},{"not_picked":["Guardian:FuturePlans","Guardian:PrimingBeam"],"picked":"Guardian:BronzeArmor","floor":5.0},{"not_picked":["Guardian:PrimingBeam","Guardian:Gem_Yellow"],"picked":"Guardian:Gem_Lightblue","floor":6.0},{"not_picked":["Guardian:CrystalBeam","Guardian:Gem_Green"],"picked":"Guardian:GuardianWhirl","floor":8.0},{"not_picked":["Guardian:TemporalStrike","Guardian:Reroute"],"picked":"Guardian:Gem_Red","floor":9.0},{"not_picked":["Guardian:Gem_Lightblue","Guardian:Gem_Red"],"picked":"Guardian:Gem_Cyan","floor":12.0},{"not_picked":["Guardian:Gem_Red","Guardian:SentryBeam"],"picked":"Guardian:Gem_Orange","floor":12.0}],"player_experience":375691,"relics_obtained":[{"floor":7.0,"key":"Simple Rune"},{"floor":8.0,"key":"Matryoshka"}],"event_choices":[],"is_beta":false,"boss_relics":[],"items_purged_floors":[],"is_endless":false,"potions_floor_spawned":[2,5,8],"killed_by":"Gremlin Nob","ascension_level":6}}