{"host":"xb2tau8pgi8aflss","time":1614167509,"event":{"mods":["AchievementEnabler","BaseMod","Hermit","Minty Spire (QoL Compilation)","StSLib","SuperFastMode"],"gold_per_floor":[113,126,141,68,88,120,120,120,120,120,150,150,163,176,176,176,176],"floor_reached":16,"language":"KOR","playtime":374,"items_purged":[],"score":157,"play_id":"f644bf60-f59b-4d99-8aa1-b5c253fdc57b","local_time":"20210224205149","is_ascension_mode":true,"campfire_choices":[{"floor":10,"key":"REST"},{"data":"Static Discharge","floor":15,"key":"SMITH"}],"circlet_count":0,"master_deck":["Strike_B+1","Strike_B","Strike_B","Strike_B","Defend_B","Defend_B","Defend_B","Defend_B","Zap","Dualcast","BootSequence","Streamline","Loop+1","Static Discharge+1","Conserve Battery","Aggregate","Sunder","Capacitor","Aggregate"],"relics":["Cracked Core","Regal Pillow","Symbiotic Virus","Pen Nib","Thread and Needle","Mummified Hand"],"acts_visited":["Exordium"],"potions_floor_usage":[11,11],"damage_taken":[{"damage":0,"enemies":"Cultist","floor":1,"turns":3},{"damage":2,"enemies":"Jaw Worm","floor":2,"turns":4},{"damage":7,"enemies":"Small Slimes","floor":3,"turns":4},{"damage":16,"enemies":"Blue Slaver","floor":5,"turns":3},{"damage":28,"enemies":"Lagavulin","floor":6,"turns":5},{"damage":7,"enemies":"Gremlin Nob","floor":11,"turns":4},{"damage":6,"enemies":"Exordium Thugs","floor":13,"turns":3},{"damage":0,"enemies":"Looter","floor":14,"turns":2},{"damage":37,"enemies":"Slime Boss","floor":16,"turns":5}],"seed_played":"-5937346819155726199","potions_obtained":[{"floor":2,"key":"BlessingOfTheForge"},{"floor":5,"key":"SkillPotion"},{"floor":6,"key":"Strength Potion"},{"floor":11,"key":"SpeedPotion"},{"floor":14,"key":"SpeedPotion"}],"is_trial":false,"path_per_floor":["M","M","M","$","M","E","?","?","T","R","E","T","M","M","R","B"],"character_chosen":"DEFECT","items_purchased":["Static Discharge"],"campfire_rested":1,"item_purchase_floors":[4],"current_hp_per_floor":[75,73,66,66,50,22,6,6,6,45,38,38,32,32,32,0,0],"gold":176,"neow_bonus":"TEN_PERCENT_HP_BONUS","is_daily":false,"chose_seed":false,"campfire_upgraded":1,"win_rate":0.0,"timestamp":1614167509,"path_taken":["M","?","M","$","M","E","?","?","T","R","E","?","M","?","R","BOSS"],"items_purchased_type":["Card"],"build_version":"2020-12-22","purchased_purges":0,"victory":false,"max_hp_per_floor":[82,82,82,82,82,82,82,82,82,82,82,82,82,82,82,82,82],"card_choices":[{"not_picked":["Barrage","Double Energy"],"picked":"BootSequence","floor":1},{"not_picked":["Leap","Compile Driver"],"picked":"Streamline","floor":2},{"not_picked":["Storm","Leap"],"picked":"Loop","floor":3},{"not_picked":["Turbo","Barrage"],"picked":"Conserve Battery","floor":5},{"not_picked":["Leap","Capacitor"],"picked":"Aggregate","floor":6},{"not_picked":["Stack","All For One"],"picked":"Sunder","floor":11},{"not_picked":["Steam","Stack"],"picked":"Capacitor","floor":13},{"not_picked":["Tempest","Compile Driver"],"picked":"Aggregate","floor":14}],"player_experience":852134,"relics_obtained":[{"floor":6,"key":"Regal Pillow"},{"floor":9,"key":"Pen Nib"},{"floor":11,"key":"Thread and Needle"},{"floor":12,"key":"Mummified Hand"}],"event_choices":[{"damage_healed":0,"gold_gain":0,"player_choice":"Entered Light","damage_taken":16,"max_hp_gain":0,"max_hp_loss":0,"event_name":"Shining Light","floor":7,"gold_loss":0,"cards_upgraded":["Strike_B","Loop"]},{"damage_healed":0,"gold_gain":0,"player_choice":"Searched \u00271\u0027 times","damage_taken":0,"relics_obtained":["Symbiotic Virus"],"max_hp_gain":0,"max_hp_loss":0,"event_name":"Dead Adventurer","floor":8,"gold_loss":0}],"is_beta":false,"boss_relics":[],"items_purged_floors":[],"is_endless":false,"potions_floor_spawned":[2,5,6,11,14],"killed_by":"Slime Boss","ascension_level":8}}