{"host":"yml0ux6c8lqydjlc","time":1614129778,"event":{"mods":["Aspiration","BaseMod","Conspire","Downfall","Hermit","Jedi Mod","Minty Spire (QoL Compilation)","Robot Space Explorer","StSLib"],"gold_per_floor":[111,111,128,147,222,222,222,256,256,256,271,291,314,122,122,245,245,259,280,205,205],"floor_reached":20,"language":"ENG","playtime":3664,"items_purged":["Darkness"],"score":176,"play_id":"df611d02-f141-4be9-84d4-e3aece382a8c","local_time":"20210223202258","is_ascension_mode":false,"campfire_choices":[{"floor":6.0,"key":"REST"},{"floor":10,"key":"REST"},{"data":"jedi:reiji","floor":15,"key":"SMITH"}],"circlet_count":0,"master_deck":["Strike_B","Strike_B","Strike_B","Defend_B","Defend_B","Defend_B","Defend_B","Zap","Dualcast","Ball Lightning","jedi:locknload","Steam","Barrage","Streamline","Stack","jedi:reiji+1","jedi:sharpshooter","Electrodynamics","Leap+1","Sweeping Beam"],"relics":["Cracked Core","Golden Idol","Kunai","Letter Opener"],"acts_visited":["Exordium","TheCity"],"potions_floor_usage":[18],"damage_taken":[{"damage":10.0,"enemies":"Jaw Worm","floor":1.0,"turns":5.0},{"damage":0.0,"enemies":"conspire:RoseBush","floor":3.0,"turns":2.0},{"damage":0.0,"enemies":"Small Slimes","floor":4.0,"turns":3.0},{"damage":15.0,"enemies":"Lagavulin","floor":8.0,"turns":5.0},{"damage":5,"enemies":"Looter","floor":11,"turns":3},{"damage":3,"enemies":"Blue Slaver","floor":12,"turns":3},{"damage":0,"enemies":"Exordium Wildlife","floor":13,"turns":2},{"damage":22,"enemies":"Hexaghost","floor":16,"turns":8},{"damage":8,"enemies":"Spheric Guardian","floor":18,"turns":4},{"damage":22,"enemies":"conspire:FuzzyDice","floor":19,"turns":4}],"seed_played":"6958188620800646349","potions_obtained":[{"floor":1.0,"key":"FocusPotion"},{"floor":8.0,"key":"Block Potion"},{"floor":13,"key":"Swift Potion"},{"floor":18,"key":"PowerPotion"}],"is_trial":false,"path_per_floor":["M","?","M","M","?","R","?","E","T","R","M","M","M","$","R","B",null,"M","M","$"],"character_chosen":"DEFECT","items_purchased":["jedi:reiji","jedi:sharpshooter","Darkness"],"campfire_rested":2,"item_purchase_floors":[14,14,14],"current_hp_per_floor":[65,65,65,65,54,75,57,42,42,64,59,56,56,56,56,34,75,67,45,45,45],"gold":205,"neow_bonus":"REMOVE_CARD","is_daily":false,"chose_seed":false,"campfire_upgraded":1,"win_rate":0.0,"timestamp":1614129778,"path_taken":["M","?","M","M","?","R","?","E","T","R","M","M","M","?","R","BOSS","M","M","$"],"items_purchased_type":["Card","Card","Card"],"build_version":"2020-12-22","purchased_purges":1,"victory":false,"max_hp_per_floor":[75,75,75,75,75,75,75,75,75,75,75,75,75,75,75,75,75,75,75,75,75],"card_choices":[{"not_picked":["Reinforced Body","jedi:BurstFrost"],"picked":"Ball Lightning","floor":1.0},{"not_picked":["jedi:BurstFrost","Hologram"],"picked":"jedi:locknload","floor":3.0},{"not_picked":["Compile Driver","Barrage"],"picked":"Steam","floor":4.0},{"not_picked":["jedi:markofdeath","Static Discharge"],"picked":"Barrage","floor":8.0},{"not_picked":["Rip and Tear","Consume"],"picked":"Streamline","floor":11},{"not_picked":["Go for the Eyes","Turbo","jedi:meditation"],"picked":"SKIP","floor":12},{"not_picked":["Barrage","jedi:overflow"],"picked":"Stack","floor":13},{"not_picked":["jedi:readyaimfire","Buffer"],"picked":"Electrodynamics","floor":16},{"not_picked":["Steam Power+1","jedi:reiji"],"picked":"Leap+1","floor":18},{"not_picked":["Stack","Fusion"],"picked":"Sweeping Beam","floor":19}],"player_experience":145914,"relics_obtained":[{"floor":8.0,"key":"Kunai"},{"floor":9,"key":"Letter Opener"}],"event_choices":[{"damage_healed":0.0,"max_hp_gain":0.0,"max_hp_loss":0.0,"gold_gain":0.0,"event_name":"conspire:Investor","player_choice":"Leave","floor":2.0,"gold_loss":0.0,"damage_taken":0.0},{"damage_healed":0.0,"max_hp_gain":0.0,"max_hp_loss":0.0,"gold_gain":75.0,"event_name":"World of Goop","player_choice":"Gather Gold","floor":5.0,"gold_loss":0.0,"damage_taken":11.0},{"damage_healed":0.0,"max_hp_gain":0.0,"max_hp_loss":0.0,"gold_gain":0.0,"event_name":"Golden Idol","player_choice":"Take Damage","floor":7.0,"gold_loss":0.0,"damage_taken":18.0,"relics_obtained":["Golden Idol"]}],"is_beta":false,"boss_relics":[{"not_picked":["conspire:SlowCooker","Coffee Dripper","aspiration:RitualDagger"]}],"items_purged_floors":[20],"is_endless":false,"potions_floor_spawned":[1,8,13,16,18],"ascension_level":0}}