{"host":"0qlrtuw7bw78ucw4","time":1614139743,"event":{"mods":["BaseMod","Downfall","Minty Spire (QoL Compilation)","StSLib"],"gold_per_floor":[99,374,392,88,151,151,202,202,202,222,233,264,277,277,277,277,277,277],"floor_reached":16,"language":"ENG","playtime":564,"items_purged":["Regret"],"score":190,"play_id":"2fea3a60-5ecd-476f-8280-3f98d66156d8","local_time":"20210224150903","is_ascension_mode":true,"campfire_choices":[{"data":"Slimebound:CorrosiveSpit","floor":1,"key":"SMITH"},{"data":"Slimebound:Split","floor":9,"key":"SMITH"}],"circlet_count":0,"master_deck":["AscendersBane","Slimebound:Strike_Slimebound","Slimebound:Strike_Slimebound","Slimebound:Strike_Slimebound","Slimebound:Tackle","Slimebound:Defend_Slimebound","Slimebound:Defend_Slimebound","Slimebound:Defend_Slimebound","Slimebound:Defend_Slimebound","Slimebound:Split+1","Slimebound:CorrosiveSpit+1","Slimebound:Equalize","Slimebound:Repurpose","Slimebound:GrowthPunch","Slimebound:PressTheAttack","Slimebound:TagTeam","Slimebound:LevelUp"],"relics":["Slimebound:AbsorbEndCombat","Omamori","Pen Nib","Bag of Marbles","Happy Flower","Blue Candle"],"acts_visited":["Exordium"],"potions_floor_usage":[5,13,15],"damage_taken":[{"damage":12,"enemies":"2 Louse","floor":3,"turns":2},{"damage":5,"enemies":"downfall:FleeingMerchant","floor":4,"turns":4},{"damage":38,"enemies":"Gremlin Nob","floor":5,"turns":4},{"damage":0,"enemies":"Cultist","floor":10,"turns":3},{"damage":3,"enemies":"Jaw Worm","floor":11,"turns":3},{"damage":29,"enemies":"3 Sentries","floor":12,"turns":7},{"damage":0,"enemies":"downfall:LooterAlt","floor":13,"turns":3},{"damage":0,"enemies":"2 Fungi Beasts","floor":15,"turns":2},{"damage":46,"enemies":"DF_ARCHETYPE_STREAMLINE","floor":16,"turns":6}],"seed_played":"2081249489027263264","potions_obtained":[{"floor":3,"key":"champ:CounterPotion"},{"floor":11,"key":"SmokeBomb"},{"floor":12,"key":"Block Potion"}],"is_trial":false,"path_per_floor":["R","?","M","$","?","?","T","?","R","M","M","E","M","T","M","B"],"character_chosen":"SLIMEBOUND","items_purchased":["Omamori","Slimebound:GrowthPunch"],"campfire_rested":0,"item_purchase_floors":[4,4],"current_hp_per_floor":[53,53,47,48,20,20,20,20,20,26,29,6,8,8,8,0,0,0],"gold":277,"neow_bonus":"THREE_CARDS","is_daily":false,"chose_seed":false,"campfire_upgraded":2,"win_rate":0.0,"timestamp":1614139743,"path_taken":["R","?","?","$","?","?","T","?","R","?","M","E","M","?","M","BOSS"],"items_purchased_type":["Relic","Card"],"build_version":"2020-12-22","purchased_purges":1,"victory":false,"max_hp_per_floor":[59,59,59,59,59,59,59,59,59,59,59,59,59,59,59,59,59,59],"card_choices":[{"not_picked":["Slimebound:ViciousTackle","Slimebound:Nibble"],"picked":"Slimebound:Equalize","floor":0},{"not_picked":["Slimebound:Gluttony","Slimebound:ServeAndProtect"],"picked":"Slimebound:Repurpose","floor":3},{"not_picked":["Slimebound:ItLooksTasty","Slimebound:FinishingTackle","Slimebound:LeechEnergy"],"picked":"SKIP","floor":4},{"not_picked":["Slimebound:SlimeBrawl","Slimebound:Replication"],"picked":"Slimebound:PressTheAttack","floor":5},{"not_picked":["Slimebound:GoopTackle","Slimebound:LeechingTouch","Slimebound:LeechEnergy"],"picked":"SKIP","floor":10},{"not_picked":["Slimebound:Repurpose","Slimebound:Schlurp","Slimebound:FinishingTackle"],"picked":"SKIP","floor":11},{"not_picked":["Slimebound:FormOfPuddle","Slimebound:RollThrough"],"picked":"Slimebound:TagTeam","floor":12},{"not_picked":["Slimebound:FinishingTackle","Slimebound:HauntingLick"],"picked":"Slimebound:LevelUp","floor":13}],"player_experience":1057516,"relics_obtained":[{"floor":5,"key":"Pen Nib"},{"floor":7,"key":"Bag of Marbles"},{"floor":12,"key":"Happy Flower"},{"floor":14,"key":"Blue Candle"}],"event_choices":[],"is_beta":false,"boss_relics":[],"items_purged_floors":[4],"is_endless":false,"potions_floor_spawned":[3,11,12,15],"killed_by":"DF_ARCHETYPE_STREAMLINE","ascension_level":18}}