{"host":"i391n33tccqevi90","time":1614197642,"event":{"mods":["2.2 Compatiblity","AchievementEnabler","AlwaysNeverKeys","BaseMod","Better Third Choice","Conspire","Emptier Cage","Filter the Spire","Grow up Mod","Hubris","Minty Spire (QoL Compilation)","Remove Card Discount Mod","Replay The Spire","Spicy Shops","StSLib"],"gold_per_floor":[210,210,227,302,102,102,203,203,203,281,363,460,460,460,460,620,620,694,755,795,406,471,521,521,622,622,686,686,768,475,484,484,621,621,691,742,742,793,811,811,869,918,918,937,1047,1063,929,1003,1003,1062,1062,1062,169,257,344],"floor_reached":56,"language":"ENG","playtime":5419,"items_purged":["Strike_G","Strike_G","Strike_G","Strike_G","Strike_G","Night Terror+1","Defend_G","Defend_G","hubris:Gluttony"],"score":1629,"play_id":"b21e0fc2-b07f-459f-8204-3d11a6dea680","local_time":"20210224141402","is_ascension_mode":true,"campfire_choices":[{"data":"Draining Mist","floor":6,"key":"SMITH"},{"data":"Night Terror","floor":8,"key":"SMITH"},{"data":"Cloak And Dagger","floor":13,"key":"SMITH"},{"data":"PiercingWail","floor":15,"key":"SMITH"},{"data":"Poison Darts","floor":24,"key":"SMITH"},{"data":"Fluid Movement","floor":32,"key":"SMITH"},{"data":"Replay:Bag of Tricks","floor":40,"key":"SMITH"},{"floor":49,"key":"REST"},{"data":"Noxious Fumes","floor":52,"key":"SMITH"}],"circlet_count":0,"master_deck":["Defend_G","Defend_G","Defend_G","Survivor","Neutralize","PiercingWail+1","Cloak And Dagger+1","Draining Mist+1","conspire:SpireCoStock+1","conspire:SpireCoStock+1","conspire:SpireCoStock+1","conspire:SpireCoStock+1","Deadly Poison","ReplayTheSpireMod:Shiv Toss","Poison Darts+1","Poisoned Stab+1","PiercingWail","Dodge and Roll","Flying Knee+1","Fluid Movement+1","Sucker Punch+1","Sucker Punch+1","Deadly Poison","Finisher+1","Infinite Blades","Corpse Explosion","Replay:Bag of Tricks+1","Deadly Poison+1","Dagger Throw+1","Madness","Madness","Riddle With Holes+1","hubris:Sniper+1","conspire:DoublingDagger","Noxious Fumes+1","Leg Sweep","Tactician"],"relics":["Ring of the Snake","conspire:DeflatedDodgeball","Replay:Bottled Snecko","Ancient Tea Set","hubris:VirtuousBlindfold","Molten Egg 2","CeramicFish","ReplayTheSpireMod:Lightbulb","conspire:Flyswatter","Nloth\u0027s Gift","Juzu Bracelet","ReplayFunnel","hubris:TerracottaHorce","Ring of Hypnosis","ReplayTheSpireMod:Ring of Collecting","ReplayTheSpireMod:Ring of Addiction","Chameleon Ring","Letter Opener","Toy Ornithopter","CaptainsWheel","ReplayTheSpireMod:CursedCoin","Snake Skull","hubris:HerbalPaste","Replay:Bottled Eggs","Replay:Bottled Steam","Strange Spoon","Chemical X","Nunchaku","Replay:Bandana"],"acts_visited":["Exordium","TheCity","TheBeyond","TheEnding"],"potions_floor_usage":[7,10,23,25,38,41,42,44,45,50,55,55],"damage_taken":[{"damage":2,"enemies":"2 Louse","floor":1,"turns":4},{"damage":1,"enemies":"Small Slimes","floor":3,"turns":3},{"damage":12,"enemies":"3 Sentries","floor":7,"turns":14},{"damage":40,"enemies":"Lagavulin","floor":10,"turns":8},{"damage":1,"enemies":"Cultist","floor":11,"turns":4},{"damage":32,"enemies":"3 Sentries","floor":12,"turns":13},{"damage":40,"enemies":"The Guardian","floor":16,"turns":13},{"damage":13,"enemies":"3 Byrds","floor":18,"turns":5},{"damage":7,"enemies":"Shell Parasite","floor":19,"turns":4},{"damage":9,"enemies":"Snake Plant","floor":20,"turns":4},{"damage":0,"enemies":"Shelled Parasite and Fungi","floor":22,"turns":8},{"damage":3,"enemies":"Replay:Snechameleon","floor":23,"turns":5},{"damage":51,"enemies":"Gremlin Leader","floor":25,"turns":5},{"damage":15,"enemies":"Centurion and Healer","floor":27,"turns":6},{"damage":15,"enemies":"Snake Plant","floor":29,"turns":4},{"damage":30,"enemies":"conspire:MysteriousRune","floor":33,"turns":7},{"damage":0,"enemies":"3 Shapes","floor":35,"turns":4},{"damage":6,"enemies":"Orb Walker","floor":36,"turns":3},{"damage":43,"enemies":"Spire Growth","floor":38,"turns":4},{"damage":19,"enemies":"Transient","floor":41,"turns":5},{"damage":1,"enemies":"Maw","floor":42,"turns":6},{"damage":24,"enemies":"4 Shapes","floor":44,"turns":2},{"damage":38,"enemies":"2 Orb Walkers","floor":45,"turns":5},{"damage":11,"enemies":"Writhing Mass","floor":46,"turns":5},{"damage":29,"enemies":"Donu and Deca","floor":50,"turns":5},{"damage":48,"enemies":"Shield and Spear","floor":54,"turns":5},{"damage":117,"enemies":"The Heart","floor":55,"turns":10}],"seed_played":"2655334025902132807","potions_obtained":[{"floor":1,"key":"PowerPotion"},{"floor":3,"key":"LiquidMemories"},{"floor":7,"key":"FearPotion"},{"floor":19,"key":"Adrenaline Potion"},{"floor":20,"key":"AttackPotion"},{"floor":22,"key":"DuplicationPotion"},{"floor":27,"key":"SkillPotion"},{"floor":29,"key":"SkillPotion"},{"floor":38,"key":"PowerPotion"},{"floor":41,"key":"Adrenaline Potion"},{"floor":43,"key":"DistilledChaos"},{"floor":45,"key":"Milkshake"}],"is_trial":false,"path_per_floor":["M","?","M","?","?","R","E","R","T","E","M","E","R","?","R","B",null,"M","M","M","$","M","E","R","E","T","M","?","M","$","?","R","B",null,"M","M","?","M","?","R","M","M","T","M","?","M","$","?","R","B",null,"R","$","E","B",null],"character_chosen":"THE_SILENT","items_purchased":["Dodge and Roll","Molten Egg 2","Flying Knee+1","Infinite Blades","Juzu Bracelet","ReplayFunnel","ReplayTheSpireMod:CursedCoin","Snake Skull","hubris:HerbalPaste","Noxious Fumes","Replay:Bottled Steam","Strange Spoon","Chemical X","Nunchaku","Languid Potion","Milkshake"],"campfire_rested":1,"item_purchase_floors":[21,21,21,30,30,30,47,47,47,47,53,53,53,53,53,53],"current_hp_per_floor":[88,98,107,106,116,126,124,134,144,114,123,101,111,121,131,101,250,247,250,251,261,271,278,288,247,257,252,262,257,267,277,287,267,384,394,398,408,375,327,337,328,337,347,338,315,314,324,114,291,283,514,524,534,502,411],"gold":344,"neow_bonus":"HUNDRED_GOLD","is_daily":false,"chose_seed":false,"campfire_upgraded":8,"win_rate":0.0,"timestamp":1614197642,"path_taken":["M","?","M","?","?","R","E","R","T","E","M","E","R","?","R","BOSS","M","M","M","$","M","E","R","E","T","M","?","?","$","?","R","BOSS","M","M","?","M","?","R","M","M","T","M","?","M","$","?","R","BOSS","R","$","E","BOSS"],"items_purchased_type":["Card","Relic","Card","Card","Relic","Relic","Relic","Relic","Relic","Card","Relic","Relic","Relic","Relic","Potion","Potion"],"build_version":"2020-12-22","purchased_purges":9,"victory":true,"max_hp_per_floor":[90,100,110,120,130,140,150,160,170,180,190,200,210,220,230,240,250,260,270,280,290,300,310,320,330,340,350,360,370,380,390,400,410,420,430,440,450,460,470,480,490,500,510,520,530,540,550,560,568,578,588,598,608,616,626],"card_choices":[{"not_picked":["hubris:Counter","Sucker Punch"],"picked":"PiercingWail","floor":1},{"not_picked":["Outmaneuver","Deadly Poison"],"picked":"Draining Mist","floor":3},{"not_picked":["Deflect","Blade Dance"],"picked":"Night Terror","floor":7},{"not_picked":["Underhanded Strike","Unload"],"picked":"Deadly Poison","floor":10},{"not_picked":["Hidden Blade","Underhanded Strike"],"picked":"ReplayTheSpireMod:Shiv Toss","floor":11},{"not_picked":["All Out Attack","Outmaneuver","ReplayTheSpireMod:The Works"],"picked":"SKIP","floor":12},{"not_picked":["Night Terror","Doppelganger"],"picked":"Poison Darts","floor":16},{"not_picked":["Dagger Spray","hubris:Counter","ReplayTheSpireMod:The Works"],"picked":"SKIP","floor":18},{"not_picked":["Underhanded Strike","Prepared"],"picked":"Poisoned Stab+1","floor":19},{"not_picked":["All Out Attack+1","ReplayTheSpireMod:Shiv Toss"],"picked":"PiercingWail","floor":20},{"not_picked":["Cloak And Dagger","ReplayTheSpireMod:Scrap Shanks"],"picked":"Fluid Movement","floor":22},{"not_picked":["Outmaneuver","Poison Darts"],"picked":"Sucker Punch+1","floor":23},{"not_picked":["Bane+1","Blur"],"picked":"Sucker Punch+1","floor":25},{"not_picked":["Dodge and Roll","Calculated Gamble"],"picked":"Deadly Poison","floor":27},{"not_picked":["Flying Knee+1","PiercingWail"],"picked":"Finisher+1","floor":29},{"not_picked":["Unload+1","Night Terror"],"picked":"Replay:Bag of Tricks","floor":33},{"not_picked":["Outmaneuver","Setup"],"picked":"Deadly Poison+1","floor":35},{"not_picked":["Flechettes+1","PiercingWail","ReplayTheSpireMod:Speed Training+1"],"picked":"SKIP","floor":36},{"not_picked":["Finisher+1","Acrobatics+1"],"picked":"Dagger Throw+1","floor":38},{"not_picked":["Sucker Punch+1","Slice+1"],"picked":"Riddle With Holes+1","floor":41},{"not_picked":["PiercingWail+1","Malaise"],"picked":"hubris:Sniper+1","floor":42},{"not_picked":["Backflip","Flying Knee+1","Deflect+1"],"picked":"SKIP","floor":44},{"not_picked":["Cloak And Dagger","Outmaneuver+1"],"picked":"conspire:DoublingDagger","floor":45},{"not_picked":["Acrobatics+1","Flying Knee+1","Bane+1"],"picked":"SKIP","floor":46},{"not_picked":["Cloak And Dagger+1","Quick Slash+1"],"picked":"Leg Sweep","floor":48},{"not_picked":["Choke+1","Replay:Poison Smokescreen+1"],"picked":"Tactician","floor":48},{"not_picked":["Blade Dance+1","Dash+1","Backflip+1"],"picked":"SKIP","floor":54}],"player_experience":652544,"relics_obtained":[{"floor":7,"key":"Boot"},{"floor":9,"key":"conspire:DeflatedDodgeball"},{"floor":10,"key":"Replay:Bottled Snecko"},{"floor":12,"key":"Ancient Tea Set"},{"floor":23,"key":"CeramicFish"},{"floor":25,"key":"ReplayTheSpireMod:Lightbulb"},{"floor":26,"key":"conspire:Flyswatter"},{"floor":37,"key":"Ring of Hypnosis"},{"floor":37,"key":"ReplayTheSpireMod:Ring of Collecting"},{"floor":43,"key":"ReplayTheSpireMod:Ring of Addiction"},{"floor":43,"key":"Chameleon Ring"},{"floor":43,"key":"Letter Opener"},{"floor":43,"key":"Toy Ornithopter"},{"floor":45,"key":"CaptainsWheel"},{"floor":48,"key":"Replay:Bottled Eggs"},{"floor":54,"key":"Replay:Bandana"}],"event_choices":[{"damage_healed":0,"gold_gain":75,"player_choice":"Gold","damage_taken":11,"max_hp_gain":0,"max_hp_loss":0,"event_name":"betterThird:BetterGoop","floor":4,"gold_loss":0},{"damage_healed":0,"gold_gain":0,"player_choice":"Invest 4","damage_taken":0,"max_hp_gain":0,"max_hp_loss":0,"event_name":"conspire:Investor","floor":5,"gold_loss":0},{"damage_healed":0,"gold_gain":0,"player_choice":"Traded Relic","damage_taken":0,"relics_obtained":["Nloth\u0027s Gift"],"max_hp_gain":0,"max_hp_loss":0,"event_name":"N\u0027loth","floor":28,"relics_lost":["Boot"],"gold_loss":0},{"damage_healed":0,"gold_gain":0,"player_choice":"Read","damage_taken":0,"max_hp_gain":0,"max_hp_loss":0,"event_name":"The Library","floor":31,"gold_loss":0,"cards_obtained":["Corpse Explosion"]},{"damage_healed":0,"gold_gain":0,"player_choice":"Embrace Madness","damage_taken":58,"max_hp_gain":0,"max_hp_loss":0,"event_name":"Winding Halls","floor":39,"gold_loss":0,"cards_obtained":["Madness","Madness"]},{"damage_healed":0,"gold_gain":0,"player_choice":"Fight","damage_taken":0,"max_hp_gain":0,"max_hp_loss":0,"event_name":"Mysterious Sphere","floor":45,"gold_loss":0}],"is_beta":false,"boss_relics":[{"not_picked":["Fusion Hammer","hubris:RunicObelisk"],"picked":"hubris:VirtuousBlindfold"},{"not_picked":["Empty Cage","conspire:SpecialSausage"],"picked":"hubris:TerracottaHorce"}],"items_purged_floors":[21,21,21,21,21,30,30,30,47],"is_endless":false,"potions_floor_spawned":[1,3,7,19,20,22,27,29,33,38,41,45,46,54],"ascension_level":6}}