{"host":"0ntunplbxyg40l63","time":1614177303,"event":{"mods":["BaseMod","Colored Powertips","Minty Spire (QoL Compilation)","StSLib"],"gold_per_floor":[119,135,148,98,173,173,204,218,218,237,337,352,366,380,380,480,480,496,514,534,534,534],"floor_reached":21,"language":"ENG","playtime":806,"items_purged":[],"score":187,"play_id":"fc8a178a-ee33-4227-bd28-8d1a211a6f7e","local_time":"20210224143503","is_ascension_mode":false,"campfire_choices":[{"data":"Apotheosis","floor":6,"key":"SMITH"},{"floor":15,"key":"REST"}],"circlet_count":0,"master_deck":["Strike_B","Strike_B","Strike_B","Strike_B","Defend_B","Defend_B","Defend_B","Defend_B","Zap","Dualcast","Apotheosis+1","Go for the Eyes","Darkness","Conserve Battery","Coolheaded+1","Fusion+1","Beam Cell","Echo Form","Coolheaded+1","Beam Cell","Biased Cognition","Lockon","Loop+1","Cold Snap"],"relics":["Cracked Core","Toxic Egg 2","Darkstone Periapt","Nuclear Battery"],"acts_visited":["Exordium","TheCity"],"potions_floor_usage":[13,16,16],"damage_taken":[{"damage":2,"enemies":"Cultist","floor":1,"turns":2},{"damage":3,"enemies":"2 Louse","floor":2,"turns":3},{"damage":3,"enemies":"Jaw Worm","floor":3,"turns":3},{"damage":12,"enemies":"3 Sentries","floor":7,"turns":8},{"damage":16,"enemies":"Large Slime","floor":8,"turns":5},{"damage":12,"enemies":"Gremlin Gang","floor":10,"turns":5},{"damage":0,"enemies":"Looter","floor":12,"turns":3},{"damage":6,"enemies":"Lots of Slimes","floor":13,"turns":4},{"damage":2,"enemies":"Blue Slaver","floor":14,"turns":4},{"damage":9,"enemies":"Hexaghost","floor":16,"turns":8},{"damage":21,"enemies":"Shell Parasite","floor":18,"turns":5},{"damage":10,"enemies":"Chosen","floor":19,"turns":5},{"damage":20,"enemies":"Snake Plant","floor":20,"turns":4},{"damage":24,"enemies":"Centurion and Healer","floor":21,"turns":2}],"seed_played":"-8562740388019229499","potions_obtained":[{"floor":1,"key":"Block Potion"},{"floor":13,"key":"Strength Potion"},{"floor":14,"key":"Dexterity Potion"},{"floor":16,"key":"Strength Potion"},{"floor":20,"key":"SpeedPotion"}],"is_trial":false,"path_per_floor":["M","M","M","?","?","R","E","M","T","M","?","M","M","M","R","B",null,"M","M","M","M"],"character_chosen":"DEFECT","items_purchased":[],"campfire_rested":1,"item_purchase_floors":[],"current_hp_per_floor":[73,70,67,67,56,56,44,28,28,16,16,16,10,8,30,21,75,54,44,24,0,0],"gold":534,"neow_bonus":"RANDOM_COLORLESS_2","is_daily":false,"chose_seed":false,"campfire_upgraded":1,"win_rate":0.0,"timestamp":1614177303,"path_taken":["M","?","?","?","?","R","E","M","T","M","?","M","M","M","R","BOSS","M","?","M","M"],"items_purchased_type":[],"build_version":"2020-12-22","purchased_purges":0,"victory":false,"max_hp_per_floor":[75,75,75,75,75,75,75,75,75,75,75,75,75,75,75,75,75,75,75,75,75,75],"card_choices":[{"not_picked":["Transmutation","Secret Technique"],"picked":"Apotheosis","floor":0},{"not_picked":["Hologram","Steam"],"picked":"Go for the Eyes","floor":1},{"not_picked":["Stack","Fission"],"picked":"Darkness","floor":2},{"not_picked":["Sweeping Beam","Barrage"],"picked":"Conserve Battery","floor":3},{"not_picked":["Hologram+1","Sweeping Beam"],"picked":"Coolheaded+1","floor":7},{"not_picked":["Steam+1","Redo+1"],"picked":"Fusion+1","floor":8},{"not_picked":["Stack+1","Auto Shields+1"],"picked":"Beam Cell","floor":10},{"not_picked":["Gash","Glacier+1"],"picked":"Echo Form","floor":12},{"not_picked":["Beam Cell","White Noise+1"],"picked":"Coolheaded+1","floor":13},{"not_picked":["Steam+1","Rebound"],"picked":"Beam Cell","floor":14},{"not_picked":["Machine Learning","Creative AI"],"picked":"Biased Cognition","floor":16},{"not_picked":["Streamline","Conserve Battery+1"],"picked":"Lockon","floor":18},{"not_picked":["Blizzard+1","Scrape"],"picked":"Loop+1","floor":19},{"not_picked":["Gash","Go for the Eyes"],"picked":"Cold Snap","floor":20}],"player_experience":19933,"relics_obtained":[{"floor":7,"key":"Toxic Egg 2"},{"floor":9,"key":"Darkstone Periapt"}],"event_choices":[{"cards_removed":["Regret"],"damage_healed":0,"gold_gain":0,"player_choice":"Card Removal","damage_taken":0,"max_hp_gain":0,"max_hp_loss":0,"event_name":"The Cleric","floor":4,"gold_loss":50},{"damage_healed":0,"gold_gain":75,"player_choice":"Gather Gold","damage_taken":11,"max_hp_gain":0,"max_hp_loss":0,"event_name":"World of Goop","floor":5,"gold_loss":0},{"damage_healed":0,"gold_gain":100,"player_choice":"Gold","damage_taken":0,"max_hp_gain":0,"max_hp_loss":0,"event_name":"Wheel of Change","floor":11,"gold_loss":0}],"is_beta":false,"boss_relics":[{"not_picked":["Tiny House","Coffee Dripper"],"picked":"Nuclear Battery"}],"items_purged_floors":[],"is_endless":false,"potions_floor_spawned":[1,13,14,16,20],"killed_by":"Centurion and Healer","ascension_level":0}}