{"host":"skr63qsdfgeey3it","time":1614140894,"event":{"mods":["BaseMod","Colored Map","Hubris","Minty Spire (QoL Compilation)","Monster B Gone","Reliquary","Replay The Spire","Spicy Shops","StSLib"],"gold_per_floor":[117,132,132,150,164,197,197,231,231,231,248,274,349,349,349,424,424,442,442,442,454,19,19,19],"floor_reached":23,"language":"ENG","playtime":1655,"items_purged":[],"score":466,"play_id":"1ac2867a-8a78-455e-9cea-ef9b1965e966","local_time":"20210223222814","is_ascension_mode":true,"campfire_choices":[{"floor":7.0,"key":"REST"},{"data":"Buffer","floor":10.0,"key":"SMITH"},{"floor":15.0,"key":"REST"}],"circlet_count":0,"master_deck":["AscendersBane","Strike_B","Strike_B","Strike_B","Defend_B","Defend_B","Defend_B","Defend_B","Zap","Dualcast","Core Surge","Self Repair","Ball Lightning","Coolheaded","Buffer+1","hubris:Ukulele","Ball Lightning","Leap","Rebound","Creative AI","Consume","Streamline+1","Buffer+1","Deep Breath"],"relics":["Cracked Core","Thread and Needle","Dream Catcher","Art of War","Onion Ring","Singing Bowl","Black Star","reliquary:BrokenClock","DollysMirror"],"acts_visited":["Exordium","TheCity"],"potions_floor_usage":[],"damage_taken":[{"damage":0.0,"enemies":"Small Slimes","floor":1.0,"turns":2.0},{"damage":6.0,"enemies":"Cultist","floor":2.0,"turns":4.0},{"damage":0.0,"enemies":"2 Louse","floor":4.0,"turns":2.0},{"damage":3.0,"enemies":"Looter","floor":5.0,"turns":4.0},{"damage":21.0,"enemies":"Lagavulin","floor":6.0,"turns":6.0},{"damage":1.0,"enemies":"3 Sentries","floor":8.0,"turns":5.0},{"damage":2.0,"enemies":"Exordium Wildlife","floor":11.0,"turns":3.0},{"damage":16.0,"enemies":"Lagavulin","floor":12.0,"turns":3.0},{"damage":3.0,"enemies":"The Guardian","floor":16.0,"turns":11.0},{"damage":7,"enemies":"Shell Parasite","floor":18,"turns":7},{"damage":9,"enemies":"Chosen","floor":21,"turns":5},{"damage":71,"enemies":"Book of Stabbing","floor":23,"turns":7}],"seed_played":"-4117050178276551374","potions_obtained":[{"floor":4.0,"key":"Explosive Potion"},{"floor":5.0,"key":"Elixir"},{"floor":11.0,"key":"Cursed Concoction"},{"floor":20,"key":"Ancient Potion"},{"floor":20,"key":"Milkshake"}],"is_trial":false,"path_per_floor":["M","M","?","M","M","E","R","E","T","R","M","E","?","?","R","B",null,"M","?","?","M","$","E"],"character_chosen":"DEFECT","items_purchased":["reliquary:BrokenClock","DollysMirror","Deep Breath"],"campfire_rested":2,"item_purchase_floors":[22,22,22],"current_hp_per_floor":[46,47,47,47,51,37,58,64,64,64,69,53,42,42,65,69,72,72,72,72,70,70,0,0],"gold":19,"neow_bonus":"THREE_RARE_CARDS","is_daily":false,"chose_seed":false,"campfire_upgraded":1,"win_rate":0.0,"timestamp":1614140894,"path_taken":["M","M","?","?","M","E","R","E","T","R","M","E","?","?","R","BOSS","M","?","?","?","$","E"],"items_purchased_type":["Relic","Relic","Card"],"build_version":"2020-12-22","purchased_purges":0,"victory":false,"max_hp_per_floor":[71,71,71,71,71,71,71,71,71,71,71,71,71,71,73,73,73,73,73,73,73,73,73,73],"card_choices":[{"not_picked":["Buffer","Mirror Shield"],"picked":"Core Surge","floor":0.0},{"not_picked":["Gash","Time Bomb"],"picked":"Self Repair","floor":1.0},{"not_picked":["Genetic Algorithm","Sweeping Beam"],"picked":"Ball Lightning","floor":2.0},{"not_picked":["Leap","Sweeping Beam"],"picked":"Coolheaded","floor":4.0},{"not_picked":["Ball Lightning","Heatsinks"],"picked":"Buffer","floor":5.0},{"not_picked":["Multi-Cast","Reboot"],"picked":"hubris:Ukulele","floor":6.0},{"not_picked":["Sweeping Beam","FTL"],"picked":"Ball Lightning","floor":7.0},{"not_picked":["Blizzard","Compile Driver"],"picked":"Leap","floor":8.0},{"not_picked":["FIFO Queue","ReplayTheSpireMod:Reroute Power","Turbo"],"picked":"SKIP","floor":11.0},{"not_picked":["ReplayTheSpireMod:Reroute Power","Coolheaded"],"picked":"Rebound","floor":12.0},{"not_picked":["BasicCrystalCard","Ball Lightning","hubris:DoWhile"],"picked":"Singing Bowl","floor":15.0},{"not_picked":["Thunder Strike","Core Surge"],"picked":"Creative AI","floor":16.0},{"not_picked":["Coolheaded","Double Energy"],"picked":"Consume","floor":18},{"not_picked":["Panic Button","White Noise"],"picked":"Streamline+1","floor":21}],"player_experience":1002760,"relics_obtained":[{"floor":3.0,"key":"Thread and Needle"},{"floor":6.0,"key":"Dream Catcher"},{"floor":8.0,"key":"Art of War"},{"floor":9.0,"key":"Onion Ring"},{"floor":12.0,"key":"Singing Bowl"}],"event_choices":[{"damage_healed":0.0,"max_hp_gain":0.0,"max_hp_loss":0.0,"gold_gain":0.0,"event_name":"Wheel of Change","player_choice":"Relic","floor":3.0,"gold_loss":0.0,"damage_taken":0.0},{"damage_healed":0.0,"max_hp_gain":0.0,"max_hp_loss":0.0,"gold_gain":75.0,"event_name":"World of Goop","player_choice":"Gather Gold","floor":13.0,"gold_loss":0.0,"damage_taken":11.0},{"cards_removed":["Strike_B"],"damage_healed":0.0,"max_hp_gain":0.0,"max_hp_loss":0.0,"gold_gain":0.0,"event_name":"Living Wall","player_choice":"Forget","floor":14.0,"gold_loss":0.0,"damage_taken":0.0},{"damage_healed":0,"gold_gain":0,"player_choice":"Ignored","damage_taken":0,"max_hp_gain":0,"max_hp_loss":0,"event_name":"Vampires","floor":19,"gold_loss":0},{"damage_healed":0,"gold_gain":0,"player_choice":"Got Potions","damage_taken":0,"max_hp_gain":0,"max_hp_loss":0,"event_name":"Lab","floor":20,"gold_loss":0}],"is_beta":false,"boss_relics":[{"not_picked":["hubris:ScarierMask","hubris:BlackHole"],"picked":"Black Star"}],"items_purged_floors":[],"is_endless":false,"potions_floor_spawned":[4,5,11],"killed_by":"Book of Stabbing","ascension_level":16}}