{"host":"flm17o2q7bfjyna6","time":1614183108,"event":{"mods":["2.2 Compatiblity","Act Like it!","BaseMod","Better Altar","Better Match","Better Note","Better Sensory Stone","Better Skull","Better Third Choice","Better Vampires","Colored Map","Colored Powertips","DeckTracker","Downfall","Fox Events","Minty Spire (QoL Compilation)","Quick Restart","Reworked Bosses","Spicy Shops","StSLib","TheSwordswoman","Wandering Minibosses"],"gold_per_floor":[99,112,129,142,162,162,233,246,346,379,379,379,654,667,685,785,785,785,785,785,785,785,4,4,4,4,4],"floor_reached":25,"language":"ENG","playtime":1429,"items_purged":["downfall:Icky"],"score":345,"play_id":"8a5c6e39-0eaf-4497-8b41-83eb90f98fbb","local_time":"20210224111148","is_ascension_mode":true,"campfire_choices":[{"data":"bronze:Overheat","floor":1,"key":"SMITH"},{"data":"bronze:FineTuning","floor":11,"key":"SMITH"},{"data":"bronze:Constructor","floor":18,"key":"SMITH"}],"circlet_count":0,"master_deck":["bronze:Strike","bronze:Strike+1","bronze:Defend","bronze:Defend","bronze:Defend","bronze:Defend","bronze:Replicate","bronze:Goto","bronze:Overheat+1","bronze:ChildClass","bronze:Constructor+1","bronze:Invalidate","bronze:FineTuning+1","bronze:Replicate","bronze:Boost","Parasite","bronze:Format","bronze:Iterate","bronze:ItsAFeature","bronze:BronzeOrb","bronze:Format","CurseOfTheBell","bronze:ThunderWave","bronze:Repair","bronze:MaxOutput","expansioncontent:StudyTheSpire","Writhe","downfall:Aged","Decay"],"relics":["bronze:BronzeCore","Blue Candle","downfall:ExtraCursedKey","Art of War","Calling Bell","Akabeko","Mercury Hourglass","Thread and Needle","Spirit Poop","Bottled Tornado","Orichalcum","Lee\u0027s Waffle","Darkstone Periapt"],"acts_visited":["Exordium","TheCity"],"potions_floor_usage":[10,10,25],"damage_taken":[{"damage":4,"enemies":"Small Slimes","floor":2,"turns":3},{"damage":0,"enemies":"Cultist","floor":3,"turns":3},{"damage":7,"enemies":"Jaw Worm","floor":4,"turns":3},{"damage":0,"enemies":"downfall:LooterAlt","floor":5,"turns":2},{"damage":5,"enemies":"Large Slime","floor":8,"turns":9},{"damage":1,"enemies":"Lagavulin","floor":10,"turns":4},{"damage":1,"enemies":"2 Fungi Beasts","floor":14,"turns":2},{"damage":1,"enemies":"downfall:LooterAlt","floor":15,"turns":3},{"damage":27,"enemies":"DF_ARCHETYPE_STREAMLINE","floor":16,"turns":8},{"damage":1,"enemies":"downfall:FleeingMerchant","floor":23,"turns":4},{"damage":86,"enemies":"Slavers","floor":25,"turns":3}],"seed_played":"-8291723449328807650","potions_obtained":[{"floor":4,"key":"hexamod:SoulburnPotion"},{"floor":5,"key":"AttackPotion"},{"floor":10,"key":"EntropicBrew"},{"floor":16,"key":"Guardian:BlockOnCardUsePotion"},{"floor":20,"key":"ColorlessPotion"}],"is_trial":false,"path_per_floor":["R","M","M","M","M","?","T","M","?","E","R","?","?","M","M","B",null,"R","?","?","?","?","$","T","E"],"character_chosen":"THE_AUTOMATON","items_purchased":["bronze:MaxOutput","expansioncontent:StudyTheSpire","Bottled Tornado","Orichalcum","Lee\u0027s Waffle"],"campfire_rested":0,"item_purchase_floors":[23,23,23,23,23],"current_hp_per_floor":[70,66,66,59,59,59,59,54,59,58,58,58,58,57,56,29,75,75,67,67,67,67,82,82,0,0,0],"gold":4,"neow_bonus":"THREE_CARDS","is_daily":false,"chose_seed":false,"campfire_upgraded":3,"win_rate":0.0,"timestamp":1614183108,"path_taken":["R","M","M","M","M","?","T","?","?","E","R","?","?","?","M","BOSS","R","?","?","?","?","$","T","E"],"items_purchased_type":["Card","Card","Relic","Relic","Relic"],"build_version":"2020-12-22","purchased_purges":1,"victory":false,"max_hp_per_floor":[70,70,70,70,70,70,70,70,75,75,75,75,75,75,75,75,75,75,75,75,75,75,82,82,82,82,82],"card_choices":[{"not_picked":["bronze:Refactor","bronze:Deprecate"],"picked":"bronze:Overheat","floor":0},{"not_picked":["bronze:Branch","bronze:Invalidate"],"picked":"bronze:ChildClass","floor":2},{"not_picked":["bronze:Deprecate","bronze:Refactor"],"picked":"bronze:Constructor","floor":3},{"not_picked":["bronze:Frontload","bronze:GetLatest"],"picked":"bronze:Invalidate","floor":4},{"not_picked":["bronze:Constructor","bronze:Turbo"],"picked":"bronze:FineTuning","floor":5},{"not_picked":["bronze:Iterate","bronze:BronzeArmor"],"picked":"bronze:Boost","floor":8},{"not_picked":["bronze:CutThrough","bronze:Safeguard"],"picked":"bronze:Iterate","floor":10},{"not_picked":["bronze:Refactor","bronze:Return"],"picked":"bronze:ItsAFeature","floor":14},{"not_picked":["bronze:OilSpill","bronze:Fortify"],"picked":"bronze:BronzeOrb","floor":15},{"not_picked":["bronze:FindAndReplace","bronze:HardenedForm"],"picked":"bronze:Format","floor":16},{"not_picked":["bronze:DelayedSlice","bronze:Branch+1"],"picked":"bronze:Repair","floor":23}],"player_experience":1996944,"relics_obtained":[{"floor":7,"key":"Blue Candle"},{"floor":10,"key":"Art of War"},{"floor":17,"key":"Akabeko"},{"floor":17,"key":"Mercury Hourglass"},{"floor":17,"key":"Thread and Needle"},{"floor":24,"key":"Darkstone Periapt"}],"event_choices":[{"cards_removed":["bronze:Strike"],"damage_healed":0,"gold_gain":0,"player_choice":"Card Removal","damage_taken":0,"max_hp_gain":0,"max_hp_loss":0,"event_name":"The Cleric","floor":12,"gold_loss":0},{"damage_healed":0,"gold_gain":0,"player_choice":"Got Potions","damage_taken":0,"max_hp_gain":0,"max_hp_loss":0,"event_name":"Lab","floor":20,"gold_loss":0},{"cards_removed":["Regret"],"damage_healed":0,"gold_gain":0,"player_choice":"Offered Curse","damage_taken":0,"relics_obtained":["Spirit Poop"],"max_hp_gain":0,"max_hp_loss":0,"event_name":"Bonfire Elementals","floor":21,"gold_loss":0}],"is_beta":false,"boss_relics":[{"not_picked":["Runic Dome","Tiny House"],"picked":"Calling Bell"}],"items_purged_floors":[23],"is_endless":false,"potions_floor_spawned":[4,5,10,16],"killed_by":"Slavers","ascension_level":2}}