{"host":"pletss163z7s8pvv","time":1614130930,"event":{"mods":["AchievementEnabler","Act Like it!","AlwaysNeverKeys","BaseMod","Better Altar","Better Match","Better Note","Better Sensory Stone","Better Skull","Better Third Choice","BetterRewards","Bossed Relics","CapriCore","ChefMod","Colored Map","Colored Powertips","Conspire","Dio Mod","Displayed Cursed Tome","Energized Spire","Evolution","Gensokyo","GifTheSpireLib","Hallownest","Hermit","Ironclad Rager","Jedi Mod","Marisa????????","Marked Mod","Minty Spire (QoL Compilation)","Reliquary","Replay The Spire","Retaliation","Ruina","Somnambulant","Spicy Shops","StS++","StSLib","The Administrix","The Alterego","The Animator","The Blue Laboratory","The Bug Knight","The Construct","The Cursed","The Disciple","The Forsaken","The Hierophant","The Necromancer","The Saiyan","The Vixen","The Wild Card","TheVacant","Transform Curses"],"gold_per_floor":[114,39,54,5,20,50,50,65,140,140,155,225,240,270,270,270,270],"floor_reached":16,"language":"ENG","playtime":696,"items_purged":[],"score":172,"play_id":"acea3335-74d0-409c-8d98-1147253d0acc","local_time":"20210223194210","daily_mods":["Heirloom","Red Cards","DeadlyEvents"],"is_ascension_mode":false,"campfire_choices":[{"floor":7,"key":"REST"},{"data":"True Grit","floor":10,"key":"SMITH"},{"data":"ICR:VitalStrike","floor":15,"key":"SMITH"}],"circlet_count":0,"master_deck":["Wild Strike","Wild Strike","Wild Strike","Wild Strike","True Grit+1","True Grit","True Grit","True Grit","Eruption","Vigilance","EmptyBody","Clothesline","DDmod:EasePowerCard","Shrug It Off","Searing Blow","Armaments","Halt","DDmod:EasePowerCard","jedi:fear","ICR:VitalStrike+1"],"relics":["PureWater","EVO:Axolotl","StoneCalendar","Toolbox","StrikeDummy","reliquary:HotPoker","Gremlin Horn","Smiling Mask"],"acts_visited":["Exordium"],"potions_floor_usage":[5,5,6,14,16,16],"damage_taken":[{"damage":0,"enemies":"2_ Uuma","floor":1,"turns":4},{"damage":0,"enemies":"Hallownest:monsterHuskWarrior","floor":3,"turns":1},{"damage":10,"enemies":"Hallownest:2_Baldur","floor":5,"turns":4},{"damage":36,"enemies":"Hallownest:eliteCrystalGuardian","floor":6,"turns":7},{"damage":1,"enemies":"Hallownest:Wandering_and_Horned","floor":8,"turns":3},{"damage":18,"enemies":"Hallownest:1_Ooma_and_2_Uuma","floor":11,"turns":7},{"damage":17,"enemies":"Hallownest:eliteVengeflyKing","floor":12,"turns":7},{"damage":12,"enemies":"Hallownest:Guard_and_Warrior","floor":13,"turns":4},{"damage":11,"enemies":"Hallownest:eliteMossKnight","floor":14,"turns":9},{"damage":163,"enemies":"Hallownest:BossHornet","floor":16,"turns":8}],"seed_played":"1986488565424594500","potions_obtained":[{"floor":3,"key":"blueLaboratory:PolymorphPotion"},{"floor":6,"key":"blueLaboratory:FruitPreserves"},{"floor":11,"key":"Block Potion"}],"is_trial":false,"path_per_floor":["M","$","M","$","M","E","R","M","T","R","M","E","M","E","R","B"],"character_chosen":"WATCHER","items_purchased":["Toolbox","DDmod:EasePowerCard"],"campfire_rested":1,"item_purchase_floors":[2,4],"current_hp_per_floor":[78,78,78,78,68,33,56,56,56,56,38,25,17,61,61,0,0],"gold":270,"neow_bonus":"","is_daily":true,"chose_seed":false,"campfire_upgraded":2,"win_rate":0.0,"timestamp":1614130930,"path_taken":["M","?","M","?","M","E","R","M","T","R","M","?","M","E","R","BOSS"],"items_purchased_type":["Relic","Card"],"build_version":"2020-12-22","purchased_purges":0,"victory":false,"max_hp_per_floor":[78,78,78,78,78,78,78,78,78,78,78,78,78,78,78,78,78],"card_choices":[{"not_picked":["MarkedMod:Acupuncture","FlyingSleeves"],"picked":"EmptyBody","floor":1},{"not_picked":["MentalFortress","StSpp:LatentStrike"],"picked":"Clothesline","floor":3},{"not_picked":["ThirdEye","StSpp:Purify"],"picked":"Shrug It Off","floor":5},{"not_picked":["Fasting2","Collect"],"picked":"Searing Blow","floor":6},{"not_picked":["Halt","StSpp:Succumb"],"picked":"Armaments","floor":8},{"not_picked":["Conclude","Nirvana"],"picked":"Halt","floor":11},{"not_picked":["Hemokinesis","Warcry"],"picked":"DDmod:EasePowerCard","floor":12},{"not_picked":["Hemokinesis","Dropkick"],"picked":"jedi:fear","floor":13},{"not_picked":["Body Slam","Armaments"],"picked":"ICR:VitalStrike","floor":14}],"player_experience":549535,"relics_obtained":[{"floor":6,"key":"StrikeDummy"},{"floor":9,"key":"reliquary:HotPoker"},{"floor":12,"key":"Gremlin Horn"},{"floor":14,"key":"Smiling Mask"}],"event_choices":[],"is_beta":false,"boss_relics":[],"items_purged_floors":[],"is_endless":false,"potions_floor_spawned":[3,6,11,12],"killed_by":"Hallownest:BossHornet","ascension_level":0}}