{"host":"prxrhpgaxnj4om9r","time":1614169882,"event":{"mods":["AchievementEnabler","BaseMod","Colored Map","DeckTracker","Minty Spire (QoL Compilation)"],"gold_per_floor":[113,113,113,129,140,174,174,204,282,282,12,70,81,45,45,147,147,165,178,178,178,178,207,207,239,263,277,376,396,406,45,45,142,142,160,174,190,190,204,204,231,247,247,267,46,58,58,75,75,75],"floor_reached":51,"language":"KOR","playtime":2777,"items_purged":[],"score":1080,"play_id":"f259dfed-b598-4db3-8cbf-fea6fe05710d","local_time":"20210224213122","is_ascension_mode":true,"campfire_choices":[{"floor":7,"key":"REST"},{"floor":10,"key":"REST"},{"data":"Panache","floor":15,"key":"SMITH"},{"data":"Noxious Fumes","floor":24,"key":"SMITH"},{"data":"Footwork","floor":32,"key":"SMITH"},{"floor":40,"key":"REST"},{"data":"Noxious Fumes","floor":47,"key":"SMITH"},{"data":"Blur","floor":49,"key":"SMITH"}],"circlet_count":0,"master_deck":["Strike_G","Strike_G","Strike_G","Strike_G","Strike_G","Defend_G","Defend_G","Defend_G","Defend_G","Defend_G","Survivor","Neutralize","Escape Plan","Noxious Fumes+1","Poisoned Stab","Blur+1","Deadly Poison","Panache+1","Cloak And Dagger+1","Noxious Fumes+1","PiercingWail+1","Cloak And Dagger+1","Leg Sweep+1","Corpse Explosion+1","Deflect+1","Backflip+1","Footwork+1","Quick Slash","Cloak And Dagger+1","Acrobatics+1","Terror+1","Backflip+1","Dagger Spray","Storm of Steel+1","Cloak And Dagger+1","Sucker Punch+1","Bane+1","Slice+1","Blade Dance+1","Corpse Explosion+1","Parasite"],"relics":["Ring of the Snake","Calipers","Anchor","White Beast Statue","Nunchaku","Toxic Egg 2","Incense Burner","SacredBark","Enchiridion","Pear","Happy Flower","Oddly Smooth Stone","Lizard Tail","Busted Crown","Bird Faced Urn","Akabeko","Bag of Marbles"],"acts_visited":["Exordium","TheCity","TheBeyond"],"potions_floor_usage":[16,18,19,23,23,23,25,29,29,30,33,36,37,39,41,44,46,50,50],"damage_taken":[{"damage":8,"enemies":"Small Slimes","floor":1,"turns":4},{"damage":0,"enemies":"Jaw Worm","floor":4,"turns":3},{"damage":0,"enemies":"Cultist","floor":5,"turns":3},{"damage":28,"enemies":"Lagavulin","floor":6,"turns":8},{"damage":32,"enemies":"Gremlin Nob","floor":8,"turns":5},{"damage":10,"enemies":"3 Sentries","floor":12,"turns":6},{"damage":0,"enemies":"Looter","floor":13,"turns":3},{"damage":6,"enemies":"Slime Boss","floor":16,"turns":8},{"damage":3,"enemies":"Shell Parasite","floor":18,"turns":4},{"damage":0,"enemies":"Chosen","floor":19,"turns":3},{"damage":2,"enemies":"Slavers","floor":23,"turns":4},{"damage":0,"enemies":"Gremlin Leader","floor":25,"turns":6},{"damage":0,"enemies":"3 Cultists","floor":27,"turns":3},{"damage":0,"enemies":"Shelled Parasite and Fungi","floor":29,"turns":1},{"damage":0,"enemies":"Chosen and Byrds","floor":30,"turns":5},{"damage":16,"enemies":"Champ","floor":33,"turns":9},{"damage":0,"enemies":"3 Darklings","floor":35,"turns":3},{"damage":8,"enemies":"Orb Walker","floor":36,"turns":3},{"damage":0,"enemies":"3 Darklings","floor":37,"turns":2},{"damage":22,"enemies":"Writhing Mass","floor":39,"turns":5},{"damage":0,"enemies":"Nemesis","floor":41,"turns":7},{"damage":0,"enemies":"Jaw Worm Horde","floor":42,"turns":5},{"damage":0,"enemies":"3 Darklings","floor":44,"turns":3},{"damage":0,"enemies":"Writhing Mass","floor":46,"turns":5},{"damage":13,"enemies":"Transient","floor":48,"turns":5},{"damage":30,"enemies":"Donu and Deca","floor":50,"turns":7}],"seed_played":"-7264700187027402526","potions_obtained":[{"floor":1,"key":"SteroidPotion"},{"floor":8,"key":"LiquidMemories"},{"floor":12,"key":"Weak Potion"},{"floor":13,"key":"Fire Potion"},{"floor":16,"key":"Energy Potion"},{"floor":18,"key":"DistilledChaos"},{"floor":19,"key":"Ancient Potion"},{"floor":23,"key":"SpeedPotion"},{"floor":25,"key":"Energy Potion"},{"floor":27,"key":"Strength Potion"},{"floor":29,"key":"CunningPotion"},{"floor":30,"key":"PowerPotion"},{"floor":33,"key":"LiquidBronze"},{"floor":35,"key":"FearPotion"},{"floor":36,"key":"DistilledChaos"},{"floor":37,"key":"ColorlessPotion"},{"floor":39,"key":"ColorlessPotion"},{"floor":41,"key":"LiquidMemories"},{"floor":42,"key":"FairyPotion"},{"floor":44,"key":"FearPotion"},{"floor":46,"key":"Block Potion"}],"is_trial":false,"path_per_floor":["M","?","?","M","M","E","R","E","T","R","$","?","M","$","R","B",null,"M","M","?","?","?","E","R","E","T","M","?","M","M","$","R","B",null,"M","M","M","?","M","R","E","M","T","M","$","M","R","M","R","B",null],"character_chosen":"THE_SILENT","items_purchased":["Panache","Cloak And Dagger+1","Noxious Fumes","Leg Sweep+1","Lizard Tail","Dagger Spray","Bag of Marbles","Corpse Explosion+1"],"campfire_rested":3,"item_purchase_floors":[11,11,11,14,31,31,45,45],"current_hp_per_floor":[62,55,55,55,55,27,50,18,18,41,41,31,31,31,31,25,64,61,61,61,61,45,53,53,53,53,53,53,53,53,53,53,37,75,75,67,67,67,45,71,71,77,77,83,83,87,87,74,74,54],"gold":75,"neow_bonus":"TEN_PERCENT_HP_BONUS","is_daily":false,"chose_seed":false,"campfire_upgraded":5,"win_rate":0.0,"timestamp":1614169882,"path_taken":["M","?","?","?","M","E","R","E","T","R","$","?","M","$","R","BOSS","M","M","?","?","?","E","R","E","T","M","?","?","M","$","R","BOSS","M","M","M","?","M","R","E","?","T","M","$","M","R","M","R","BOSS"],"items_purchased_type":["Card","Card","Card","Card","Relic","Card","Relic","Card"],"build_version":"2020-12-22","purchased_purges":0,"victory":true,"max_hp_per_floor":[77,77,77,77,77,77,77,77,77,77,77,77,77,77,77,77,77,77,77,77,77,77,87,87,87,87,87,87,87,87,87,87,87,87,87,87,87,87,87,87,87,87,87,87,87,87,87,87,87,87],"card_choices":[{"not_picked":["Quick Slash","Underhanded Strike"],"picked":"Escape Plan","floor":1},{"not_picked":["PiercingWail","Flechettes"],"picked":"Noxious Fumes","floor":4},{"not_picked":["Quick Slash","Deflect"],"picked":"Poisoned Stab","floor":5},{"not_picked":["Storm of Steel","Crippling Poison"],"picked":"Blur","floor":6},{"not_picked":["Riddle With Holes","Eviscerate"],"picked":"Deadly Poison","floor":8},{"not_picked":["Reflex+1","Heel Hook"],"picked":"PiercingWail+1","floor":12},{"not_picked":["Crippling Poison+1","Outmaneuver+1"],"picked":"Cloak And Dagger+1","floor":13},{"not_picked":["Adrenaline+1","Wraith Form v2"],"picked":"Corpse Explosion+1","floor":16},{"not_picked":["Noxious Fumes","Prepared+1"],"picked":"Deflect+1","floor":18},{"not_picked":["Acrobatics+1","Outmaneuver+1"],"picked":"Backflip+1","floor":19},{"not_picked":["Footwork","Caltrops"],"picked":"Quick Slash","floor":23},{"not_picked":["Leg Sweep+1","Choke"],"picked":"Cloak And Dagger+1","floor":25},{"not_picked":["Eviscerate","Reflex+1"],"picked":"Acrobatics+1","floor":27},{"not_picked":["Prepared+1","Bouncing Flask+1"],"picked":"Terror+1","floor":29},{"not_picked":["A Thousand Cuts","Quick Slash+1"],"picked":"Backflip+1","floor":30},{"not_picked":["Malaise+1","Adrenaline+1"],"picked":"Storm of Steel+1","floor":33},{"not_picked":[],"picked":"Cloak And Dagger+1","floor":35},{"not_picked":[],"picked":"Sucker Punch+1","floor":36},{"not_picked":[],"picked":"Bane+1","floor":37},{"not_picked":[],"picked":"Slice+1","floor":39},{"not_picked":["Slice"],"picked":"SKIP","floor":41},{"not_picked":[],"picked":"Blade Dance+1","floor":42},{"not_picked":["Crippling Poison+1"],"picked":"SKIP","floor":44},{"not_picked":["Well Laid Plans"],"picked":"SKIP","floor":46},{"not_picked":["Dagger Spray+1"],"picked":"SKIP","floor":48}],"player_experience":632883,"relics_obtained":[{"floor":6,"key":"White Beast Statue"},{"floor":8,"key":"Nunchaku"},{"floor":9,"key":"Toxic Egg 2"},{"floor":12,"key":"Incense Burner"},{"floor":22,"key":"Enchiridion"},{"floor":23,"key":"Pear"},{"floor":25,"key":"Happy Flower"},{"floor":26,"key":"Oddly Smooth Stone"},{"floor":41,"key":"Bird Faced Urn"},{"floor":43,"key":"Akabeko"}],"event_choices":[{"damage_healed":0,"gold_gain":0,"player_choice":"Success","damage_taken":7,"relics_obtained":["Calipers"],"max_hp_gain":0,"max_hp_loss":0,"event_name":"Scrap Ooze","floor":2,"gold_loss":0},{"damage_healed":0,"gold_gain":0,"player_choice":"Gave Potion","damage_taken":0,"relics_obtained":["Anchor"],"max_hp_gain":0,"max_hp_loss":0,"event_name":"WeMeetAgain","floor":3,"gold_loss":0},{"damage_healed":0,"gold_gain":30,"player_choice":"Searched \u00272\u0027 times","damage_taken":0,"max_hp_gain":0,"max_hp_loss":0,"event_name":"Dead Adventurer","floor":12,"gold_loss":0},{"damage_healed":0,"gold_gain":0,"player_choice":"Read","damage_taken":0,"max_hp_gain":0,"max_hp_loss":0,"event_name":"The Library","floor":20,"gold_loss":0,"cards_obtained":["Footwork"]},{"damage_healed":0,"gold_gain":0,"player_choice":"Ignored","damage_taken":0,"max_hp_gain":0,"max_hp_loss":0,"event_name":"Beggar","floor":21,"gold_loss":0},{"damage_healed":0,"gold_gain":0,"player_choice":"Obtained Book","damage_taken":16,"max_hp_gain":0,"max_hp_loss":0,"event_name":"Cursed Tome","floor":22,"gold_loss":0},{"damage_healed":0,"gold_gain":99,"player_choice":"Stole From Cult","damage_taken":0,"max_hp_gain":0,"max_hp_loss":0,"event_name":"Nest","floor":28,"gold_loss":0},{"damage_healed":0,"gold_gain":0,"player_choice":"Ignored","damage_taken":0,"max_hp_gain":0,"max_hp_loss":0,"event_name":"SecretPortal","floor":38,"gold_loss":0}],"is_beta":false,"boss_relics":[{"not_picked":["Velvet Choker","Runic Dome"],"picked":"SacredBark"},{"not_picked":["HoveringKite","Empty Cage"],"picked":"Busted Crown"}],"items_purged_floors":[],"is_endless":false,"potions_floor_spawned":[1,8,12,13,16,18,19,23,25,27,29,30,33,35,36,37,39,41,42,44,46,48],"ascension_level":6}}