{"host":"n43wxkei7kulhi8o","time":1614182256,"event":{"mods":["BaseMod","Bestiary","Block Reminder","Colored Map","Colored Powertips","Curses Come First","Custom Start","Dark Map","Highlight Path","Minty Spire (QoL Compilation)","Relic Stats","StSLib"],"gold_per_floor":[110,110,210,229,241,268,292,126,149,149,166,185,185,185,185,308,308,321,321,67,85,35,79,79,99,99,99,99,113,113,138,138,269,269,293,293,316,329,329,329,68,68,68,86,110,110,110,135,135,135],"floor_reached":51,"language":"ENG","playtime":1929,"items_purged":[],"score":717,"play_id":"3d4e1f3b-2581-43ab-883c-b9ec7fb2eff9","local_time":"20210224105736","is_ascension_mode":false,"campfire_choices":[{"data":"Consume","floor":10,"key":"SMITH"},{"data":"Zap","floor":13,"key":"SMITH"},{"floor":15,"key":"REST"},{"data":"Coolheaded","floor":24,"key":"SMITH"},{"data":"Leap","floor":28,"key":"SMITH"},{"floor":30,"key":"REST"},{"floor":32,"key":"REST"},{"data":"Consume","floor":40,"key":"SMITH"},{"floor":47,"key":"REST"},{"data":"Barrage","floor":49,"key":"SMITH"}],"circlet_count":0,"master_deck":["Strike_B","Strike_B","Strike_B","Strike_B","Defend_B+1","Defend_B","Defend_B","Defend_B","Zap+1","Dualcast+1","Cold Snap","Consume+1","Cold Snap","Sweeping Beam","Coolheaded+1","Ball Lightning","Leap+1","Core Surge","Barrage+1","Consume+1","Ball Lightning","Reboot","Glacier+1","Blizzard"],"relics":["Inserter","War Paint","Dream Catcher","ClockworkSouvenir","Blood Vial","Golden Idol","Nuclear Battery","Gremlin Horn","Eternal Feather","Bottled Lightning","SlaversCollar","Meat on the Bone","White Beast Statue"],"acts_visited":["Exordium","TheCity","TheBeyond"],"potions_floor_usage":[16,33,33,33,33,44,50,50],"damage_taken":[{"damage":11,"enemies":"Jaw Worm","floor":1,"turns":4},{"damage":1,"enemies":"2 Louse","floor":4,"turns":4},{"damage":2,"enemies":"Cultist","floor":5,"turns":4},{"damage":12,"enemies":"Lagavulin","floor":6,"turns":10},{"damage":16,"enemies":"Exordium Thugs","floor":11,"turns":5},{"damage":11,"enemies":"Large Slime","floor":12,"turns":6},{"damage":0,"enemies":"Hexaghost","floor":16,"turns":10},{"damage":6,"enemies":"Chosen","floor":18,"turns":6},{"damage":16,"enemies":"2 Thieves","floor":21,"turns":5},{"damage":34,"enemies":"Book of Stabbing","floor":23,"turns":6},{"damage":10,"enemies":"Snake Plant","floor":25,"turns":5},{"damage":37,"enemies":"3 Cultists","floor":29,"turns":6},{"damage":15,"enemies":"Shelled Parasite and Fungi","floor":31,"turns":6},{"damage":10,"enemies":"Champ","floor":33,"turns":10},{"damage":15,"enemies":"Orb Walker","floor":35,"turns":4},{"damage":15,"enemies":"3 Shapes","floor":37,"turns":6},{"damage":19,"enemies":"3 Darklings","floor":38,"turns":6},{"damage":18,"enemies":"Writhing Mass","floor":44,"turns":9},{"damage":0,"enemies":"Sphere and 2 Shapes","floor":45,"turns":7},{"damage":20,"enemies":"Jaw Worm Horde","floor":48,"turns":5},{"damage":9,"enemies":"Donu and Deca","floor":50,"turns":13}],"seed_played":"8607747191318379498","potions_obtained":[{"floor":11,"key":"Dexterity Potion"},{"floor":12,"key":"AttackPotion"},{"floor":16,"key":"Regen Potion"},{"floor":21,"key":"PowerPotion"},{"floor":25,"key":"EntropicBrew"},{"floor":33,"key":"Block Potion"},{"floor":38,"key":"PowerPotion"},{"floor":44,"key":"Explosive Potion"},{"floor":48,"key":"DuplicationPotion"}],"is_trial":false,"path_per_floor":["M","?","?","M","M","E","T","$","T","R","M","M","R","?","R","B",null,"M","?","$","M","$","E","R","M","T","?","R","M","R","M","R","B",null,"M","?","M","M","?","R","$","?","T","M","M","?","R","M","R","B",null],"character_chosen":"DEFECT","items_purchased":["ClockworkSouvenir","Coolheaded","Gremlin Horn","Barrage","Meat on the Bone"],"campfire_rested":4,"item_purchase_floors":[8,8,20,22,41],"current_hp_per_floor":[64,64,64,63,61,49,49,49,49,49,35,26,26,8,30,32,75,69,69,69,55,55,23,35,27,27,27,39,4,38,25,59,65,75,60,60,47,30,30,42,42,42,42,38,40,40,74,55,67,60],"gold":135,"neow_bonus":"BOSS_RELIC","is_daily":false,"chose_seed":false,"campfire_upgraded":6,"win_rate":0.0,"timestamp":1614182256,"path_taken":["M","?","?","M","?","E","?","$","T","R","M","M","R","?","R","BOSS","M","?","$","M","?","E","R","M","T","?","R","M","R","M","R","BOSS","M","?","M","?","?","R","$","?","T","M","?","?","R","M","R","BOSS"],"items_purchased_type":["Relic","Card","Relic","Card","Relic"],"build_version":"2020-12-22","purchased_purges":0,"victory":true,"max_hp_per_floor":[75,75,75,75,75,75,75,75,75,75,75,75,75,75,75,75,75,75,75,75,75,75,75,75,75,75,75,75,75,75,75,75,75,75,75,75,75,75,75,75,75,75,75,75,75,75,75,75,75,75],"relic_stats":{"Blood Vial":29,"Dream Catcher":4,"Inserter":[68],"Gremlin Horn":[13,13],"counters":[21,137],"Golden Idol":130,"Eternal Feather":84,"War Paint":["Dualcast","Defend_B"],"obtain_stats":[{"Inserter":0,"Gremlin Horn":20,"Golden Idol":14,"Eternal Feather":23,"War Paint":6,"White Beast Statue":43,"ClockworkSouvenir":8,"Nuclear Battery":17,"Blood Vial":9,"SlaversCollar":34,"Dream Catcher":7,"Bottled Lightning":26,"Cracked Core":0,"Meat on the Bone":41},{"Inserter":0,"Gremlin Horn":8,"Golden Idol":6,"Eternal Feather":10,"War Paint":4,"White Beast Statue":17,"ClockworkSouvenir":4,"Nuclear Battery":7,"Blood Vial":4,"SlaversCollar":14,"Dream Catcher":4,"Bottled Lightning":11,"Cracked Core":0,"Meat on the Bone":17},{"Inserter":0,"Gremlin Horn":49,"Golden Idol":33,"Eternal Feather":60,"War Paint":22,"White Beast Statue":103,"ClockworkSouvenir":22,"Nuclear Battery":43,"Blood Vial":22,"SlaversCollar":87,"Dream Catcher":22,"Bottled Lightning":65,"Cracked Core":0,"Meat on the Bone":103}],"Meat on the Bone":12},"card_choices":[{"not_picked":["Sweeping Beam","Gash"],"picked":"Cold Snap","floor":1},{"not_picked":["Chaos","Steam"],"picked":"Consume","floor":4},{"not_picked":["Static Discharge","Turbo"],"picked":"Cold Snap","floor":5},{"not_picked":["Conserve Battery","Steam"],"picked":"Sweeping Beam","floor":6},{"not_picked":["Defragment","Beam Cell"],"picked":"Ball Lightning","floor":11},{"not_picked":["Go for the Eyes","Fusion"],"picked":"Leap","floor":12},{"not_picked":["Creative AI","Machine Learning"],"picked":"Core Surge","floor":16},{"not_picked":["Redo","Darkness+1","Leap"],"picked":"SKIP","floor":18},{"not_picked":["Scrape","White Noise+1","Undo"],"picked":"SKIP","floor":21},{"not_picked":["Go for the Eyes+1","Gash"],"picked":"Consume","floor":23},{"not_picked":["Streamline","Storm+1","Rebound+1"],"picked":"SKIP","floor":25},{"not_picked":["Rip and Tear","Compile Driver","Streamline"],"picked":"SKIP","floor":29},{"not_picked":["Genetic Algorithm","Melter"],"picked":"Ball Lightning","floor":30},{"not_picked":["Hologram","Rip and Tear","Reprogram"],"picked":"SKIP","floor":31},{"not_picked":["Meteor Strike","Thunder Strike"],"picked":"Reboot","floor":33},{"not_picked":["Undo","Stack","Ball Lightning+1"],"picked":"SKIP","floor":35},{"not_picked":["Aggregate","Sunder+1"],"picked":"Glacier+1","floor":37},{"not_picked":["Barrage","Stack+1","Consume+1"],"picked":"SKIP","floor":38},{"not_picked":["Compile Driver+1","Rebound","Conserve Battery"],"picked":"SKIP","floor":44},{"not_picked":["Gash","Barrage","White Noise+1"],"picked":"SKIP","floor":45},{"not_picked":["Beam Cell+1","Melter"],"picked":"Blizzard","floor":48}],"player_experience":718742,"relics_obtained":[{"floor":6,"key":"War Paint"},{"floor":7,"key":"Dream Catcher"},{"floor":9,"key":"Blood Vial"},{"floor":23,"key":"Eternal Feather"},{"floor":26,"key":"Bottled Lightning"},{"floor":43,"key":"White Beast Statue"}],"event_choices":[{"damage_healed":0,"gold_gain":0,"player_choice":"Leave","damage_taken":0,"max_hp_gain":0,"max_hp_loss":0,"event_name":"The Cleric","floor":2,"gold_loss":0},{"damage_healed":0,"gold_gain":100,"player_choice":"Pray","damage_taken":0,"max_hp_gain":0,"max_hp_loss":0,"event_name":"Golden Shrine","floor":3,"gold_loss":0},{"damage_healed":0,"gold_gain":0,"player_choice":"Take Damage","damage_taken":18,"relics_obtained":["Golden Idol"],"max_hp_gain":0,"max_hp_loss":0,"event_name":"Golden Idol","floor":14,"gold_loss":0},{"damage_healed":0,"gold_gain":0,"player_choice":"Ignored","damage_taken":0,"max_hp_gain":0,"max_hp_loss":0,"event_name":"N\u0027loth","floor":19,"gold_loss":0},{"damage_healed":0,"gold_gain":0,"player_choice":"Ignored","damage_taken":0,"max_hp_gain":0,"max_hp_loss":0,"event_name":"Ghosts","floor":27,"gold_loss":0},{"damage_healed":0,"gold_gain":0,"player_choice":"0 cards matched","damage_taken":0,"max_hp_gain":0,"max_hp_loss":0,"event_name":"Match and Keep!","floor":36,"gold_loss":0,"cards_obtained":[]},{"damage_healed":0,"gold_gain":0,"player_choice":"Memory 1","damage_taken":0,"max_hp_gain":0,"max_hp_loss":0,"event_name":"SensoryStone","floor":39,"gold_loss":0},{"damage_healed":0,"gold_gain":0,"player_choice":"Ignored","damage_taken":0,"max_hp_gain":0,"max_hp_loss":0,"event_name":"NoteForYourself","floor":42,"gold_loss":0},{"damage_healed":0,"gold_gain":0,"player_choice":"Ignored","damage_taken":0,"max_hp_gain":0,"max_hp_loss":0,"event_name":"SecretPortal","floor":46,"gold_loss":0}],"is_beta":false,"boss_relics":[{"not_picked":["Snecko Eye","SacredBark"],"picked":"Nuclear Battery"},{"not_picked":["Pandora\u0027s Box","Tiny House"],"picked":"SlaversCollar"}],"items_purged_floors":[],"is_endless":false,"potions_floor_spawned":[11,12,16,21,23,25,33,38,44,45,48],"ascension_level":0}}