{"host":"6bsan6hkua32tfq7","time":1614187703,"event":{"mods":["BaseMod","Better Third Choice","Colored Map","Highlight Path","Minty Spire (QoL Compilation)","StSLib"],"gold_per_floor":[116,129,129,139,38,38,64,64,113,125,152,172,172,206,206,283,283,283,283,283,283,283,283,283,283,283,283,283,283,283,283,283,283,283],"floor_reached":33,"language":"ENG","playtime":1099,"items_purged":[],"score":588,"play_id":"662f439e-5491-49db-97c9-df46bccf55b1","local_time":"20210224182823","is_ascension_mode":true,"campfire_choices":[{"data":"Quick Slash","floor":6,"key":"SMITH"},{"data":"Discovery","floor":8,"key":"SMITH"},{"data":"Bouncing Flask","floor":15,"key":"SMITH"},{"data":"Night Terror","floor":23,"key":"SMITH"},{"floor":25,"key":"REST"},{"data":"Deadly Poison","floor":27,"key":"SMITH"},{"floor":32,"key":"REST"}],"circlet_count":0,"master_deck":["AscendersBane","Strike_G","Defend_G","Defend_G","Defend_G","Defend_G","Defend_G","Survivor","Neutralize","Quick Slash+1","PiercingWail","Slice","Discovery+1","Sucker Punch","Bouncing Flask+1","Deadly Poison+1","Noxious Fumes","Night Terror+1","Leg Sweep","Crippling Poison+1"],"relics":["Ring of the Snake","NeowsBlessing","HornCleat","StrikeDummy","Omamori","Meat on the Bone","Blood Vial","Ectoplasm","Red Mask","Pen Nib"],"acts_visited":["Exordium","TheCity"],"potions_floor_usage":[7,14,16,21,24,33,33],"damage_taken":[{"damage":0,"enemies":"Cultist","floor":1,"turns":1},{"damage":0,"enemies":"Jaw Worm","floor":2,"turns":1},{"damage":0,"enemies":"2 Louse","floor":4,"turns":1},{"damage":13,"enemies":"Lagavulin","floor":7,"turns":5},{"damage":0,"enemies":"Large Slime","floor":10,"turns":5},{"damage":19,"enemies":"3 Sentries","floor":11,"turns":8},{"damage":5,"enemies":"Exordium Wildlife","floor":12,"turns":4},{"damage":0,"enemies":"Gremlin Nob","floor":14,"turns":3},{"damage":28,"enemies":"Slime Boss","floor":16,"turns":9},{"damage":5,"enemies":"Chosen","floor":18,"turns":4},{"damage":14,"enemies":"3 Byrds","floor":19,"turns":5},{"damage":12,"enemies":"Shelled Parasite and Fungi","floor":21,"turns":6},{"damage":32,"enemies":"Chosen and Byrds","floor":22,"turns":6},{"damage":33,"enemies":"Masked Bandits","floor":24,"turns":4},{"damage":1,"enemies":"Sentry and Sphere","floor":28,"turns":3},{"damage":0,"enemies":"Snake Plant","floor":30,"turns":3},{"damage":15,"enemies":"Snecko","floor":31,"turns":5},{"damage":75,"enemies":"Automaton","floor":33,"turns":10}],"seed_played":"5817312469110413322","potions_obtained":[{"floor":1,"key":"FearPotion"},{"floor":7,"key":"Swift Potion"},{"floor":11,"key":"ColorlessPotion"},{"floor":16,"key":"Regen Potion"},{"floor":19,"key":"Block Potion"},{"floor":24,"key":"PowerPotion"},{"floor":31,"key":"Regen Potion"}],"is_trial":false,"path_per_floor":["M","M","T","M","$","R","E","R","T","M","E","M","?","E","R","B",null,"M","M","?","M","M","R","?","R","T","R","M","?","M","M","R","B"],"character_chosen":"THE_SILENT","items_purchased":["Discovery"],"campfire_rested":2,"item_purchase_floors":[5],"current_hp_per_floor":[59,59,59,59,59,59,46,46,46,46,27,34,34,34,34,20,55,52,40,40,42,24,24,17,36,36,36,37,37,39,38,57,0,0],"gold":283,"neow_bonus":"THREE_ENEMY_KILL","is_daily":false,"chose_seed":false,"campfire_upgraded":5,"win_rate":0.0,"timestamp":1614187703,"path_taken":["M","?","?","M","?","R","E","R","T","M","E","?","?","E","R","BOSS","M","M","?","M","M","R","?","R","T","R","?","?","?","M","R","BOSS"],"items_purchased_type":["Card"],"build_version":"2020-12-22","purchased_purges":0,"victory":false,"max_hp_per_floor":[66,66,66,66,66,66,66,66,66,66,66,66,66,66,66,66,66,66,66,66,66,66,66,66,66,66,66,66,66,66,66,66,66,66],"card_choices":[{"not_picked":["Finisher","PiercingWail"],"picked":"Quick Slash","floor":1},{"not_picked":["Acrobatics","Bullet Time"],"picked":"PiercingWail","floor":2},{"not_picked":["Well Laid Plans","Flying Knee"],"picked":"Slice","floor":4},{"not_picked":["Blade Dance","Prepared"],"picked":"Sucker Punch","floor":7},{"not_picked":["PiercingWail","Escape Plan"],"picked":"Bouncing Flask","floor":10},{"not_picked":["Dash","Bane"],"picked":"Deadly Poison","floor":11},{"not_picked":["Eviscerate","Poisoned Stab","Dagger Throw"],"picked":"SKIP","floor":12},{"not_picked":["Eviscerate","Bane"],"picked":"Noxious Fumes","floor":14},{"not_picked":["Choke","Prepared","Reflex"],"picked":"SKIP","floor":18},{"not_picked":["Underhanded Strike","Dodge and Roll","Slice+1"],"picked":"SKIP","floor":19},{"not_picked":["Poisoned Stab","Deflect+1"],"picked":"Crippling Poison+1","floor":21},{"not_picked":["Tactician","Deflect","Outmaneuver"],"picked":"SKIP","floor":22},{"not_picked":["Underhanded Strike","Accuracy","Heel Hook"],"picked":"SKIP","floor":28},{"not_picked":["Dagger Spray+1","Underhanded Strike+1","Prepared+1"],"picked":"SKIP","floor":30},{"not_picked":["Riddle With Holes","Tactician","Dagger Throw"],"picked":"SKIP","floor":31}],"player_experience":5460805,"relics_obtained":[{"floor":3,"key":"HornCleat"},{"floor":7,"key":"StrikeDummy"},{"floor":9,"key":"Omamori"},{"floor":11,"key":"Meat on the Bone"},{"floor":14,"key":"Blood Vial"},{"floor":24,"key":"Red Mask"},{"floor":26,"key":"Pen Nib"}],"event_choices":[{"cards_removed":["Strike_G"],"damage_healed":0,"gold_gain":0,"player_choice":"Forget","damage_taken":0,"max_hp_gain":0,"max_hp_loss":0,"event_name":"Living Wall","floor":13,"gold_loss":0},{"damage_healed":0,"gold_gain":0,"cards_transformed":["Strike_G","Strike_G"],"player_choice":"Became Test Subject","damage_taken":0,"max_hp_gain":0,"max_hp_loss":0,"event_name":"Drug Dealer","floor":20,"gold_loss":0,"cards_obtained":["Night Terror","Leg Sweep"]},{"damage_healed":0,"gold_gain":0,"player_choice":"Fought Bandits","damage_taken":0,"max_hp_gain":0,"max_hp_loss":0,"event_name":"Masked Bandits","floor":24,"gold_loss":0},{"cards_removed":["Strike_G"],"damage_healed":0,"gold_gain":0,"player_choice":"Purged","damage_taken":0,"max_hp_gain":0,"max_hp_loss":0,"event_name":"Purifier","floor":29,"gold_loss":0}],"is_beta":false,"boss_relics":[{"not_picked":["Tiny House","Ring of the Serpent"],"picked":"Ectoplasm"}],"items_purged_floors":[],"is_endless":false,"potions_floor_spawned":[1,7,11,16,19,24,31],"killed_by":"Automaton","ascension_level":20}}