{"host":"yzy3lyltrgq1sam1","time":1614153828,"event":{"mods":["Act Like it!","BaseMod","CapriCore","Downfall","Gensokyo","Koishi","Marisa£®ÏF”Í°°ƒß¿Ì…≥£©","Minty Spire (QoL Compilation)","Quick Restart","Reimu£®≤©¿ˆ¡È√Œ£©","Reliquary","Remilia£®¿Ÿ√◊¿Ú—«£©","StSLib","The Administrix","The Alterego","The Gatherer","WarShipGirlsR/’ΩΩ¢…Ÿ≈ÆR mod","Youmu£®ªÍ∆«—˝√Œ£©","°æ“≈ŒÔø®≈∆°øREMEMod"],"gold_per_floor":[117,131,42,42,82,463,463,712,712,242,242,290,290,329,329,473,473,509,579,212,226,261,461,461],"floor_reached":23,"language":"ZHS","playtime":2423,"items_purged":["Defend_RM"],"score":336,"play_id":"7b20e312-c443-4e6c-8921-b2654858731e","local_time":"20210224160348","is_ascension_mode":true,"campfire_choices":[{"data":"UnstableMagic","floor":7.0,"key":"SMITH"},{"data":"EndlessAdversity","floor":15.0,"key":"SMITH"}],"circlet_count":0,"master_deck":["AscendersBane","Strike_RM+1","Strike_RM","Strike_RM","Strike_RM","Defend_RM+1","Defend_RM","Defend_RM","RedMoon+1","DeusExMachina","FavorOfDestiny","EndlessAdversity+1","UnstableMagic+1","Clumsy","ChaoticDestiny","ScarletCoffin","ScarletImprint+1","Gensokyo:BlemishedSteel","Gensokyo:RustyChest","UnstableMagic","FitfulNightmare+1","SuperhumanBloodyKnife+1","Stigmanizer","ForecastOfChange"],"relics":["ScarletHat","REME_ComplimentaryCards","NeowsBlessing","Happy Flower","reliquary:Buckler","Eternal Feather","Mummified Hand","Letter Opener","Art of War","HandDrill","Gensokyo:NagashiBinaDoll","reliquary:TuningFork","Gensokyo:Mercy","SlaversCollar","Shuriken","Orrery","Strawberry","Orichalcum"],"acts_visited":["Gensokyo:Gensokyo","Gensokyo:Gensokyoer"],"potions_floor_usage":[23],"damage_taken":[{"damage":0.0,"enemies":"Gensokyo:2_Kodama","floor":1.0,"turns":2.0},{"damage":0.0,"enemies":"Gensokyo:Gryphon","floor":2.0,"turns":1.0},{"damage":14.0,"enemies":"Gensokyo:3_Fairies","floor":5.0,"turns":8.0},{"damage":22.0,"enemies":"Gensokyo:Mamizou","floor":6.0,"turns":10.0},{"damage":32.0,"enemies":"Gensokyo:Cirno","floor":8.0,"turns":10.0},{"damage":9.0,"enemies":"Gensokyo:Mamizou","floor":12.0,"turns":9.0},{"damage":8.0,"enemies":"Gensokyo:3_Kodama","floor":14.0,"turns":6.0},{"damage":2.0,"enemies":"Gensokyo:Yukari","floor":16.0,"turns":10.0},{"damage":17.0,"enemies":"Gensokyo:3_Dogs","floor":18.0,"turns":13.0},{"damage":16.0,"enemies":"Gensokyo:CosmicMonolith","floor":19.0,"turns":5.0},{"damage":15.0,"enemies":"Gensokyo:Swordslinger","floor":21.0,"turns":10.0},{"damage":59.0,"enemies":"Gensokyo:Chomper_and_Gloop","floor":22.0,"turns":8.0},{"damage":13,"enemies":"Gensokyo:Reisen","floor":23,"turns":5}],"seed_played":"-1242683481576427585","potions_obtained":[{"floor":5.0,"key":"REME_GoldPotion"},{"floor":14.0,"key":"ColorlessPotion"},{"floor":16.0,"key":"Regen Potion"},{"floor":18.0,"key":"Weak Potion"},{"floor":18.0,"key":"REME_GoldPotion"},{"floor":21.0,"key":"AttackPotion"},{"floor":21.0,"key":"BlessingOfTheForge"},{"floor":22.0,"key":"Energy Potion"}],"is_trial":false,"path_per_floor":["M","M","COS","?","M","E","R","E","T","$","?","E","?","M","R","B",null,"M","M","COS","M","M","E"],"character_chosen":"REMILIA","items_purchased":["Fruit Juice","Art of War","HandDrill"],"campfire_rested":0,"item_purchase_floors":[10,10,10],"current_hp_per_floor":[70,70,70,70,62,40,49,24,24,29,29,24,24,19,28,26,67,74,58,58,46,5,0,0],"gold":461,"neow_bonus":"THREE_ENEMY_KILL","is_daily":false,"chose_seed":false,"campfire_upgraded":2,"win_rate":0.0,"timestamp":1614153828,"path_taken":["M","M","COS","?","?","E","R","E","T","$","?","E","?","M","R","BOSS","M","M","COS","M","M","E"],"items_purchased_type":["Potion","Relic","Relic"],"build_version":"2020-12-22","purchased_purges":1,"victory":false,"max_hp_per_floor":[75,75,75,75,75,75,75,75,75,80,80,80,80,80,80,80,80,80,80,80,80,87,87,87],"card_choices":[{"not_picked":["DevilSight","BloodHunter"],"picked":"RedRainbow","floor":1.0},{"not_picked":["VampireFantasy","Maim"],"picked":"FavorOfDestiny","floor":2.0},{"not_picked":["TwelveNightmare","RedRainbow"],"picked":"EndlessAdversity","floor":5.0},{"not_picked":["ScarletDevil","ScarletDream"],"picked":"UnstableMagic","floor":6.0},{"not_picked":["NightDance","TricksterDevil","MastersStateliness"],"picked":"SKIP","floor":8.0},{"not_picked":["ScarletGensokyo","CurseOfVladTepes"],"picked":"ChaoticDestiny","floor":12.0},{"not_picked":["BlasphemousPunishment","Maim","EternalNight"],"picked":"SKIP","floor":14.0},{"not_picked":["HellCatastrophe","ChaoticDestiny"],"picked":"ScarletCoffin","floor":16.0},{"not_picked":["NightLord","VampireKiss","Ultimatum"],"picked":"SKIP","floor":18.0},{"not_picked":["ScarletDevil","CharismaGuard"],"picked":"ScarletImprint+1","floor":19.0},{"not_picked":["ScarletImprint","Septette"],"picked":"UnstableMagic","floor":20.0},{"not_picked":["RedRainbow","StarOfDavid+1"],"picked":"FitfulNightmare+1","floor":20.0},{"not_picked":["NightDance","ChainGang"],"picked":"SuperhumanBloodyKnife+1","floor":20.0},{"not_picked":["NightDance","VampireKiss"],"picked":"Stigmanizer","floor":21.0},{"not_picked":["UnderTheZenith","Stigmanizer"],"picked":"ForecastOfChange","floor":22.0}],"player_experience":916444,"relics_obtained":[{"floor":6.0,"key":"Eternal Feather"},{"floor":8.0,"key":"Mummified Hand"},{"floor":9.0,"key":"Letter Opener"},{"floor":12.0,"key":"reliquary:TuningFork"},{"floor":19.0,"key":"Shuriken"}],"event_choices":[],"is_beta":false,"boss_relics":[{"not_picked":["Empty Cage","bronze:MakeshiftBattery"],"picked":"SlaversCollar"}],"items_purged_floors":[10],"is_endless":false,"potions_floor_spawned":[5,14,16,18,22],"killed_by":"Gensokyo:Reisen","ascension_level":11}}