{"host":"wlgkfzos7pl2iqxb","time":1614124867,"event":{"mods":["100% Spire Juice","Act Like it!","BaseMod","Conspire","Defuse TimeMaze Blight","Gensokyo","Good Game Mod","Hubris","Infinite Spire","Koishi","Library of Ruina Extra","Marisa????????","Minty Spire (QoL Compilation)","Morshu Shopkeeper","Morshu Shopkeeper - ENHANCED","Rare Cards Sparkle","Relic Sorter","Relic Stats","Reliquary","Ruina","Shop Mod","Small Relic Pack","StSLib","Wandering Minibosses","[IsaacMod]????"],"gold_per_floor":[112,112,140,153,188,188,220,220,292,292,292,322,12,52,52,157,157,205,122,163,199,211,211,211,308,383,430,446,446,446,460,460,537,537],"floor_reached":33,"language":"ENG","playtime":1660,"items_purged":[],"score":441,"play_id":"e8df16aa-8d8c-48db-8a10-31681faccfbb","local_time":"20210224010107","is_ascension_mode":true,"campfire_choices":[{"data":"Gensokyo:MorningStar","floor":6.0,"key":"SMITH"},{"data":"Koishi:StingingMind","floor":11.0,"key":"SMITH"},{"data":"Koishi:BloodcurdlingScream","floor":15.0,"key":"SMITH"},{"data":"Koishi:ParalyzingFear","floor":23.0,"key":"SMITH"},{"floor":29,"key":"REST"},{"data":"Koishi:HauntingSlash","floor":32,"key":"SMITH"}],"circlet_count":0,"master_deck":["AscendersBane","Koishi:BasicStrike","Koishi:BasicStrike","Koishi:BasicStrike","Koishi:BasicStrike","Koishi:BasicDefend","Koishi:BasicDefend","Koishi:BasicDefend","Koishi:BasicDefend","Koishi:Provoke","Koishi:HauntingSlash+1","Gensokyo:MorningStar+1","Koishi:BloodcurdlingScream+1","Koishi:DreadfulBlow","Koishi:StingingMind","Koishi:StingingMind+1","Koishi:DanmakuParanoia","Koishi:BloodcurdlingScream","CurseOfTheBell","Koishi:DanmakuParanoia","Koishi:ParalyzingFear+1","Koishi:MindNumbingTerror+1"],"relics":["Koishi:ImaginaryFriend","TheBible","REME:ComplimentaryCards","HushsDoor","NeowsBlessing","GuppysTail","MealTicket","TungstenRod","Pantograph","hubris:Towel","Bottled Flame","SalivaCoin","reliquary:Stiletto","FossilizedHelix","Shuriken","Peace Pipe","MerchantsRug","reliquary:SharkskinSheath","infinitespire:WardingShard","relicPack:OneForAll"],"acts_visited":["Gensokyo:Gensokyo","ruina:Briah"],"potions_floor_usage":[33],"damage_taken":[{"damage":0.0,"enemies":"Gensokyo:2_Kodama","floor":1.0,"turns":2.0},{"damage":0.0,"enemies":"conspire:MimicChest","floor":3.0,"turns":1.0},{"damage":0.0,"enemies":"Gensokyo:3_Fairies","floor":4.0,"turns":1.0},{"damage":20.0,"enemies":"Gensokyo:Mamizou","floor":5.0,"turns":8.0},{"damage":16.0,"enemies":"Gensokyo:Mamizou","floor":7.0,"turns":8.0},{"damage":14.0,"enemies":"Gensokyo:Aya","floor":12.0,"turns":5.0},{"damage":8.0,"enemies":"Gensokyo:Mamizou","floor":14.0,"turns":8.0},{"damage":39.0,"enemies":"Gensokyo:Reimu","floor":16.0,"turns":9.0},{"damage":26.0,"enemies":"ruina:3_Bats","floor":18.0,"turns":5.0},{"damage":12.0,"enemies":"ruina:2_Scarecrows","floor":20.0,"turns":7.0},{"damage":23.0,"enemies":"ruina:Woodsman","floor":21.0,"turns":6.0},{"damage":0.0,"enemies":"ruina:KnightOfDespair","floor":22.0,"turns":4.0},{"damage":60.0,"enemies":"ruina:RoadHome","floor":25.0,"turns":14.0},{"damage":0,"enemies":"ruina:QueenOfHate","floor":28,"turns":6},{"damage":0,"enemies":"ruina:KingOfGreed","floor":31,"turns":6},{"damage":60,"enemies":"ruina:Red_and_Wolf","floor":33,"turns":12}],"seed_played":"-1632825513142968327","potions_obtained":[{"floor":4.0,"key":"LiquidBronze"},{"floor":7.0,"key":"DistilledChaos"},{"floor":16.0,"key":"Energy Potion"},{"floor":20.0,"key":"Explosive Potion"},{"floor":21.0,"key":"Fire Potion"},{"floor":22.0,"key":"Swift Potion"},{"floor":31,"key":"Explosive Potion"}],"is_trial":false,"path_per_floor":["M","?","?","M","?","R","E","?","T","?","R","E","$","E","R","B",null,"M","$","M","M","M","R","$","E","T","?","M","R","?","M","R","B"],"character_chosen":"KOISHI","items_purchased":["SalivaCoin","reliquary:Stiletto","MerchantsRug"],"campfire_rested":1,"item_purchase_floors":[13,13,19],"current_hp_per_floor":[54,54,54,54,44,44,45,45,45,45,45,45,60,60,60,40,62,42,57,47,34,36,36,51,15,15,1,9,29,29,34,34,0,0],"gold":537,"neow_bonus":"THREE_ENEMY_KILL","is_daily":false,"chose_seed":false,"campfire_upgraded":5,"win_rate":0.0,"timestamp":1614124867,"path_taken":["M","?","?","?","?","R","E","?","T","?","R","E","?","E","R","BOSS","BOSS","M","$","M","M","M","R","$","E","T","?","M","R","?","?","R","BOSS"],"items_purchased_type":["Relic","Relic","Relic"],"build_version":"2020-12-22","purchased_purges":0,"victory":false,"max_hp_per_floor":[60,60,60,60,60,60,60,60,60,60,60,60,60,60,60,60,67,67,67,67,67,67,67,67,67,67,67,67,67,67,67,67,67,67],"relic_stats":{"Peace Pipe":0,"counters":[16,102],"Shuriken":[9],"Pantograph":25,"MealTicket":45,"obtain_stats":[{"KeepersGift":0,"GuppysTail":0,"MerchantsRug":19,"NeowsBlessing":0,"hubris:Towel":10,"Calling Bell":17,"Peace Pipe":17,"relicPack:OneForAll":30,"Frozen Eye":20,"REME:ComplimentaryCards":0,"Bottled Flame":12,"TheBible":3,"infinitespire:WardingShard":26,"Shuriken":17,"Pantograph":9,"Strawberry":17,"MealTicket":5,"reliquary:Stiletto":13,"SalivaCoin":13,"HushsDoor":0,"TungstenRod":7,"FossilizedHelix":14,"Koishi:ImaginaryFriend":0,"reliquary:SharkskinSheath":25},{"KeepersGift":0,"GuppysTail":0,"MerchantsRug":9,"NeowsBlessing":0,"hubris:Towel":5,"Calling Bell":8,"Peace Pipe":8,"relicPack:OneForAll":14,"Frozen Eye":9,"REME:ComplimentaryCards":0,"Bottled Flame":6,"TheBible":2,"infinitespire:WardingShard":13,"Shuriken":8,"Pantograph":5,"Strawberry":8,"MealTicket":4,"reliquary:Stiletto":6,"SalivaCoin":6,"HushsDoor":0,"TungstenRod":5,"FossilizedHelix":7,"Koishi:ImaginaryFriend":0,"reliquary:SharkskinSheath":13},{"KeepersGift":0,"GuppysTail":0,"MerchantsRug":47,"NeowsBlessing":0,"hubris:Towel":20,"Calling Bell":42,"Peace Pipe":42,"relicPack:OneForAll":84,"Frozen Eye":47,"REME:ComplimentaryCards":0,"Bottled Flame":25,"TheBible":3,"infinitespire:WardingShard":78,"Shuriken":42,"Pantograph":20,"Strawberry":42,"MealTicket":12,"reliquary:Stiletto":25,"SalivaCoin":25,"HushsDoor":0,"TungstenRod":20,"FossilizedHelix":33,"Koishi:ImaginaryFriend":0,"reliquary:SharkskinSheath":78}],"TungstenRod":42},"card_choices":[{"not_picked":["Koishi:UnansweredLove","Koishi:ApparitionsStalkTheNight"],"picked":"Koishi:BloodcurdlingScream","floor":1.0},{"not_picked":["Koishi:Jaunt","Koishi:StrangeCloudFist"],"picked":"Koishi:DreadfulBlow","floor":3.0},{"not_picked":["Koishi:ReflexRadar","Koishi:GeneticsOfTheUnconscious"],"picked":"Koishi:StingingMind","floor":4.0},{"not_picked":["Koishi:HeartfeltFancy","Koishi:RuptureMind"],"picked":"Koishi:StingingMind","floor":5.0},{"not_picked":["Koishi:FleetingPhantom","Koishi:PhantomBarrier"],"picked":"Koishi:DanmakuParanoia","floor":7.0},{"not_picked":["Koishi:CatchAndRose","Koishi:Whimsy","Koishi:ReflexRadar"],"picked":"SKIP","floor":12.0},{"not_picked":["Koishi:BloodcurdlingScream","Koishi:Bloodlust","Koishi:ReleaseOfTheId"],"picked":"SKIP","floor":14.0},{"not_picked":["Koishi:Bloodlust","Koishi:ReleaseOfTheId"],"picked":"Koishi:BloodcurdlingScream","floor":14.0},{"not_picked":["Koishi:Catatonia","Koishi:ApparitionsStalkTheNight"],"picked":"Koishi:DanmakuParanoia","floor":18.0},{"not_picked":["Koishi:UnansweredLove","Koishi:Jaunt","Koishi:Prune+1"],"picked":"SKIP","floor":20.0},{"not_picked":["Koishi:ApparitionsStalkTheNight","Koishi:HeartAttack"],"picked":"Koishi:ParalyzingFear","floor":21.0},{"not_picked":["Koishi:UnconsciousUprising+1","Koishi:CatchAndRose","Koishi:Jaunt"],"picked":"SKIP","floor":22.0},{"not_picked":["Koishi:UnconsciousUprising","Koishi:HeartAttack","Koishi:RacingHeart"],"picked":"SKIP","floor":25.0},{"not_picked":["Koishi:FormlessExistence","Koishi:RacingHeart"],"picked":"Koishi:MindNumbingTerror+1","floor":28},{"not_picked":["Koishi:Jaunt","Koishi:StingingMind","Koishi:HeartfeltFancy"],"picked":"SKIP","floor":31}],"player_experience":941868,"relics_obtained":[{"floor":3.0,"key":"TheBible"},{"floor":5.0,"key":"MealTicket"},{"floor":7.0,"key":"TungstenRod"},{"floor":9.0,"key":"Pantograph"},{"floor":12.0,"key":"Bottled Flame"},{"floor":14.0,"key":"FossilizedHelix"},{"floor":17.0,"key":"Strawberry"},{"floor":17.0,"key":"Shuriken"},{"floor":17.0,"key":"Peace Pipe"},{"floor":25.0,"key":"reliquary:SharkskinSheath"},{"floor":26.0,"key":"infinitespire:WardingShard"}],"event_choices":[],"is_beta":false,"boss_relics":[{"not_picked":["conspire:RunicOctahedron","hubris:HollowSoul"],"picked":"Calling Bell"},{"not_picked":[]}],"items_purged_floors":[],"is_endless":false,"potions_floor_spawned":[4,7,14,16,20,21,22,31],"killed_by":"ruina:Red_and_Wolf","ascension_level":13}}