{"host":"blnmo1e2jbqugfxh","time":1614177999,"event":{"mods":["2.2 Compatiblity","AchievementEnabler","Astrologer","Bard","BaseMod","Beaked The Cultist","Colored Map","Colored Powertips","Conspire","Downfall","Friendly Minions","Googly Eyes","Hermit","Highlight Path","Hubris","Infinite Spire","Lobotomy","Marisa????????","Mimic Mod","Minty Spire (QoL Compilation)","Prisma Mod","Quick Restart","Rare Cards Sparkle","Replay The Spire","Shop Mod","StSLib","The Bug Knight","The Construct","The Cursed","The Disciple","The Exalted","The Hierophant","The Mystic","The Servant 0.9.4"],"gold_per_floor":[113,128,128,141,25,43,43,75,75,75,105,105],"floor_reached":11,"language":"ENG","playtime":724,"items_purged":[],"score":83,"play_id":"af1ce24b-3520-4c6f-b744-2942e0bcb40b","local_time":"20210224094639","is_ascension_mode":false,"campfire_choices":[{"data":"HollowMod:GrimmsGift","floor":7,"key":"SMITH"}],"circlet_count":0,"master_deck":["HollowMod:NailStrikeStart","HollowMod:NailStrikeStart","HollowMod:NailStrikeStart","HollowMod:QuickDashStart","HollowMod:QuickDashStart","HollowMod:QuickDashStart","HollowMod:QuickDashStart","HollowMod:FocusHealStart","HollowMod:PogoStrike","HollowMod:ShapeofUnn","HollowMod:GrimmsGift+1","HollowMod:FallenFury","HollowMod:GoodIntentions","HollowMod:MantisMark","HollowMod:FastStrike","HollowMod:ChannelNail","HollowMod:MothsMistake","HollowMod:GoodIntentions","HollowMod:GreatSlash"],"relics":["HollowMod:VesselMask","hubris:Towel","Lantern","HollowMod:KingsBrand","Boot"],"acts_visited":["Exordium"],"potions_floor_usage":[],"damage_taken":[{"damage":2,"enemies":"2 Louse","floor":1,"turns":3},{"damage":6,"enemies":"conspire:RoseBush","floor":2,"turns":2},{"damage":1,"enemies":"Jaw Worm","floor":4,"turns":4},{"damage":14,"enemies":"3 Louse","floor":6,"turns":4},{"damage":25,"enemies":"3 Sentries","floor":8,"turns":10},{"damage":12,"enemies":"HollowMod:MossKnight","floor":11,"turns":9}],"seed_played":"-1489482105409388671","potions_obtained":[{"floor":2,"key":"Flashbang"},{"floor":4,"key":"hexamod:SoulburnPotion"},{"floor":11,"key":"Milkshake"}],"is_trial":false,"path_per_floor":["M","M","?","M","$","M","R","E","T","?","E"],"character_chosen":"THE_BUGKNIGHT","items_purchased":["HollowMod:MantisMark","HollowMod:FastStrike"],"campfire_rested":0,"item_purchase_floors":[5,5],"current_hp_per_floor":[75,69,69,68,68,60,60,41,41,41,39,39],"gold":105,"neow_bonus":"RANDOM_EVENT","is_daily":false,"chose_seed":false,"campfire_upgraded":1,"win_rate":0.0,"timestamp":1614177999,"path_taken":["M","M","?","M","$","M","R","E","T","?","E"],"items_purchased_type":["Card","Card"],"build_version":"2020-12-22","purchased_purges":0,"victory":false,"max_hp_per_floor":[75,75,75,75,75,75,75,75,75,75,75,75],"card_choices":[{"not_picked":["HollowMod:SoulEater","HollowMod:SoulStrike"],"picked":"HollowMod:GrimmsGift","floor":1},{"not_picked":["HollowMod:InfectedAttack","HollowMod:SharpenedNail"],"picked":"HollowMod:FallenFury","floor":2},{"not_picked":["HollowMod:SiblingsShadow","HollowMod:ElderbugsWisdom"],"picked":"HollowMod:GoodIntentions","floor":4},{"not_picked":["HollowMod:VengefulVoid","HollowMod:InfectionAssault"],"picked":"HollowMod:ChannelNail","floor":6},{"not_picked":["HollowMod:NewInfectedGuardian","HollowMod:NewJinnsSoul"],"picked":"HollowMod:MothsMistake","floor":8},{"not_picked":["HollowMod:CloakDash","HollowMod:SoulMaster"],"picked":"HollowMod:GreatSlash","floor":11}],"player_experience":72430,"relics_obtained":[{"floor":8,"key":"Lantern"},{"floor":9,"key":"HollowMod:KingsBrand"},{"floor":11,"key":"Boot"}],"event_choices":[{"damage_healed":0,"gold_gain":0,"cards_transformed":["HollowMod:NailStrikeStart"],"player_choice":"Change","damage_taken":0,"max_hp_gain":0,"max_hp_loss":0,"event_name":"Living Wall","floor":10,"gold_loss":0,"cards_obtained":["HollowMod:GoodIntentions"]}],"is_beta":false,"boss_relics":[],"items_purged_floors":[],"is_endless":false,"potions_floor_spawned":[2,4,11],"killed_by":"HollowMod:MossKnight","ascension_level":0}}