{"host":"m1hrbr0uwda4cktq","time":1614133254,"event":{"mods":["AchievementEnabler","BaseMod","Better Match","BetterRewards","Colored Map","Highlight Path","Minty Spire (QoL Compilation)","Quick Restart","Relic Stats","Shop Mod","StSLib","SuperFastMode","The Bug Knight"],"gold_per_floor":[115,131,148,158,170,170,199,217,217,217,64,98,45,71,71,168,168,186,49,60,60,60,60,90,90,90,118,118,128,147,160,160,260,260,275,3,17,28,0,0,34,34,58,84,84,133,133,158,158,158,158],"floor_reached":50,"language":"ENG","playtime":3368,"items_purged":["Writhe"],"score":904,"play_id":"bd30c68a-0500-4d1c-8124-c7fc3100adbe","local_time":"20210223232054","is_ascension_mode":true,"campfire_choices":[{"data":"Defragment","floor":6,"key":"SMITH"},{"floor":10,"key":"REST"},{"floor":15,"key":"REST"},{"data":"Redo","floor":23,"key":"SMITH"},{"data":"Buffer","floor":25,"key":"SMITH"},{"data":"Zap","floor":28,"key":"SMITH"},{"data":"Dualcast","floor":32,"key":"SMITH"},{"floor":40,"key":"RECALL"},{"data":"Echo Form","floor":42,"key":"SMITH"},{"data":"Conserve Battery","floor":45,"key":"SMITH"},{"floor":49,"key":"REST"}],"circlet_count":0,"master_deck":["Strike_B","Strike_B","Defend_B","Defend_B","Defend_B","Zap+1","Dualcast+1","Redo+1","Defragment+1","Leap","Doom and Gloom","Go for the Eyes","Coolheaded","Glacier","Buffer+1","Go for the Eyes+1","Conserve Battery+1","Echo Form+1","Hologram","Self Repair+1","Bandage Up+1","Coolheaded","RitualDagger+1","Static Discharge+1","Chill","FTL+1","Sweeping Beam+1","All For One+1","Amplify+1","All For One+1","Double Energy+1","Glacier","Steam+1","Chill+1","Ball Lightning+1","Core Surge+1","Redo+1","All For One+1"],"relics":["Ginger","Lantern","Happy Flower","HollowMod:StagPassRelic","Darkstone Periapt","Bag of Marbles","Molten Egg 2","DataDisk","Nuclear Battery","Frozen Egg 2","Pocketwatch","Singing Bowl","Letter Opener","Astrolabe","Blood Vial","Red Mask","Shuriken","Boot","The Courier","Mango","Pear","Symbiotic Virus"],"acts_visited":["Exordium","TheCity","TheBeyond"],"potions_floor_usage":[12,24,50,50],"damage_taken":[{"damage":0,"enemies":"Cultist","floor":1,"turns":4},{"damage":5,"enemies":"Small Slimes","floor":2,"turns":3},{"damage":7,"enemies":"Jaw Worm","floor":3,"turns":3},{"damage":5,"enemies":"2 Fungi Beasts","floor":4,"turns":5},{"damage":4,"enemies":"Red Slaver","floor":5,"turns":4},{"damage":42,"enemies":"Gremlin Nob","floor":7,"turns":5},{"damage":2,"enemies":"Blue Slaver","floor":8,"turns":4},{"damage":2,"enemies":"Lagavulin","floor":12,"turns":6},{"damage":8,"enemies":"3 Sentries","floor":14,"turns":6},{"damage":0,"enemies":"Hexaghost","floor":16,"turns":10},{"damage":48,"enemies":"2 Thieves","floor":18,"turns":5},{"damage":4,"enemies":"Chosen","floor":20,"turns":4},{"damage":34,"enemies":"Gremlin Leader","floor":24,"turns":8},{"damage":17,"enemies":"Slavers","floor":27,"turns":9},{"damage":0,"enemies":"Sentry and Sphere","floor":29,"turns":5},{"damage":0,"enemies":"Cultist and Chosen","floor":30,"turns":6},{"damage":13,"enemies":"3 Cultists","floor":31,"turns":6},{"damage":31,"enemies":"Champ","floor":33,"turns":13},{"damage":0,"enemies":"3 Shapes","floor":35,"turns":8},{"damage":4,"enemies":"Orb Walker","floor":37,"turns":4},{"damage":1,"enemies":"4 Shapes","floor":38,"turns":4},{"damage":6,"enemies":"Reptomancer","floor":41,"turns":8},{"damage":64,"enemies":"Nemesis","floor":44,"turns":11},{"damage":29,"enemies":"2 Orb Walkers","floor":46,"turns":5},{"damage":8,"enemies":"Reptomancer","floor":48,"turns":5},{"damage":95,"enemies":"Awakened One","floor":50,"turns":8}],"seed_played":"7971884781332904246","potions_obtained":[{"floor":1,"key":"DistilledChaos"},{"floor":5,"key":"FairyPotion"},{"floor":7,"key":"FearPotion"},{"floor":12,"key":"PotionOfCapacity"},{"floor":16,"key":"Fire Potion"},{"floor":20,"key":"EssenceOfDarkness"},{"floor":29,"key":"EssenceOfSteel"},{"floor":30,"key":"FocusPotion"}],"is_trial":false,"path_per_floor":["M","M","M","M","M","R","E","M","T","R","$","E","$","E","R","B",null,"M","$","M","?","?","R","E","R","T","E","R","M","M","M","R","B",null,"M","$","M","M","?","R","E","R","T","E","R","?","?","E","R","B"],"character_chosen":"DEFECT","items_purchased":["Ginger","Bag of Marbles","Go for the Eyes+1","Self Repair","Bandage Up","Blood Vial","Steam"],"campfire_rested":3,"item_purchase_floors":[0,11,13,19,19,36,36],"current_hp_per_floor":[68,63,56,51,47,47,5,3,3,25,25,23,23,15,37,37,66,18,18,34,28,34,34,56,56,56,55,55,79,83,83,83,62,78,83,83,83,83,83,83,83,83,83,34,34,29,39,45,77,0,0],"gold":158,"neow_bonus":"","is_daily":false,"chose_seed":false,"campfire_upgraded":7,"win_rate":0.0,"timestamp":1614133254,"path_taken":["M","M","M","M","M","R","E","M","T","R","$","E","$","E","R","BOSS","M","$","M","?","?","R","E","R","T","E","R","M","M","M","R","BOSS","M","$","M","M","?","R","E","R","T","E","R","?","?","E","R","BOSS"],"items_purchased_type":["Relic","Relic","Card","Card","Card","Relic","Card"],"build_version":"2020-12-22","purchased_purges":1,"victory":false,"max_hp_per_floor":[75,75,75,75,75,75,75,75,75,75,75,75,75,75,75,75,75,75,75,75,75,81,81,81,81,81,81,81,83,83,83,83,83,83,83,83,83,83,83,83,83,83,83,83,83,99,109,109,109,109,109],"relic_stats":{"Darkstone Periapt":6,"Blood Vial":6,"Happy Flower":[53],"Singing Bowl":4,"counters":[32,184],"Shuriken":[9],"Astrolabe":["Amplify","All For One","Double Energy"],"Ginger":[20],"Letter Opener":[317],"Boot":[38],"obtain_stats":[{"Darkstone Periapt":9,"Lantern":0,"Singing Bowl":26,"Mango":46,"Ginger":0,"HollowMod:StagPassRelic":7,"Boot":43,"Blood Vial":0,"Red Mask":39,"Cracked Core":0,"Pear":47,"Happy Flower":0,"Astrolabe":34,"The Courier":44,"Letter Opener":27,"Frozen Egg 2":22,"Nuclear Battery":17,"DataDisk":14,"Shuriken":41,"Molten Egg 2":12,"Bag of Marbles":11,"Symbiotic Virus":48,"TungstenRod":0,"Meat on the Bone":6,"Pocketwatch":24},{"Darkstone Periapt":13,"Lantern":6,"Singing Bowl":19,"Mango":30,"Ginger":6,"HollowMod:StagPassRelic":12,"Boot":28,"Blood Vial":0,"Red Mask":27,"Cracked Core":0,"Pear":30,"Happy Flower":6,"Astrolabe":24,"The Courier":29,"Letter Opener":20,"Frozen Egg 2":18,"Nuclear Battery":16,"DataDisk":15,"Shuriken":28,"Molten Egg 2":14,"Bag of Marbles":13,"Symbiotic Virus":31,"TungstenRod":0,"Meat on the Bone":5,"Pocketwatch":19},{"Darkstone Periapt":53,"Lantern":25,"Singing Bowl":92,"Mango":171,"Ginger":25,"HollowMod:StagPassRelic":49,"Boot":155,"Blood Vial":0,"Red Mask":147,"Cracked Core":0,"Pear":171,"Happy Flower":25,"Astrolabe":131,"The Courier":166,"Letter Opener":101,"Frozen Egg 2":84,"Nuclear Battery":75,"DataDisk":65,"Shuriken":155,"Molten Egg 2":59,"Bag of Marbles":53,"Symbiotic Virus":176,"TungstenRod":0,"Meat on the Bone":20,"Pocketwatch":92}],"Pocketwatch":[39]},"card_choices":[{"not_picked":["Turbo","Rebound"],"picked":"Redo","floor":1},{"not_picked":["Cold Snap","Aggregate"],"picked":"Defragment","floor":2},{"not_picked":["Barrage","Redo"],"picked":"Leap","floor":3},{"not_picked":["Storm","Static Discharge"],"picked":"Doom and Gloom","floor":4},{"not_picked":["Heatsinks","Recycle"],"picked":"Go for the Eyes","floor":5},{"not_picked":["Leap","Compile Driver"],"picked":"Coolheaded","floor":7},{"not_picked":["Hologram","Beam Cell"],"picked":"Glacier","floor":8},{"not_picked":["White Noise","Fission"],"picked":"Buffer","floor":12},{"not_picked":["Turbo","FTL+1"],"picked":"Conserve Battery","floor":14},{"not_picked":["Thunder Strike+1","Fission"],"picked":"Echo Form","floor":16},{"not_picked":["Coolheaded","Hello World"],"picked":"Hologram","floor":18},{"not_picked":["Recycle","Leap+1"],"picked":"Coolheaded","floor":20},{"not_picked":["Reprogram","Go for the Eyes+1"],"picked":"Static Discharge+1","floor":24},{"not_picked":["Hologram","Coolheaded"],"picked":"Chill","floor":27},{"not_picked":["Glacier","BootSequence","Reprogram"],"picked":"Singing Bowl","floor":29},{"not_picked":["Scrape+1","Streamline+1"],"picked":"FTL+1","floor":30},{"not_picked":["Heatsinks+1","Storm+1"],"picked":"Sweeping Beam+1","floor":31},{"not_picked":["Biased Cognition+1","Buffer+1"],"picked":"All For One+1","floor":33},{"not_picked":["Undo+1","Cold Snap+1"],"picked":"Glacier","floor":35},{"not_picked":["Sweeping Beam+1","Turbo+1"],"picked":"Chill+1","floor":37},{"not_picked":["Sweeping Beam+1","Turbo"],"picked":"Ball Lightning+1","floor":38},{"not_picked":["Leap","Turbo"],"picked":"Core Surge+1","floor":41},{"not_picked":["Chill+1","Conserve Battery+1"],"picked":"Redo+1","floor":44},{"not_picked":["Stack","Heatsinks+1","Go for the Eyes+1"],"picked":"Singing Bowl","floor":46},{"not_picked":["Ball Lightning+1","Blizzard+1"],"picked":"All For One+1","floor":48}],"player_experience":201357,"relics_obtained":[{"floor":7,"key":"HollowMod:StagPassRelic"},{"floor":9,"key":"Darkstone Periapt"},{"floor":12,"key":"Molten Egg 2"},{"floor":14,"key":"DataDisk"},{"floor":24,"key":"Pocketwatch"},{"floor":26,"key":"Singing Bowl"},{"floor":27,"key":"Letter Opener"},{"floor":41,"key":"Shuriken"},{"floor":43,"key":"Boot"},{"floor":44,"key":"The Courier"},{"floor":46,"key":"Mango"},{"floor":48,"key":"Symbiotic Virus"}],"event_choices":[{"damage_healed":0,"gold_gain":0,"player_choice":"Joined the Cult","damage_taken":6,"max_hp_gain":0,"max_hp_loss":0,"event_name":"Nest","floor":21,"gold_loss":0,"cards_obtained":["RitualDagger"]},{"damage_healed":0,"gold_gain":0,"player_choice":"Opened","damage_taken":0,"relics_obtained":["Frozen Egg 2"],"max_hp_gain":0,"max_hp_loss":0,"event_name":"The Mausoleum","floor":22,"gold_loss":0,"cards_obtained":["Writhe"]},{"damage_healed":0,"gold_gain":0,"player_choice":"Paid","damage_taken":0,"relics_obtained":["Red Mask"],"max_hp_gain":0,"max_hp_loss":0,"event_name":"Tomb of Lord Red Mask","floor":39,"gold_loss":28},{"damage_healed":0,"gold_gain":0,"player_choice":"Fight","damage_taken":0,"max_hp_gain":0,"max_hp_loss":0,"event_name":"Mysterious Sphere","floor":46,"gold_loss":0},{"damage_healed":0,"gold_gain":0,"player_choice":"Gave Potion","damage_taken":0,"relics_obtained":["Pear"],"max_hp_gain":0,"max_hp_loss":0,"event_name":"WeMeetAgain","floor":47,"gold_loss":0}],"is_beta":false,"boss_relics":[{"not_picked":["Empty Cage","SacredBark"],"picked":"Nuclear Battery"},{"not_picked":["Tiny House","Coffee Dripper"],"picked":"Astrolabe"}],"items_purged_floors":[36],"is_endless":false,"potions_floor_spawned":[1,5,7,12,16,20,29,30,33,35,38,46],"killed_by":"Awakened One","ascension_level":6}}