{"host":"0cm5wy4nhuju7tij","time":1614201417,"event":{"mods":["2.2 Compatiblity","AchievementEnabler","BaseMod","Better Third Choice","BetterRewards","Colored Powertips","Curses Come First","Custom Start","Displayed Cursed Tome","Downfall","Energized Spire","Evolution","Filter the Spire","Fireblade Mod","Hermit","Highlight Path","Jess\u0027s Bottle","Minty Spire (QoL Compilation)","Permanent Neow","Poor People Problems","Relic Filter Mod","Shop Mod","Spicy Shops","StSLib","The Cursed","The Servant 0.9.4","TheSwordswoman","TheVacant","Weighted Paths"],"gold_per_floor":[119,132,82,93,110,438,438,465,514,514,527,542,542,542],"floor_reached":13,"language":"ENG","playtime":839,"items_purged":[],"score":102,"play_id":"ccdf557f-737f-4bd6-adb8-3543493c8d10","local_time":"20210224161657","is_ascension_mode":true,"campfire_choices":[{"floor":7,"key":"REST"},{"floor":10,"key":"REST"}],"circlet_count":0,"master_deck":["Starlight","Strike_S","Strike_S","Defend_S","Defend_S","Defend_S","Defend_S","KidneyShot","Exchange","Bandage Up","DoubleEdge","FanOfKnives","Starlight","Sunlight","Defy","BottledTime+1","Starlight","SpecialFormula+1"],"relics":["Uniform","EVO:Axolotl","Old Coin","Toxic Egg 2"],"acts_visited":["Exordium"],"potions_floor_usage":[13],"damage_taken":[{"damage":2.0,"enemies":"2 Louse","floor":1.0,"turns":3.0},{"damage":0.0,"enemies":"Small Slimes","floor":2.0,"turns":2.0},{"damage":6.0,"enemies":"Jaw Worm","floor":4.0,"turns":4.0},{"damage":22.0,"enemies":"Large Slime","floor":5.0,"turns":7.0},{"damage":26.0,"enemies":"Gremlin Nob","floor":6.0,"turns":4.0},{"damage":33,"enemies":"Lagavulin","floor":8,"turns":9},{"damage":6,"enemies":"2 Fungi Beasts","floor":11,"turns":2},{"damage":12,"enemies":"Exordium Wildlife","floor":12,"turns":6},{"damage":36,"enemies":"3 Sentries","floor":13,"turns":7}],"seed_played":"9166656891607601282","potions_obtained":[{"floor":4.0,"key":"EntropicBrew"},{"floor":5.0,"key":"DuplicationPotion"},{"floor":11,"key":"Block Potion"}],"is_trial":false,"path_per_floor":["M","M","?","M","M","E","R","E","T","R","M","M","E"],"character_chosen":"THE_SERVANT","items_purchased":[],"campfire_rested":2,"item_purchase_floors":[],"current_hp_per_floor":[63,65,65,63,45,23,42,13,13,32,30,22,0,0],"gold":542,"neow_bonus":"RANDOM_COLORLESS","is_daily":false,"chose_seed":false,"campfire_upgraded":0,"win_rate":0.0,"timestamp":1614201417,"path_taken":["M","M","?","M","M","E","R","E","T","R","M","M","E"],"items_purchased_type":[],"build_version":"2020-12-22","purchased_purges":0,"victory":false,"max_hp_per_floor":[65,65,65,65,65,65,65,65,65,65,65,65,65,65],"card_choices":[{"not_picked":["Deep Breath","Trip"],"picked":"Bandage Up","floor":0.0},{"not_picked":["Replace","Advance"],"picked":"DoubleEdge","floor":1.0},{"not_picked":["Deadline","ShatteredReality"],"picked":"FanOfKnives","floor":2.0},{"not_picked":["Unruled","Sabotage"],"picked":"Starlight","floor":4.0},{"not_picked":["DoubleEdge","TimeWarp"],"picked":"Sunlight","floor":5.0},{"not_picked":["ReturningBlade","Rewind"],"picked":"Defy","floor":6.0},{"not_picked":["Unruled","Starlight"],"picked":"BottledTime+1","floor":8},{"not_picked":["ShatteredReality","FanOfKnives"],"picked":"Starlight","floor":11},{"not_picked":["BottledTime+1","KillingDoll"],"picked":"SpecialFormula+1","floor":12}],"player_experience":467145,"relics_obtained":[{"floor":6.0,"key":"Old Coin"},{"floor":8,"key":"Toxic Egg 2"}],"event_choices":[{"cards_removed":["Strike_S"],"damage_healed":0.0,"max_hp_gain":0.0,"max_hp_loss":0.0,"gold_gain":0.0,"event_name":"The Cleric","player_choice":"Card Removal","floor":3.0,"gold_loss":50.0,"damage_taken":0.0}],"is_beta":false,"boss_relics":[],"items_purged_floors":[],"is_endless":false,"potions_floor_spawned":[4,5,11,12],"killed_by":"3 Sentries","ascension_level":1}}