{"host":"uv5ws9rdk87e8i5k","time":1614198618,"event":{"mods":["AchievementEnabler","BaseMod","Colored Map","Minty Spire (QoL Compilation)","Permanent Neow","Quick Restart","StSLib","SuperFastMode","The Necromancer","The Saiyan"],"gold_per_floor":[36,36,92,122,122,224,224,284,284,296,365,365,55,162,162,162,162],"floor_reached":16,"language":"ENG","playtime":1404,"items_purged":["Strike_R"],"score":204,"play_id":"fb93153b-74c9-4a2c-b1b1-308f65eebdc4","local_time":"20210224143018","is_ascension_mode":true,"campfire_choices":[{"data":"Pommel Strike","floor":7.0,"key":"SMITH"},{"data":"Cleave","floor":12,"key":"SMITH"},{"data":"Hemokinesis","floor":15,"key":"SMITH"}],"circlet_count":0,"master_deck":["AscendersBane","Strike_R","Strike_R","Strike_R","Strike_R","Defend_R","Defend_R","Defend_R","Defend_R","Bash","HandOfGreed+1","Shrug It Off","Headbutt","Pommel Strike+1","Cleave+1","Shrug It Off","Hemokinesis+1"],"relics":["Burning Blood","Blue Candle","Du-Vu Doll","Gremlin Horn","Prayer Wheel","Tiny Chest","PreservedInsect"],"acts_visited":["Exordium"],"potions_floor_usage":[16],"damage_taken":[{"damage":6.0,"enemies":"Small Slimes","floor":1.0,"turns":7.0},{"damage":0.0,"enemies":"2 Louse","floor":3.0,"turns":3.0},{"damage":0.0,"enemies":"Cultist","floor":4.0,"turns":2.0},{"damage":11.0,"enemies":"3 Sentries","floor":6.0,"turns":6.0},{"damage":29,"enemies":"Gremlin Nob","floor":8,"turns":4},{"damage":3,"enemies":"Looter","floor":10,"turns":2},{"damage":1,"enemies":"Exordium Thugs","floor":11,"turns":6},{"damage":9,"enemies":"3 Sentries","floor":14,"turns":7},{"damage":22,"enemies":"The Guardian","floor":16,"turns":5}],"seed_played":"-5545368777043957648","potions_obtained":[{"floor":4.0,"key":"Strength Potion"},{"floor":10,"key":"Dexterity Potion"},{"floor":11,"key":"SpeedPotion"}],"is_trial":false,"path_per_floor":["M","?","M","M","?","E","R","E","T","M","M","R","$","E","R","B"],"character_chosen":"IRONCLAD","items_purchased":["Shrug It Off","Hemokinesis","Tiny Chest"],"campfire_rested":0,"item_purchase_floors":[13,13,13],"current_hp_per_floor":[68,56,62,68,68,63,63,40,40,43,48,48,48,45,45,23,23],"gold":162,"neow_bonus":"RANDOM_COLORLESS_2","is_daily":false,"chose_seed":false,"campfire_upgraded":3,"win_rate":0.0,"timestamp":1614198618,"path_taken":["M","?","M","M","?","E","R","E","T","M","?","R","$","E","R","BOSS"],"items_purchased_type":["Card","Card","Relic"],"build_version":"2020-12-22","purchased_purges":1,"victory":false,"max_hp_per_floor":[75,75,75,75,75,75,75,75,75,75,75,75,75,75,75,75,75],"card_choices":[{"not_picked":["Thinking Ahead","Secret Weapon"],"picked":"HandOfGreed","floor":0.0},{"not_picked":["True Grit","Armaments"],"picked":"Shrug It Off","floor":1.0},{"not_picked":["Heavy Blade","Iron Wave"],"picked":"Headbutt","floor":3.0},{"not_picked":["Anger","Second Wind"],"picked":"Pommel Strike","floor":4.0},{"not_picked":["Inflame","Flex","Sword Boomerang"],"picked":"SKIP","floor":6.0},{"not_picked":["Havoc","Rage","Bloodletting"],"picked":"SKIP","floor":8},{"not_picked":["Perfected Strike","True Grit","Limit Break"],"picked":"SKIP","floor":10},{"not_picked":["Ghostly Armor","Feel No Pain","Carnage"],"picked":"SKIP","floor":10},{"not_picked":["Armaments","Perfected Strike"],"picked":"Cleave","floor":11},{"not_picked":["Warcry","True Grit","Rampage"],"picked":"SKIP","floor":11},{"not_picked":["Disarm","Cleave","Second Wind"],"picked":"SKIP","floor":14}],"player_experience":235353,"relics_obtained":[{"floor":6.0,"key":"Du-Vu Doll"},{"floor":8,"key":"Gremlin Horn"},{"floor":9,"key":"Prayer Wheel"},{"floor":14,"key":"PreservedInsect"}],"event_choices":[{"damage_healed":0.0,"max_hp_gain":0.0,"max_hp_loss":0.0,"gold_gain":0.0,"event_name":"Scrap Ooze","player_choice":"Success","floor":2.0,"gold_loss":0.0,"damage_taken":12.0,"relics_obtained":["Blue Candle"]},{"damage_healed":0.0,"max_hp_gain":0.0,"max_hp_loss":0.0,"gold_gain":0.0,"event_name":"Accursed Blacksmith","player_choice":"Forge","floor":5.0,"gold_loss":0.0,"damage_taken":0.0,"cards_upgraded":["HandOfGreed"]}],"is_beta":false,"boss_relics":[],"items_purged_floors":[13],"is_endless":false,"potions_floor_spawned":[4,10,11],"killed_by":"The Guardian","ascension_level":14}}