{"host":"eeb412nj2w7f9cz8","time":1614167751,"event":{"mods":["ATMod(°¢èªMod)","Act Like it!","BaseMod","Downfall","Minty Spire (QoL Compilation)","StSLib"],"gold_per_floor":[99,118,134,234,409,409,409,101,115,15,15,32,59,44,64,167,167,67,167,209,224,36,42,42,77,95,95,95,95],"floor_reached":27,"language":"ZHS","playtime":3942,"items_purged":["Regret","bronze:Strike"],"score":356,"play_id":"7db0b146-ca5a-4b77-9c38-028e3fbb6612","local_time":"20210224195551","is_ascension_mode":false,"campfire_choices":[{"data":"AT_FamilyPortrait","floor":1.0,"key":"SMITH"},{"data":"bronze:Repulsor","floor":10.0,"key":"SMITH"},{"floor":18.0,"key":"RECALL"}],"circlet_count":0,"master_deck":["bronze:Strike","bronze:Strike","bronze:Strike","bronze:Defend","bronze:Defend","bronze:Defend","bronze:Defend","bronze:Replicate","bronze:Goto","AT_FamilyPortrait+1","bronze:Overheat","bronze:Repulsor+1","bronze:FindAndReplace","bronze:Philosophize","bronze:AlphaBuild","bronze:Overload","bronze:AlphaBuild","CurseOfTheBell","bronze:DonuBeam","bronze:DecaBeam","bronze:Shell","bronze:HardenedForm","bronze:ItsAFeature","bronze:ForceShield","bronze:Repulsor","bronze:Fortify+1","bronze:Virus"],"relics":["bronze:BronzeCore","AT_ATBox","Bag of Preparation","Frozen Eye","downfall:HeartBlessingBlue","AT_GoldPhoenixTree","Calling Bell","Orichalcum","Darkstone Periapt","Dead Branch","downfall:HeartBlessingGreen","InkBottle","CaptainsWheel","Mango"],"acts_visited":["Exordium","TheCity"],"potions_floor_usage":[],"damage_taken":[{"damage":1.0,"enemies":"Jaw Worm","floor":2.0,"turns":5.0},{"damage":0.0,"enemies":"2 Louse","floor":3.0,"turns":4.0},{"damage":3.0,"enemies":"downfall:FleeingMerchant","floor":8.0,"turns":4.0},{"damage":4.0,"enemies":"Cultist","floor":9.0,"turns":4.0},{"damage":9.0,"enemies":"Exordium Thugs","floor":12.0,"turns":4.0},{"damage":47.0,"enemies":"Gremlin Nob","floor":13.0,"turns":6.0},{"damage":13.0,"enemies":"downfall:FleeingMerchant","floor":14.0,"turns":4.0},{"damage":0.0,"enemies":"3 Louse","floor":15.0,"turns":1.0},{"damage":0.0,"enemies":"SI_SHIV_ARCHETYPE","floor":16.0,"turns":9.0},{"damage":56.0,"enemies":"SI_SHIV_ARCHETYPE","floor":19.0,"turns":7.0},{"damage":7.0,"enemies":"Chosen","floor":20.0,"turns":6.0},{"damage":0.0,"enemies":"downfall:LooterAlt2","floor":21.0,"turns":6.0},{"damage":0.0,"enemies":"downfall:FleeingMerchant","floor":22.0,"turns":4.0},{"damage":0.0,"enemies":"downfall:FleeingMerchant","floor":23.0,"turns":1.0},{"damage":23.0,"enemies":"Gremlin Leader","floor":25.0,"turns":6.0},{"damage":8.0,"enemies":"Snake Plant","floor":26.0,"turns":5.0},{"damage":7,"enemies":"Book of Stabbing","floor":27,"turns":4}],"seed_played":"1576933867931045388","potions_obtained":[{"floor":2.0,"key":"BlessingOfTheForge"},{"floor":12.0,"key":"Weak Potion"},{"floor":13.0,"key":"bronze:FreeFunctionsPotion"},{"floor":16.0,"key":"DistilledChaos"},{"floor":20.0,"key":"Ancient Potion"},{"floor":26.0,"key":"Strength Potion"}],"is_trial":false,"path_per_floor":["R","M","M","?","?","?","T","$","M","R","?","M","E","$","M","B",null,"R","?","M","M","$","$","T","E","M","E"],"character_chosen":"THE_AUTOMATON","items_purchased":["bronze:FindAndReplace","Frozen Eye","bronze:ItsAFeature","bronze:Repulsor","InkBottle"],"campfire_rested":0,"item_purchase_floors":[8,8,22,23,23],"current_hp_per_floor":[77,76,76,76,76,76,76,73,69,79,79,70,23,10,10,10,87,87,31,24,24,24,24,24,15,7,0,0,0],"gold":95,"neow_bonus":"TEN_PERCENT_HP_BONUS","is_daily":false,"chose_seed":false,"campfire_upgraded":2,"win_rate":0.0,"timestamp":1614167751,"path_taken":["R","M","M","?","?","?","T","$","M","R","?","?","E","?","M","BOSS","R","?","M","M","?","$","T","E","M","E"],"items_purchased_type":["Card","Relic","Card","Card","Relic"],"build_version":"2020-12-22","purchased_purges":2,"victory":false,"max_hp_per_floor":[77,77,77,77,77,77,77,77,77,87,87,87,87,87,87,87,87,87,87,87,87,87,87,87,101,101,101,101,101],"card_choices":[{"not_picked":["bronze:Turbo","bronze:Branch"],"picked":"bronze:Overheat","floor":2.0},{"not_picked":["bronze:Frontload","bronze:FineTuning"],"picked":"bronze:Repulsor","floor":3.0},{"not_picked":["bronze:MaxOutput","bronze:Shield","bronze:Turbo"],"picked":"SKIP","floor":8.0},{"not_picked":["bronze:WildBeam","bronze:MaxOutput"],"picked":"bronze:Philosophize","floor":9.0},{"not_picked":["bronze:Invalidate","bronze:Overheat","bronze:BitShift"],"picked":"SKIP","floor":12.0},{"not_picked":["bronze:Frontload","bronze:Overload"],"picked":"bronze:AlphaBuild","floor":13.0},{"not_picked":["bronze:DelayedGuard","bronze:Philosophize"],"picked":"bronze:Overload","floor":14.0},{"not_picked":["bronze:Fortify","bronze:Overheat","bronze:DarkDash"],"picked":"SKIP","floor":15.0},{"not_picked":["bronze:HyperBeam","bronze:Assembly"],"picked":"bronze:AlphaBuild","floor":16.0},{"not_picked":[],"picked":"bronze:DonuBeam","floor":19.0},{"not_picked":[],"picked":"bronze:DecaBeam","floor":19.0},{"not_picked":["bronze:WildBeam","bronze:Turbo"],"picked":"bronze:Shell","floor":19.0},{"not_picked":["bronze:DelayedSlice","bronze:Deprecate","bronze:Iterate"],"picked":"SKIP","floor":20.0},{"not_picked":["bronze:OilSpill","bronze:Shield","bronze:Turbo"],"picked":"SKIP","floor":21.0},{"not_picked":["bronze:Return","bronze:WhirlingStrike"],"picked":"bronze:HardenedForm","floor":22.0},{"not_picked":["bronze:OilSpill","bronze:BitShift+1"],"picked":"bronze:ForceShield","floor":23.0},{"not_picked":["bronze:CutThrough","bronze:Overheat"],"picked":"bronze:Fortify+1","floor":25.0},{"not_picked":["bronze:Boost","bronze:BuggyMess+1"],"picked":"bronze:Virus","floor":26.0}],"player_experience":172547,"relics_obtained":[{"floor":13.0,"key":"AT_GoldPhoenixTree"},{"floor":17.0,"key":"Orichalcum"},{"floor":17.0,"key":"Darkstone Periapt"},{"floor":17.0,"key":"Dead Branch"},{"floor":24.0,"key":"CaptainsWheel"},{"floor":25.0,"key":"Mango"}],"event_choices":[{"damage_healed":0.0,"max_hp_gain":0.0,"max_hp_loss":0.0,"gold_gain":0.0,"event_name":"Big Fish","player_choice":"Box","floor":6.0,"gold_loss":0.0,"damage_taken":0.0,"relics_obtained":["Bag of Preparation"],"cards_obtained":["Regret"]},{"cards_removed":["Doubt"],"damage_healed":0.0,"max_hp_gain":0.0,"max_hp_loss":0.0,"gold_gain":0.0,"event_name":"Wheel of Change","player_choice":"Card Removal","floor":11.0,"gold_loss":0.0,"damage_taken":0.0}],"is_beta":false,"boss_relics":[{"not_picked":["Runic Dome","Busted Crown"],"picked":"Calling Bell"}],"items_purged_floors":[8,22],"is_endless":false,"potions_floor_spawned":[2,12,13,16,20,26],"killed_by":"Book of Stabbing","ascension_level":0}}