{"host":"wmtpv4eernmufsky","time":1614185272,"event":{"mods":["100% Spire Juice","Act Like it!","Arknights","Ascension Reborn","Aspiration","BaseMod","FoggyMod","Friendly Minions","Gensokyo","KinomotoSakuraMod(木之本樱)","Library of Ruina","Library of Ruina Extra","Lobotomy","LobotomyExtend","Minty Spire (QoL Compilation)","MostiFishMod","Remilia（蕾米莉亚）","StSLib","The Servant 0.9.4","TheWitcher","Waifu the Spire","Yakumo Yukari mod","Youmu（魂魄妖梦）","【功能Mod】混沌之环修复补丁","【功能Mod】聪明的最终Boss","残留之物"],"gold_per_floor":[116,116,81,81,5,5,5,5,51,51,62,79,79,79,79,79,79],"floor_reached":16,"language":"ZHS","playtime":857,"items_purged":[],"score":86,"play_id":"4ddad1df-b4ac-4c86-9dd9-aea3dc5ea2a9","local_time":"20210225004752","is_ascension_mode":true,"campfire_choices":[{"floor":6,"key":"REST"},{"floor":8,"key":"RECALL"},{"data":"GatherIntel","floor":10,"key":"SMITH"},{"floor":15,"key":"REST"}],"circlet_count":0,"master_deck":["Dodge+1","LightDefense","LightAttack","LightAttack","LightAttack","LightDefense","LightDefense","LightDefense","ChargeAndCover","FocusedStrikes","MostiFishMod:EE1D","MostiFishMod:EE1D","MostiFishMod:EE1D","OSAHOGD","Leap_lor+1","GatherIntel+1","NakedNest","RulesOfTheBackstreets","SpiderBud","PreemptiveStrike"],"relics":["PageOfLibrarian","DaveBox","EE1DDrone","CogitoBucket","SynthV:TestCard","LetterFromLob","SynthV:C4","MagicBullet_r","Moonlight_r","Oddly Smooth Stone"],"acts_visited":["Exordium"],"potions_floor_usage":[16,16],"damage_taken":[{"damage":9,"enemies":"Cultist","floor":1,"turns":7},{"damage":4,"enemies":"Small Slimes","floor":11,"turns":3},{"damage":9,"enemies":"ats:Genji","floor":12,"turns":4},{"damage":53,"enemies":"Hexaghost","floor":16,"turns":16}],"seed_played":"7824439091022739696","potions_obtained":[{"floor":11,"key":"Swift Potion"},{"floor":12,"key":"SkillPotion"}],"is_trial":false,"path_per_floor":["M","T","?","?","$","R","?","R","T","R","M","M","?","?","R","B"],"character_chosen":"Librarian","items_purchased":["GatherIntel"],"campfire_rested":2,"item_purchase_floors":[5],"current_hp_per_floor":[51,51,65,28,28,47,54,54,54,54,50,41,41,35,53,0,0],"gold":79,"neow_bonus":"","is_daily":false,"chose_seed":false,"campfire_upgraded":1,"win_rate":0.0,"timestamp":1614185272,"path_taken":["M","?","?","?","$","R","?","R","T","R","?","?","?","?","R","BOSS"],"items_purchased_type":["Card"],"build_version":"2020-12-22","purchased_purges":0,"victory":false,"max_hp_per_floor":[65,65,65,65,65,65,65,65,65,65,62,62,62,62,62,62,62],"card_choices":[{"not_picked":["UniverseFragment","MeatLantern"],"picked":"OSAHOGD","floor":1},{"not_picked":["SpearedSweep","BackAttack","Tailoring","WillOfThePrescript","ScatteringSlash","HandleRequest","Standoff","PuppetBlockade"],"picked":"Leap_lor","floor":1},{"not_picked":["QueenBee","RedShoes"],"picked":"NakedNest","floor":11},{"not_picked":["Multislash","BiAn","Laceration","DefenseOrder","DesperateStruggle","FleetFootsteps","Outburst","SnakesPrey","QuickSuppression","BackstreetsDash"],"picked":"RulesOfTheBackstreets","floor":11},{"not_picked":["BigBird","Yin"],"picked":"SpiderBud","floor":12},{"not_picked":["ViolentFlame","Parry2","QuickSuppression","QuickAttack","GuardingStance","Wallop_lor","GuidanceOfTheGears","Parry","HandleRequest","FormingStorm"],"picked":"PreemptiveStrike","floor":12}],"player_experience":208487,"relics_obtained":[{"floor":1,"key":"SynthV:TestCard"},{"floor":1,"key":"LetterFromLob"},{"floor":2,"key":"SynthV:C4"},{"floor":9,"key":"Oddly Smooth Stone"}],"event_choices":[{"damage_healed":16,"gold_gain":0,"player_choice":"Healed","damage_taken":0,"max_hp_gain":0,"max_hp_loss":0,"event_name":"The Cleric","floor":3,"gold_loss":35},{"damage_healed":0,"gold_gain":0,"player_choice":"Fled","damage_taken":0,"max_hp_gain":0,"max_hp_loss":0,"event_name":"Scrap Ooze","floor":13,"gold_loss":0},{"damage_healed":0,"gold_gain":0,"player_choice":"Damaged","damage_taken":6,"max_hp_gain":0,"max_hp_loss":0,"event_name":"Wheel of Change","floor":14,"gold_loss":0}],"is_beta":false,"boss_relics":[],"items_purged_floors":[],"is_endless":false,"potions_floor_spawned":[11,12],"killed_by":"Hexaghost","ascension_level":0}}