{"host":"wshey5htrz8rni6u","time":1614158336,"event":{"mods":["2.2 Compatiblity","BaseMod","Block Reminder","Colored Map","Colored Powertips","Current Relic Mod","Curses Come First","Dark Map","Key Reminder","Keyboard Shortcuts","Minty Spire (QoL Compilation)","Potion Indicator Mod","Quick Restart","Random Character Button","Relic Sorter","Relic Stats","StSLib","SuperFastMode","Unceasing Turn Reminder","UnlockEverythingMod","Weighted Paths"],"gold_per_floor":[109,109,34,49,49,49,81,101,125,150,170,203,215,231,231,231,231],"floor_reached":16,"language":"ENG","playtime":1033,"items_purged":["Strike_G"],"score":250,"play_id":"4d059a87-3501-4e06-979c-860d2d761fc3","local_time":"20210224011856","is_ascension_mode":true,"campfire_choices":[{"data":"Neutralize","floor":6,"key":"SMITH"},{"floor":15,"key":"REST"}],"circlet_count":0,"master_deck":["AscendersBane","Strike_G","Strike_G","Defend_G","Defend_G","Defend_G","Defend_G","Survivor","Neutralize+1","Grand Finale","Outmaneuver","Quick Slash","Strike_G","Heel Hook","Dagger Throw"],"relics":["Ring of the Snake","MealTicket","PreservedInsect","Ancient Tea Set","Gremlin Horn"],"acts_visited":["Exordium"],"potions_floor_usage":[16,16],"damage_taken":[{"damage":3,"enemies":"2 Louse","floor":1,"turns":3},{"damage":0,"enemies":"Cultist","floor":4,"turns":2},{"damage":0,"enemies":"3 Sentries","floor":7,"turns":2},{"damage":0,"enemies":"Small Slimes","floor":8,"turns":2},{"damage":24,"enemies":"Gremlin Nob","floor":10,"turns":4},{"damage":0,"enemies":"Red Slaver","floor":11,"turns":6},{"damage":5,"enemies":"Lagavulin","floor":12,"turns":4},{"damage":8,"enemies":"3 Louse","floor":13,"turns":4},{"damage":5,"enemies":"2 Fungi Beasts","floor":14,"turns":3},{"damage":40,"enemies":"The Guardian","floor":16,"turns":12}],"seed_played":"2657810345281941616","potions_obtained":[{"floor":4,"key":"EssenceOfSteel"},{"floor":12,"key":"Fire Potion"}],"is_trial":false,"path_per_floor":["M","?","$","M","?","R","E","M","T","E","M","E","M","M","R","B"],"character_chosen":"THE_SILENT","items_purchased":[],"campfire_rested":1,"item_purchase_floors":[],"current_hp_per_floor":[56,56,56,56,56,56,56,56,56,32,32,27,19,14,32,0,0],"gold":231,"neow_bonus":"TRANSFORM_TWO_CARDS","is_daily":false,"chose_seed":true,"campfire_upgraded":1,"win_rate":0.0,"timestamp":1614158336,"path_taken":["M","?","$","?","?","R","E","M","T","E","M","E","?","M","R","BOSS"],"items_purchased_type":[],"build_version":"2020-12-13","purchased_purges":1,"victory":false,"max_hp_per_floor":[60,60,60,60,60,60,60,60,60,60,60,60,60,60,60,60,60],"relic_stats":{"Gremlin Horn":[3,3],"counters":[10,42],"MealTicket":0,"PreservedInsect":50,"obtain_stats":[{"Gremlin Horn":12,"MealTicket":7,"PreservedInsect":9,"Ancient Tea Set":10,"Ring of the Snake":0},{"Gremlin Horn":7,"MealTicket":3,"PreservedInsect":4,"Ancient Tea Set":5,"Ring of the Snake":0},{"Gremlin Horn":23,"MealTicket":7,"PreservedInsect":9,"Ancient Tea Set":13,"Ring of the Snake":0}],"Ring of the Snake":[20]},"card_choices":[{"not_picked":["Predator","Setup"],"picked":"Quick Slash","floor":1},{"not_picked":["PiercingWail","Dagger Throw","Backstab"],"picked":"SKIP","floor":4},{"not_picked":["Endless Agony","Riddle With Holes","Tactician"],"picked":"SKIP","floor":7},{"not_picked":["Reflex","Infinite Blades"],"picked":"Heel Hook","floor":8},{"not_picked":["Infinite Blades","Masterful Stab","Outmaneuver"],"picked":"SKIP","floor":10},{"not_picked":["PiercingWail","Underhanded Strike","Choke"],"picked":"SKIP","floor":11},{"not_picked":["Deadly Poison","Infinite Blades"],"picked":"Dagger Throw","floor":12},{"not_picked":["Distraction","Flying Knee","Cloak And Dagger"],"picked":"SKIP","floor":13},{"not_picked":["Blur","Poisoned Stab","Flying Knee"],"picked":"SKIP","floor":14}],"player_experience":192710,"relics_obtained":[{"floor":7,"key":"MealTicket"},{"floor":9,"key":"PreservedInsect"},{"floor":10,"key":"Ancient Tea Set"},{"floor":12,"key":"Gremlin Horn"}],"event_choices":[{"cards_removed":["Strike_G"],"damage_healed":0,"gold_gain":0,"player_choice":"Took Card","damage_taken":0,"max_hp_gain":0,"max_hp_loss":0,"event_name":"NoteForYourself","floor":2,"gold_loss":0,"cards_obtained":["Strike_G"]},{"damage_healed":0,"gold_gain":0,"player_choice":"0 cards matched","damage_taken":0,"max_hp_gain":0,"max_hp_loss":0,"event_name":"Match and Keep!","floor":5,"gold_loss":0,"cards_obtained":[]}],"is_beta":false,"boss_relics":[],"items_purged_floors":[3],"is_endless":false,"potions_floor_spawned":[4,12,14],"killed_by":"The Guardian","ascension_level":14}}