{"host":"fortuna","time":1614180467,"event":{"mods":["100% Spire Juice","Act Like it!","BaseMod","CapriCore","Gensokyo","Hallownest","Koishi","Minty Spire (QoL Compilation)","MostiFishMod","Reimu£®≤©¿ˆ¡È√Œ£©","Relic Stats","StSLib","The Alterego","The Animator","The Bug Knight","The Immortal","The Senshi","Waifu the Spire","Yakumo Yukari mod"],"gold_per_floor":[213,213,223,239,2,30,60,60,60,92,110,-1290,-1256,-1236,-1236,-1135,-1135,-1123,-1103,-1103,-1103,-1103,-1071,-1071,-1041,-1018,-1018,-1018],"floor_reached":27,"language":"ZHS","playtime":1149,"items_purged":["alterego_mod:Strike"],"score":469,"play_id":"82c0404e-48a6-466e-8057-3ae7226322d0","local_time":"20210224232747","is_ascension_mode":true,"campfire_choices":[{"data":"alterego_mod:Impale","floor":8.0,"key":"SMITH"},{"data":"alterego_mod:DiscoLights","floor":15.0,"key":"SMITH"}],"circlet_count":0,"master_deck":["alterego_mod:Strike","alterego_mod:Strike","alterego_mod:Defend","alterego_mod:Defend","alterego_mod:Defend","alterego_mod:Defend","alterego_mod:Impale+1","alterego_mod:BigMeatyClaws","alterego_mod:BrynhildrsRune","alterego_mod:IndependentAction","MostiFishMod:FrostNova","MostiFishMod:WinterMarkForm","alterego_mod:Cycle","alterego_mod:Undulate","alterego_mod:Lingerie","alterego_mod:GachaTicket","alterego_mod:AlterEgo","alterego_mod:DiscoLights+1","alterego_mod:Cooking","alterego_mod:ChallengeComplete","alterego_mod:TrickOrTreatment","alterego_mod:DeftHands","alterego_mod:PainIsPleasure","alterego_mod:Collar","alterego_mod:Punishment","alterego_mod:Birthday","alterego_mod:IdEs"],"relics":["alterego_mod:MasochisticConstitution","DaveBox","SynthV:TestCard","FrostBlade","Centennial Puzzle","Bottled Flame","Omamori","Happy Flower","SynthV:MejaisSoulstealer","Bronze Scales","RhineSuit","Unceasing Top","HornCleat"],"acts_visited":["Hallownest:Greenpath","Hallownest:CityofTears"],"potions_floor_usage":[],"damage_taken":[{"damage":3.0,"enemies":"Hallownest:monsterHuskGuard","floor":1.0,"turns":8.0},{"damage":0.0,"enemies":"Hallownest:monsterHuskWarrior","floor":3.0,"turns":3.0},{"damage":8.0,"enemies":"Hallownest:2_Tiktiks_and_1_Crawlid","floor":4.0,"turns":3.0},{"damage":0.0,"enemies":"Hallownest:eliteMossKnight","floor":6.0,"turns":3.0},{"damage":0.0,"enemies":"Hallownest:eliteMossKnight","floor":7.0,"turns":4.0},{"damage":17.0,"enemies":"Hallownest:eliteVengeflyKing","floor":10.0,"turns":5.0},{"damage":10.0,"enemies":"Hallownest:2_Tiktiks_1_Baldur_1_Crawlid","floor":11.0,"turns":4.0},{"damage":0.0,"enemies":"Hallownest:eliteMossKnight","floor":13.0,"turns":5.0},{"damage":0.0,"enemies":"Hallownest:monsterMossCharger","floor":14.0,"turns":2.0},{"damage":11.0,"enemies":"Hallownest:BossFalseKnight","floor":16.0,"turns":5.0},{"damage":6.0,"enemies":"Hallownest:Flukemon_and_Top","floor":18.0,"turns":4.0},{"damage":0.0,"enemies":"Hallownest:2_Mistakes","floor":19.0,"turns":2.0},{"damage":0.0,"enemies":"Hallownest:eliteSoulWarrior","floor":23.0,"turns":2.0},{"damage":0.0,"enemies":"Hallownest:eliteSoulWarrior","floor":24.0,"turns":2.0},{"damage":1.0,"enemies":"Hallownest:Nosk","floor":25.0,"turns":2.0},{"damage":22,"enemies":"Hallownest:eliteWatcherKnight","floor":27,"turns":7}],"seed_played":"-8695929781429292196","potions_obtained":[{"floor":3.0,"key":"Swift Potion"},{"floor":4.0,"key":"Fire Potion"},{"floor":6.0,"key":"SpeedPotion"},{"floor":16.0,"key":"SpeedPotion"},{"floor":23.0,"key":"EntropicBrew"}],"is_trial":false,"path_per_floor":["M","?","M","M","$","?","E","R","T","E","M","$","E","M","R","B",null,"M","M","?","?","?","E","?","E","T","E"],"character_chosen":"The_Alterego","items_purchased":["alterego_mod:Lingerie","alterego_mod:GachaTicket","SynthV:MejaisSoulstealer"],"campfire_rested":0,"item_purchase_floors":[5,5,12],"current_hp_per_floor":[68,68,68,68,68,68,72,72,72,56,50,50,53,57,57,50,75,70,70,70,70,66,66,66,68,68,57,57],"gold":-1018,"neow_bonus":"HUNDRED_GOLD","is_daily":false,"chose_seed":false,"campfire_upgraded":2,"win_rate":0.0,"timestamp":1614180467,"path_taken":["M","?","M","M","$","?","E","R","T","E","M","?","E","M","R","BOSS","M","M","?","?","?","E","?","E","T","E"],"items_purchased_type":["Card","Card","Relic"],"build_version":"2020-12-18","purchased_purges":1,"victory":false,"max_hp_per_floor":[71,71,71,72,72,72,72,72,72,73,74,74,74,74,74,75,75,76,76,76,76,76,76,76,77,77,77,77],"relic_stats":{"Centennial Puzzle":[18],"Happy Flower":[11],"counters":[16,61],"Bronze Scales":[30],"obtain_stats":[{"alterego_mod:MasochisticConstitution":0,"SynthV:MejaisSoulstealer":12,"DaveBox":0,"Happy Flower":10,"RhineSuit":17,"Omamori":9,"FrostBlade":1,"Centennial Puzzle":6,"Bottled Flame":7,"SynthV:TestCard":1,"HornCleat":25,"Bronze Scales":13,"Unceasing Top":23},{"alterego_mod:MasochisticConstitution":0,"SynthV:MejaisSoulstealer":7,"DaveBox":0,"Happy Flower":6,"RhineSuit":10,"Omamori":5,"FrostBlade":1,"Centennial Puzzle":4,"Bottled Flame":5,"SynthV:TestCard":1,"HornCleat":15,"Bronze Scales":8,"Unceasing Top":13},{"alterego_mod:MasochisticConstitution":0,"SynthV:MejaisSoulstealer":30,"DaveBox":0,"Happy Flower":26,"RhineSuit":42,"Omamori":21,"FrostBlade":8,"Centennial Puzzle":17,"Bottled Flame":21,"SynthV:TestCard":8,"HornCleat":54,"Bronze Scales":35,"Unceasing Top":50}],"Unceasing Top":[1]},"card_choices":[{"not_picked":["alterego_mod:Rip","alterego_mod:Bounce"],"picked":"alterego_mod:IndependentAction","floor":1.0},{"not_picked":["alterego_mod:Bounce","alterego_mod:TrashNCrash","alterego_mod:HighServant","alterego_mod:Skirt"],"picked":"alterego_mod:Cycle","floor":3.0},{"not_picked":["alterego_mod:BeGentle","alterego_mod:TrashNCrash","alterego_mod:SakuraFive","alterego_mod:GoddessCore"],"picked":"alterego_mod:Undulate","floor":4.0},{"not_picked":["alterego_mod:BoobPocket","alterego_mod:Collar","alterego_mod:MagicResistance","alterego_mod:GoddessCore"],"picked":"alterego_mod:AlterEgo","floor":6.0},{"not_picked":["alterego_mod:BiFurious","alterego_mod:BreastValley","alterego_mod:Jiggle","alterego_mod:Clones"],"picked":"alterego_mod:DiscoLights","floor":7.0},{"not_picked":["alterego_mod:Jiggle","alterego_mod:DestructionOfProperty","alterego_mod:Undulate","alterego_mod:SakuraLabyrinth"],"picked":"alterego_mod:Cooking","floor":10.0},{"not_picked":["alterego_mod:BeGentle","alterego_mod:Bloomers","alterego_mod:MagicResistance","alterego_mod:RidiculouslyBig"],"picked":"alterego_mod:ChallengeComplete","floor":11.0},{"not_picked":["alterego_mod:Cooking","alterego_mod:PresenceConcealment","alterego_mod:Cushion","alterego_mod:MagicResistance"],"picked":"alterego_mod:TrickOrTreatment","floor":13.0},{"not_picked":["alterego_mod:Bloomers","alterego_mod:GoddessCore","alterego_mod:Skirt","alterego_mod:Table"],"picked":"alterego_mod:DeftHands","floor":14.0},{"not_picked":["alterego_mod:Rake","alterego_mod:ClassAdvantage","alterego_mod:VirginLaserPalladion","alterego_mod:Vow"],"picked":"alterego_mod:PainIsPleasure","floor":16.0},{"not_picked":["alterego_mod:SakuraFive","alterego_mod:MaintainEyeContact","alterego_mod:Mirror","alterego_mod:HighServant"],"picked":"alterego_mod:Collar","floor":18.0},{"not_picked":["alterego_mod:BiFurious","alterego_mod:Valentines","alterego_mod:MagicResistance+1","alterego_mod:TrashNCrash"],"picked":"alterego_mod:Punishment","floor":19.0},{"not_picked":["alterego_mod:ChallengeComplete","alterego_mod:Complex","alterego_mod:Stockings+1","alterego_mod:Lingerie"],"picked":"alterego_mod:Birthday","floor":23.0},{"not_picked":["alterego_mod:Undulate+1","alterego_mod:Cushion","alterego_mod:Maid+1","alterego_mod:DestructionOfProperty"],"picked":"alterego_mod:IdEs","floor":25.0}],"player_experience":424144,"relics_obtained":[{"floor":1.0,"key":"SynthV:TestCard"},{"floor":6.0,"key":"Centennial Puzzle"},{"floor":7.0,"key":"Bottled Flame"},{"floor":9.0,"key":"Omamori"},{"floor":10.0,"key":"Happy Flower"},{"floor":13.0,"key":"Bronze Scales"},{"floor":23.0,"key":"Unceasing Top"},{"floor":25.0,"key":"HornCleat"}],"event_choices":[],"is_beta":true,"boss_relics":[{"not_picked":["MoonlightInvasionPlan","Ectoplasm"],"picked":"RhineSuit"}],"items_purged_floors":[5],"is_endless":false,"potions_floor_spawned":[3,4,6,11,16,18,19,23,25],"killed_by":"Hallownest:eliteWatcherKnight","ascension_level":4}}