{"host":"qp7xs8nuzfsyommi","time":1614182392,"event":{"mods":["2.2 Compatiblity","BaseMod","Colored Powertips","DeckTracker","Highlight Path","Minty Spire (QoL Compilation)","Permanent Neow","Quick Restart","StSLib","Weighted Paths"],"gold_per_floor":[113,113,56,76,93,93,119,119,198,198,119,119,22,54,54,131,131,144,144,144,6,22,22,22],"floor_reached":23,"language":"ENG","playtime":748,"items_purged":[],"score":394,"play_id":"d207bfb3-7233-46d2-9306-2c17a33d0620","local_time":"20210224105952","is_ascension_mode":true,"campfire_choices":[{"data":"Coolheaded","floor":6.0,"key":"SMITH"},{"floor":8.0,"key":"REST"},{"data":"Hyperbeam","floor":10.0,"key":"SMITH"},{"data":"Panacea","floor":15.0,"key":"SMITH"}],"circlet_count":0,"master_deck":["AscendersBane","Dualcast","Coolheaded+1","Compile Driver","Melter","Hyperbeam+1","Chill","Panacea+1","Streamline","Core Surge","Double Energy","Capacitor","Core Surge","Coolheaded","Fusion","Fission","Genetic Algorithm","Recycle","Panacea+1","Ball Lightning"],"relics":["Cracked Core","NeowsBlessing","Regal Pillow","Toy Ornithopter","Mercury Hourglass","The Courier","Pandora\u0027s Box","DollysMirror"],"acts_visited":["Exordium","TheCity"],"potions_floor_usage":[],"damage_taken":[{"damage":0.0,"enemies":"2 Louse","floor":1.0,"turns":1.0},{"damage":0.0,"enemies":"Cultist","floor":4.0,"turns":1.0},{"damage":0.0,"enemies":"Small Slimes","floor":5.0,"turns":1.0},{"damage":47.0,"enemies":"Lagavulin","floor":7.0,"turns":11.0},{"damage":6.0,"enemies":"3 Sentries","floor":14.0,"turns":3.0},{"damage":49.0,"enemies":"Hexaghost","floor":16.0,"turns":10.0},{"damage":15.0,"enemies":"3 Byrds","floor":18.0,"turns":3.0},{"damage":0.0,"enemies":"Shell Parasite","floor":20.0,"turns":1.0},{"damage":23,"enemies":"Snecko","floor":22,"turns":5},{"damage":23,"enemies":"Shelled Parasite and Fungi","floor":23,"turns":1}],"seed_played":"-4056002361895609031","potions_obtained":[{"floor":4.0,"key":"SpeedPotion"},{"floor":7.0,"key":"Weak Potion"},{"floor":18.0,"key":"SmokeBomb"}],"is_trial":false,"path_per_floor":["M","?","$","M","M","R","E","R","T","R","$","?","$","E","R","B",null,"M","?","M","$","M","M"],"character_chosen":"DEFECT","items_purchased":["Compile Driver","Chill","Panacea","DollysMirror"],"campfire_rested":1,"item_purchase_floors":[3,11,13,21],"current_hp_per_floor":[64,64,64,64,64,64,17,53,53,53,53,53,53,47,47,3,54,39,39,44,44,21,0,0],"gold":22,"neow_bonus":"THREE_ENEMY_KILL","is_daily":false,"chose_seed":false,"campfire_upgraded":3,"win_rate":0.0,"timestamp":1614182392,"path_taken":["M","?","$","?","M","R","E","R","T","R","$","?","?","E","R","BOSS","M","?","M","$","M","M"],"items_purchased_type":["Card","Card","Card","Relic"],"build_version":"2020-12-22","purchased_purges":0,"victory":false,"max_hp_per_floor":[71,71,71,71,71,71,71,71,71,71,71,71,71,71,71,71,71,71,71,71,71,71,71,71],"card_choices":[{"not_picked":["Leap","Steam"],"picked":"Coolheaded","floor":1.0},{"not_picked":["Conserve Battery","Turbo"],"picked":"Melter","floor":4.0},{"not_picked":["Reprogram","Barrage","Stack"],"picked":"SKIP","floor":5.0},{"not_picked":["Melter","Streamline"],"picked":"Hyperbeam","floor":7.0},{"not_picked":["Reinforced Body","Lockon"],"picked":"Streamline","floor":14.0},{"not_picked":["Thunder Strike","Biased Cognition"],"picked":"Core Surge","floor":16.0},{"not_picked":["Go for the Eyes","Redo"],"picked":"Recycle","floor":18.0},{"not_picked":["Cold Snap","Skim"],"picked":"Ball Lightning","floor":22}],"player_experience":1497463,"relics_obtained":[{"floor":2.0,"key":"Regal Pillow"},{"floor":7.0,"key":"Toy Ornithopter"},{"floor":9.0,"key":"Mercury Hourglass"},{"floor":14.0,"key":"The Courier"}],"event_choices":[{"damage_healed":0.0,"max_hp_gain":0.0,"max_hp_loss":0.0,"gold_gain":0.0,"event_name":"Wheel of Change","player_choice":"Relic","floor":2.0,"gold_loss":0.0,"damage_taken":0.0},{"cards_removed":["Strike_B"],"damage_healed":0.0,"max_hp_gain":0.0,"max_hp_loss":0.0,"gold_gain":0.0,"event_name":"Bonfire Elementals","player_choice":"Offered Basic","floor":12.0,"gold_loss":0.0,"damage_taken":0.0},{"cards_removed":["Zap"],"damage_healed":0.0,"max_hp_gain":0.0,"max_hp_loss":0.0,"gold_gain":0.0,"event_name":"Purifier","player_choice":"Purged","floor":19.0,"gold_loss":0.0,"damage_taken":0.0}],"is_beta":false,"boss_relics":[{"not_picked":["SlaversCollar","Empty Cage"],"picked":"Pandora\u0027s Box"}],"items_purged_floors":[],"is_endless":false,"potions_floor_spawned":[4,7,18,20],"killed_by":"Shelled Parasite and Fungi","ascension_level":20}}