{"host":"w14xfy17z3c5mpoi","time":1614208474,"event":{"mods":["AchievementEnabler","BaseMod","Minty Spire (QoL Compilation)","Relic Stats"],"gold_per_floor":[162,180,200,211,20,57,57,91,91,113,132,171,171,193,193,273,273,294,316,330,349,376,376,398,398,398,418,448,34,34,54,54,54,54],"floor_reached":33,"language":"ENG","playtime":2590,"items_purged":["Strike_G"],"score":592,"play_id":"cc500ea9-5ea3-48c1-ba8a-bcb743412f66","local_time":"20210224181434","is_ascension_mode":true,"campfire_choices":[{"data":"Terror","floor":7,"key":"SMITH"},{"data":"Venomology","floor":13,"key":"SMITH"},{"floor":15,"key":"DIG"},{"floor":23,"key":"DIG"},{"floor":25,"key":"DIG"},{"floor":32,"key":"DIG"}],"circlet_count":0,"master_deck":["AscendersBane","Strike_G","Strike_G","Strike_G","Strike_G+1","Defend_G","Defend_G","Defend_G","Defend_G","Defend_G","Survivor","Neutralize","Poisoned Stab","Terror+1","Backflip","Dagger Throw","Predator","Venomology+1","Slice","Backstab+1","Quick Slash","Dagger Throw+1","Prepared","Dagger Spray","Unload","Acrobatics","Underhanded Strike","PiercingWail","Backflip","PiercingWail","Footwork","Dash","Escape Plan"],"relics":["Tiny House","CeramicFish","Shovel","Meat on the Bone","White Beast Statue","Paper Crane","Coffee Dripper","Boot","The Courier","Bottled Lightning","Whetstone","Nunchaku","Pen Nib","Centennial Puzzle"],"acts_visited":["Exordium","TheCity"],"potions_floor_usage":[6,6,8,10,11,12,12,14,14,16,16,18,19,19,20,20,21,21,21,22,24,24,27,27,27,28,28,31,31,31,33,33],"damage_taken":[{"damage":6,"enemies":"Cultist","floor":1,"turns":4},{"damage":1,"enemies":"2 Louse","floor":2,"turns":3},{"damage":0,"enemies":"Jaw Worm","floor":3,"turns":4},{"damage":6,"enemies":"Looter","floor":4,"turns":3},{"damage":17,"enemies":"Lagavulin","floor":6,"turns":7},{"damage":18,"enemies":"Gremlin Nob","floor":8,"turns":3},{"damage":5,"enemies":"Red Slaver","floor":10,"turns":3},{"damage":0,"enemies":"3 Louse","floor":11,"turns":2},{"damage":0,"enemies":"3 Sentries","floor":12,"turns":6},{"damage":33,"enemies":"Large Slime","floor":14,"turns":8},{"damage":24,"enemies":"Hexaghost","floor":16,"turns":9},{"damage":15,"enemies":"3 Byrds","floor":18,"turns":6},{"damage":7,"enemies":"Spheric Guardian","floor":19,"turns":4},{"damage":24,"enemies":"Shelled Parasite and Fungi","floor":20,"turns":6},{"damage":36,"enemies":"Snake Plant","floor":21,"turns":5},{"damage":13,"enemies":"Centurion and Healer","floor":22,"turns":5},{"damage":20,"enemies":"Shelled Parasite and Fungi","floor":24,"turns":4},{"damage":7,"enemies":"Cultist and Chosen","floor":27,"turns":4},{"damage":20,"enemies":"Slavers","floor":28,"turns":6},{"damage":0,"enemies":"3 Cultists","floor":31,"turns":4},{"damage":27,"enemies":"Collector","floor":33,"turns":4}],"seed_played":"4454516104278817655","potions_obtained":[{"floor":0,"key":"LiquidBronze"},{"floor":2,"key":"AttackPotion"},{"floor":4,"key":"DistilledChaos"},{"floor":8,"key":"ColorlessPotion"},{"floor":10,"key":"Fire Potion"},{"floor":12,"key":"PowerPotion"},{"floor":14,"key":"SteroidPotion"},{"floor":16,"key":"Energy Potion"},{"floor":18,"key":"Dexterity Potion"},{"floor":19,"key":"CunningPotion"},{"floor":20,"key":"AttackPotion"},{"floor":21,"key":"Strength Potion"},{"floor":22,"key":"LiquidMemories"},{"floor":24,"key":"Explosive Potion"},{"floor":27,"key":"Weak Potion"},{"floor":28,"key":"DistilledChaos"},{"floor":30,"key":"BlessingOfTheForge"},{"floor":31,"key":"Weak Potion"}],"is_trial":false,"path_per_floor":["M","M","M","M","$","E","R","E","T","M","M","E","R","M","R","B",null,"M","M","M","M","M","R","M","R","T","M","E","$","?","M","R","B"],"character_chosen":"THE_SILENT","items_purchased":["Venomology","Slice","Footwork","Dash","Nunchaku","Pen Nib"],"campfire_rested":0,"item_purchase_floors":[5,5,29,29,29,29],"current_hp_per_floor":[58,57,57,51,51,34,34,16,16,23,35,47,47,26,26,14,57,42,47,35,25,24,24,16,16,16,21,13,13,13,25,25,0,0],"gold":54,"neow_bonus":"BOSS_RELIC","is_daily":false,"chose_seed":false,"campfire_upgraded":2,"win_rate":0.0,"timestamp":1614208474,"path_taken":["M","M","M","M","$","E","R","E","T","M","M","E","R","M","R","BOSS","M","M","M","M","M","R","M","R","T","M","E","$","?","?","R","BOSS"],"items_purchased_type":["Card","Card","Card","Card","Relic","Relic"],"build_version":"2020-12-22","purchased_purges":1,"victory":false,"max_hp_per_floor":[71,71,71,71,71,71,71,71,71,71,71,71,71,71,71,71,71,71,71,71,71,71,71,71,71,71,71,71,71,71,71,71,71,71],"relic_stats":{"Nunchaku":[2],"Centennial Puzzle":[3],"Shovel":4,"counters":[21,100],"CeramicFish":126,"Pen Nib":[2],"Whetstone":["Dagger Throw","Backstab"],"Boot":[20],"obtain_stats":[{"Tiny House":0,"CeramicFish":6,"The Courier":25,"Pen Nib":29,"Whetstone":28,"Paper Crane":15,"Boot":23,"White Beast Statue":12,"Nunchaku":29,"Centennial Puzzle":32,"Shovel":8,"Coffee Dripper":17,"Bottled Lightning":26,"Ring of the Snake":0,"Meat on the Bone":9},{"Tiny House":0,"CeramicFish":5,"The Courier":17,"Pen Nib":19,"Whetstone":19,"Paper Crane":10,"Boot":16,"White Beast Statue":9,"Nunchaku":19,"Centennial Puzzle":20,"Shovel":6,"Coffee Dripper":11,"Bottled Lightning":17,"Ring of the Snake":0,"Meat on the Bone":6},{"Tiny House":0,"CeramicFish":21,"The Courier":82,"Pen Nib":92,"Whetstone":92,"Paper Crane":43,"Boot":78,"White Beast Statue":35,"Nunchaku":92,"Centennial Puzzle":96,"Shovel":24,"Coffee Dripper":52,"Bottled Lightning":82,"Ring of the Snake":0,"Meat on the Bone":24}],"Meat on the Bone":156},"card_choices":[{"not_picked":["Calculated Gamble","Acrobatics"],"picked":"Poisoned Stab","floor":0},{"not_picked":["Blade Dance","Deflect"],"picked":"Terror","floor":1},{"not_picked":["Dodge and Roll","Masterful Stab"],"picked":"Backflip","floor":2},{"not_picked":["Deflect","Backflip"],"picked":"Dagger Throw","floor":3},{"not_picked":["Deadly Poison","Blur"],"picked":"Predator","floor":4},{"not_picked":["Deadly Poison","Setup"],"picked":"Backstab","floor":6},{"not_picked":["Corpse Explosion","Skewer"],"picked":"Quick Slash","floor":8},{"not_picked":["Slice","Flying Knee"],"picked":"Dagger Throw","floor":10},{"not_picked":["Deadly Poison","Outmaneuver","Storm of Steel"],"picked":"SKIP","floor":11},{"not_picked":["Deflect","Dodge and Roll"],"picked":"Prepared","floor":12},{"not_picked":["Venomology","Outmaneuver"],"picked":"Dagger Spray","floor":14},{"not_picked":["Venomology","Tools of the Trade"],"picked":"Unload","floor":16},{"not_picked":["PiercingWail","Deadly Poison"],"picked":"Acrobatics","floor":18},{"not_picked":["Noxious Fumes","Poisoned Stab+1"],"picked":"Underhanded Strike","floor":19},{"not_picked":["Doppelganger","Dodge and Roll","Skewer"],"picked":"SKIP","floor":20},{"not_picked":["Flying Knee","Deadly Poison","Poisoned Stab"],"picked":"SKIP","floor":21},{"not_picked":["Dodge and Roll","Caltrops"],"picked":"PiercingWail","floor":22},{"not_picked":["Poisoned Stab","Riddle With Holes"],"picked":"Backflip","floor":24},{"not_picked":["Prepared","Distraction"],"picked":"PiercingWail","floor":27},{"not_picked":["Envenom","Deadly Poison","Well Laid Plans"],"picked":"SKIP","floor":28},{"not_picked":["Cloak And Dagger","Prepared"],"picked":"Escape Plan","floor":31}],"player_experience":806605,"relics_obtained":[{"floor":6,"key":"CeramicFish"},{"floor":8,"key":"Shovel"},{"floor":9,"key":"Meat on the Bone"},{"floor":12,"key":"White Beast Statue"},{"floor":15,"key":"Paper Crane"},{"floor":23,"key":"Boot"},{"floor":25,"key":"The Courier"},{"floor":26,"key":"Bottled Lightning"},{"floor":28,"key":"Whetstone"},{"floor":32,"key":"Centennial Puzzle"}],"event_choices":[{"damage_healed":0,"gold_gain":0,"player_choice":"Got Potions","damage_taken":0,"max_hp_gain":0,"max_hp_loss":0,"event_name":"Lab","floor":30,"gold_loss":0}],"is_beta":false,"boss_relics":[{"not_picked":["Black Star","Empty Cage"],"picked":"Coffee Dripper"}],"items_purged_floors":[29],"is_endless":false,"potions_floor_spawned":[2,4,8,10,12,14,16,18,19,20,21,22,24,27,28,31],"killed_by":"Collector","ascension_level":17}}