{"host":"f76wcztdlwlduum6","time":1614193537,"event":{"mods":["AchievementEnabler","BaseMod","BetterRewards","Colored Powertips","Minty Spire (QoL Compilation)","Quick Restart","Rare Cards Sparkle","Relic Stats","StSLib","SuperFastMode","everything is the same but u backflip on backflip"],"gold_per_floor":[114,125,138,155,171,205,205,236,273,312,336,358,397,428,440,529,541,573,597,619,642,674,720,732,732],"floor_reached":24,"language":"ENG","playtime":1462,"items_purged":["Strike_R","Strike_R"],"score":887,"play_id":"5cf7eb6f-789f-4909-8011-c741b0007f81","local_time":"20210224130537","is_ascension_mode":true,"campfire_choices":[{"data":"Power Through","floor":7,"key":"SMITH"},{"data":"Power Through","floor":15,"key":"SMITH"}],"circlet_count":0,"master_deck":["AscendersBane","Strike_R","Defend_R","Defend_R","Bash","Metallicize+1","Metallicize+1","Power Through+1","Fire Breathing","Fire Breathing","Feel No Pain","Power Through+1","Metallicize","Feel No Pain","Feel No Pain","Feel No Pain","Evolve+1","Fire Breathing","Power Through","Reaper","Dark Embrace"],"relics":["Burning Blood","HornCleat","Medical Kit","Bag of Marbles","MawBank","Lantern","Tiny Chest","Empty Cage","CaptainsWheel","Regal Pillow"],"acts_visited":["Exordium","TheCity"],"potions_floor_usage":[13,13],"damage_taken":[{"damage":0,"enemies":"Jaw Worm","floor":1,"turns":6},{"damage":5,"enemies":"Cultist","floor":2,"turns":5},{"damage":9,"enemies":"Small Slimes","floor":3,"turns":6},{"damage":3,"enemies":"2 Fungi Beasts","floor":4,"turns":7},{"damage":14,"enemies":"Red Slaver","floor":5,"turns":7},{"damage":0,"enemies":"Lagavulin","floor":6,"turns":7},{"damage":13,"enemies":"Gremlin Nob","floor":8,"turns":7},{"damage":9,"enemies":"3 Sentries","floor":10,"turns":5},{"damage":13,"enemies":"3 Louse","floor":11,"turns":5},{"damage":0,"enemies":"Exordium Wildlife","floor":12,"turns":5},{"damage":9,"enemies":"Gremlin Nob","floor":13,"turns":6},{"damage":19,"enemies":"Lots of Slimes","floor":14,"turns":5},{"damage":0,"enemies":"The Guardian","floor":16,"turns":9},{"damage":0,"enemies":"Spheric Guardian","floor":18,"turns":7},{"damage":36,"enemies":"3 Byrds","floor":19,"turns":7},{"damage":4,"enemies":"Sentry and Sphere","floor":20,"turns":6},{"damage":0,"enemies":"Snecko","floor":21,"turns":6},{"damage":21,"enemies":"Shelled Parasite and Fungi","floor":22,"turns":8},{"damage":44,"enemies":"Gremlin Leader","floor":23,"turns":8},{"damage":22,"enemies":"3 Cultists","floor":24,"turns":4}],"seed_played":"1687715625999938388","potions_obtained":[{"floor":1,"key":"SteroidPotion"},{"floor":2,"key":"Dexterity Potion"},{"floor":11,"key":"EntropicBrew"},{"floor":12,"key":"CultistPotion"}],"is_trial":false,"path_per_floor":["M","M","M","M","M","E","R","E","T","E","M","M","E","M","R","B",null,"M","M","M","M","M","E","M"],"character_chosen":"IRONCLAD","items_purchased":["Power Through","HornCleat","Fire Breathing","Fire Breathing","Medical Kit","Feel No Pain","Power Through","Metallicize","Feel No Pain"],"campfire_rested":0,"item_purchase_floors":[0,0,0,0,0,0,0,0,0],"current_hp_per_floor":[27,28,25,28,20,26,26,19,19,16,29,35,32,19,19,25,63,69,45,51,57,42,22,0,0],"gold":732,"neow_bonus":"","is_daily":false,"chose_seed":false,"campfire_upgraded":2,"win_rate":0.0,"timestamp":1614193537,"path_taken":["M","M","M","M","M","E","R","E","T","E","M","M","E","M","R","BOSS","M","M","M","M","M","E","M"],"items_purchased_type":["Card","Relic","Card","Card","Relic","Card","Card","Card","Card"],"build_version":"2020-12-22","purchased_purges":2,"victory":false,"max_hp_per_floor":[75,75,75,75,75,75,75,75,75,75,75,75,75,75,75,75,75,75,75,75,75,75,75,75,75],"relic_stats":{"Regal Pillow":0,"counters":[138,528],"Tiny Chest":0,"Medical Kit":[127],"MawBank":192,"obtain_stats":[{"Ice Cream":44,"Calipers":4,"Gremlin Horn":9,"CeramicFish":39,"Vajra":7,"Whetstone":30,"Ginger":13,"Bottled Tornado":12,"Boot":39,"Blood Vial":53,"Sozu":17,"Centennial Puzzle":55,"HornCleat":0,"Sundial":26,"DollysMirror":0,"Strawberry":53,"Philosopher\u0027s Stone":34,"MealTicket":42,"Prayer Wheel":0,"Necronomicon":20,"Kunai":30,"Toxic Egg 2":0,"Girya":39,"Pear":0,"Happy Flower":39,"Astrolabe":34,"Blue Candle":54,"Oddly Smooth Stone":22,"Pen Nib":39,"War Paint":0,"Question Card":40,"Akabeko":27,"Du-Vu Doll":25,"OrangePellets":0,"SlaversCollar":17,"Bottled Flame":43,"Shuriken":46,"Bird Faced Urn":39,"Bronze Scales":43,"MutagenicStrength":31,"Molten Egg 2":0,"Pandora\u0027s Box":0,"StrikeDummy":39,"Unceasing Top":31,"Pocketwatch":39,"Lantern":0,"Regal Pillow":23,"Torii":39,"StoneCalendar":39,"Bag of Preparation":0,"Juzu Bracelet":0,"Incense Burner":22,"TeardropLocket":0,"Empty Cage":17,"Ancient Tea Set":42,"PrismaticShard":0,"Smiling Mask":26,"Nunchaku":39,"Dream Catcher":6,"Shovel":39,"TheAbacus":0,"Matryoshka":28,"Mummified Hand":42,"Pantograph":34,"Toolbox":53,"Tiny Chest":13,"Red Mask":19,"InkBottle":22,"Potion Belt":13,"Lee\u0027s Waffle":14,"Golden Idol":11,"Damaru":40,"Thread and Needle":28,"PreservedInsect":23,"The Courier":38,"Omamori":3,"Odd Mushroom":11,"Orichalcum":0,"Frozen Egg 2":6,"Medical Kit":39,"MawBank":8,"Calling Bell":34,"Anchor":6,"CaptainsWheel":20,"Ornamental Fan":23,"Coffee Dripper":17,"Bag of Marbles":48,"Art of War":26,"Membership Card":0,"Bottled Lightning":11,"Champion Belt":25,"PureWater":0,"FossilizedHelix":39,"Toy Ornithopter":54},{"Ice Cream":20,"Calipers":2,"Gremlin Horn":97,"CeramicFish":16,"Vajra":60,"Whetstone":41,"Ginger":98,"Bottled Tornado":4,"Boot":16,"Blood Vial":23,"Sozu":66,"Centennial Puzzle":90,"HornCleat":25,"Sundial":12,"DollysMirror":25,"Strawberry":23,"Philosopher\u0027s Stone":14,"MealTicket":49,"Prayer Wheel":55,"Necronomicon":8,"Kunai":13,"Toxic Egg 2":0,"Girya":111,"Pear":25,"Happy Flower":16,"Astrolabe":78,"Blue Candle":89,"Oddly Smooth Stone":37,"Pen Nib":16,"War Paint":25,"Question Card":17,"Akabeko":40,"Du-Vu Doll":12,"OrangePellets":0,"SlaversCollar":100,"Bottled Flame":49,"Shuriken":21,"Bird Faced Urn":16,"Bronze Scales":19,"MutagenicStrength":107,"Molten Egg 2":0,"Pandora\u0027s Box":55,"StrikeDummy":16,"Unceasing Top":41,"Pocketwatch":16,"Lantern":0,"Regal Pillow":137,"Torii":16,"StoneCalendar":16,"Bag of Preparation":0,"Juzu Bracelet":0,"Incense Burner":9,"TeardropLocket":0,"Empty Cage":6,"Ancient Tea Set":19,"PrismaticShard":55,"Smiling Mask":105,"Nunchaku":16,"Dream Catcher":96,"Shovel":16,"TheAbacus":25,"Matryoshka":40,"Mummified Hand":19,"Pantograph":108,"Toolbox":53,"Tiny Chest":129,"Red Mask":8,"InkBottle":9,"Potion Belt":5,"Lee\u0027s Waffle":32,"Golden Idol":97,"Damaru":47,"Thread and Needle":76,"PreservedInsect":10,"The Courier":16,"Omamori":1,"Odd Mushroom":4,"Orichalcum":25,"Frozen Egg 2":29,"Medical Kit":16,"MawBank":125,"Calling Bell":108,"Anchor":3,"CaptainsWheel":134,"Ornamental Fan":38,"Coffee Dripper":33,"Bag of Marbles":52,"Art of War":74,"Membership Card":0,"Bottled Lightning":31,"Champion Belt":105,"PureWater":0,"FossilizedHelix":16,"Toy Ornithopter":24},{"Ice Cream":66,"Calipers":8,"Gremlin Horn":292,"CeramicFish":54,"Vajra":189,"Whetstone":136,"Ginger":297,"Bottled Tornado":17,"Boot":54,"Blood Vial":79,"Sozu":205,"Centennial Puzzle":271,"HornCleat":89,"Sundial":38,"DollysMirror":89,"Strawberry":79,"Philosopher\u0027s Stone":46,"MealTicket":157,"Prayer Wheel":176,"Necronomicon":29,"Kunai":42,"Toxic Egg 2":0,"Girya":351,"Pear":89,"Happy Flower":54,"Astrolabe":233,"Blue Candle":268,"Oddly Smooth Stone":127,"Pen Nib":54,"War Paint":89,"Question Card":59,"Akabeko":134,"Du-Vu Doll":38,"OrangePellets":0,"SlaversCollar":305,"Bottled Flame":157,"Shuriken":72,"Bird Faced Urn":54,"Bronze Scales":65,"MutagenicStrength":334,"Molten Egg 2":0,"Pandora\u0027s Box":176,"StrikeDummy":54,"Unceasing Top":136,"Pocketwatch":54,"Lantern":0,"Regal Pillow":524,"Torii":54,"StoneCalendar":54,"Bag of Preparation":0,"Juzu Bracelet":0,"Incense Burner":31,"TeardropLocket":0,"Empty Cage":23,"Ancient Tea Set":65,"PrismaticShard":176,"Smiling Mask":326,"Nunchaku":54,"Dream Catcher":290,"Shovel":54,"TheAbacus":89,"Matryoshka":134,"Mummified Hand":65,"Pantograph":341,"Toolbox":167,"Tiny Chest":468,"Red Mask":29,"InkBottle":31,"Potion Belt":20,"Lee\u0027s Waffle":111,"Golden Idol":292,"Damaru":154,"Thread and Needle":229,"PreservedInsect":33,"The Courier":54,"Omamori":6,"Odd Mushroom":17,"Orichalcum":89,"Frozen Egg 2":100,"Medical Kit":54,"MawBank":447,"Calling Bell":341,"Anchor":14,"CaptainsWheel":499,"Ornamental Fan":129,"Coffee Dripper":114,"Bag of Marbles":160,"Art of War":226,"Membership Card":0,"Bottled Lightning":107,"Champion Belt":326,"PureWater":0,"FossilizedHelix":54,"Toy Ornithopter":83}],"Burning Blood":114},"card_choices":[{"not_picked":["Clash","Infernal Blade","Sword Boomerang"],"picked":"SKIP","floor":1},{"not_picked":["Heavy Blade","Flex","Rampage"],"picked":"SKIP","floor":2},{"not_picked":["Clash","Cleave"],"picked":"Feel No Pain","floor":3},{"not_picked":["Flame Barrier","Fire Breathing"],"picked":"Feel No Pain","floor":4},{"not_picked":["Thunderclap","Sever Soul","Wild Strike"],"picked":"SKIP","floor":5},{"not_picked":["Flex","Uppercut"],"picked":"Fire Breathing","floor":6},{"not_picked":["Heavy Blade","Sword Boomerang","Iron Wave"],"picked":"SKIP","floor":8},{"not_picked":["Thunderclap","Inflame","Whirlwind"],"picked":"SKIP","floor":10},{"not_picked":["Cleave","Pommel Strike","Seeing Red"],"picked":"SKIP","floor":11},{"not_picked":["Double Tap","Shockwave"],"picked":"Power Through","floor":12},{"not_picked":["Whirlwind","Bludgeon","Clash"],"picked":"SKIP","floor":13},{"not_picked":["Havoc","Sentinel","Whirlwind"],"picked":"SKIP","floor":14},{"not_picked":["Limit Break","Feed"],"picked":"Reaper","floor":16},{"not_picked":["Sword Boomerang","Combust+1","Clash+1"],"picked":"SKIP","floor":18},{"not_picked":["Havoc","True Grit","Inflame"],"picked":"SKIP","floor":19},{"not_picked":["Pommel Strike","Clash","Thunderclap"],"picked":"SKIP","floor":20},{"not_picked":["Burning Pact","Heavy Blade"],"picked":"Dark Embrace","floor":21},{"not_picked":["Iron Wave","Infernal Blade","Entrench"],"picked":"SKIP","floor":22},{"not_picked":["Iron Wave+1","Whirlwind","Thunderclap"],"picked":"SKIP","floor":23}],"player_experience":386090,"relics_obtained":[{"floor":6,"key":"Bag of Marbles"},{"floor":8,"key":"MawBank"},{"floor":10,"key":"Lantern"},{"floor":13,"key":"Tiny Chest"},{"floor":23,"key":"Regal Pillow"}],"event_choices":[],"is_beta":false,"boss_relics":[{"not_picked":["Pandora\u0027s Box","Runic Cube"],"picked":"Empty Cage"}],"items_purged_floors":[0,0],"is_endless":false,"potions_floor_spawned":[1,2,5,11,12,13,16,19,20,23],"killed_by":"3 Cultists","ascension_level":20}}