{"host":"kpcx2wrn7eq3nf7c","time":1614182327,"event":{"mods":["ATMod(∞¢Ë™Mod)","Act Like it!","BaseMod","CapriCore","Downfall","Friendly Minions","Gensokyo","Marisa£®ÏF”Í°°ƒß¿Ì…≥£©","Minty Spire (QoL Compilation)","Remilia£®¿Ÿ√◊¿Ú—«£©","Robot Space Explorer","StSLib","The Animator","The Immortal","The Marked","The Servant 0.9.4","Together in Spire","Waifu the Spire","Youmu£®ªÍ∆«—˝√Œ£©"],"gold_per_floor":[99,99,99,112,128,128,128,141,141,141,155,155,165,175,191,191,191,191],"floor_reached":16,"language":"ZHS","playtime":1166,"items_purged":[],"score":94,"play_id":"e8c6828c-e33e-45b4-8a51-83586a995b90","local_time":"20210224235847","is_ascension_mode":false,"campfire_choices":[{"data":"Guardian:CurlUp","floor":1,"key":"SMITH"},{"data":"Guardian:Repulse","floor":6,"key":"SMITH"},{"data":"Guardian:TemporalShield","floor":9,"key":"SMITH"},{"floor":12,"key":"RECALL"}],"circlet_count":0,"master_deck":["Guardian:Strike_Guardian","Guardian:Strike_Guardian","Guardian:Strike_Guardian","Guardian:Strike_Guardian","Guardian:Defend_Guardian","Guardian:Defend_Guardian","Guardian:Defend_Guardian","Guardian:Defend_Guardian","Guardian:CurlUp+1","Guardian:Reroute","Guardian:Planning","Guardian:Repulse+1","Guardian:TemporalShield+1","Pain","Guardian:ShieldSpikes","Guardian:Gem_Lightblue","Guardian:StasisField","Guardian:Planning"],"relics":["Guardian:ModeShifter","AT_ATBox","Gensokyo:Mercy","Gensokyo:LunaticRedEyes"],"acts_visited":["Gensokyo:Gensokyo"],"potions_floor_usage":[],"damage_taken":[{"damage":1,"enemies":"Gensokyo:3_Fairies","floor":4,"turns":5},{"damage":2,"enemies":"Gensokyo:2_Kodama","floor":5,"turns":4},{"damage":4,"enemies":"Gensokyo:Gryphon","floor":8,"turns":4},{"damage":1,"enemies":"Gensokyo:VengefulSpirit","floor":11,"turns":5},{"damage":0,"enemies":"Gensokyo:Python_and_Kodama","floor":13,"turns":5},{"damage":11,"enemies":"Gensokyo:2_Rabbits","floor":14,"turns":6},{"damage":3,"enemies":"Gensokyo:Kitsune","floor":15,"turns":3},{"damage":73,"enemies":"DF_ARCHETYPE_STREAMLINE","floor":16,"turns":14}],"seed_played":"495989520539549320","potions_obtained":[{"floor":8,"key":"Fire Potion"},{"floor":11,"key":"GamblersBrew"},{"floor":13,"key":"ColorlessPotion"},{"floor":15,"key":"Dexterity Potion"}],"is_trial":false,"path_per_floor":["R","?","?","M","M","R","T","M","R","?","M","R","M","M","M","B"],"character_chosen":"GUARDIAN","items_purchased":[],"campfire_rested":0,"item_purchase_floors":[],"current_hp_per_floor":[88,88,88,87,85,85,85,81,81,81,80,80,80,69,66,0,0,0],"gold":191,"neow_bonus":"TEN_PERCENT_HP_BONUS","is_daily":false,"chose_seed":false,"campfire_upgraded":3,"win_rate":0.0,"timestamp":1614182327,"path_taken":["R","?","?","M","M","R","T","M","R","?","M","R","?","M","M","BOSS"],"items_purchased_type":[],"build_version":"2020-12-22","purchased_purges":0,"victory":false,"max_hp_per_floor":[88,88,88,88,88,88,88,88,88,88,88,88,88,88,88,88,88,88],"card_choices":[{"not_picked":["Guardian:Recover","Guardian:VentSteam"],"picked":"Guardian:Reroute","floor":3},{"not_picked":["Guardian:RollAttack","Guardian:Recover"],"picked":"Guardian:Planning","floor":3},{"not_picked":["Guardian:TemporalShield","Guardian:DonusPower"],"picked":"Guardian:Repulse","floor":4},{"not_picked":["Guardian:CrystalBeam","Guardian:ShieldSpikes"],"picked":"Guardian:Gem_Yellow","floor":5},{"not_picked":["Guardian:EvasiveProtocol","Guardian:Incinerate"],"picked":"Guardian:TemporalShield","floor":8},{"not_picked":["Guardian:MultiBeam","Guardian:ShieldCharger"],"picked":"Guardian:ShieldSpikes","floor":11},{"not_picked":["Guardian:WalkerClaw","Guardian:BronzeOrb"],"picked":"Guardian:Gem_Lightblue","floor":13},{"not_picked":["Guardian:ChargeCore","Guardian:Repulse"],"picked":"Guardian:StasisField","floor":14},{"not_picked":["Guardian:VentSteam","Guardian:ArmoredProtocol"],"picked":"Guardian:Planning","floor":15}],"player_experience":1361373,"relics_obtained":[],"event_choices":[],"is_beta":false,"boss_relics":[],"items_purged_floors":[],"is_endless":false,"potions_floor_spawned":[8,11,13,15],"killed_by":"DF_ARCHETYPE_STREAMLINE","ascension_level":0}}