{"host":"36qke0usa4c48kdx","time":1614168796,"event":{"mods":["AchievementEnabler","BaseMod","Colored Map","Downfall","Hermit","Hubris","Marisa????????","Minty Spire (QoL Compilation)","READ ME - Guardian Mod","Replay The Spire","Shop Mod","StSLib","The Bug Knight","The Cursed","The Disciple","The Servant 0.9.4"],"gold_per_floor":[109,157,157,10,24,55,55,74,154,154,154,188,363,379,379,480,480,495,238,238,273,273,287,319,319,344,375,375,475,488,488,488,589,589,605,605,139,159,179,179,191,191,245,277,294,308,358,421,421,439,439,439,78,102,102],"floor_reached":54,"language":"ENG","playtime":3158,"items_purged":["Defend_R","Strike_R","Normality","Delirium"],"score":1270,"play_id":"948e8eb1-58ad-4978-be49-0fb92c5cf952","local_time":"20210224131316","is_ascension_mode":true,"campfire_choices":[{"data":"Fire Breathing","floor":7.0,"key":"SMITH"},{"floor":10.0,"key":"REST"},{"data":"Limit Break","floor":15.0,"key":"SMITH"},{"data":"Double Tap","floor":25.0,"key":"SMITH"},{"floor":28.0,"key":"REST"},{"data":"Heavy Blade","floor":32.0,"key":"SMITH"},{"floor":40.0,"key":"REST"},{"data":"Demon Form","floor":42.0,"key":"SMITH"},{"floor":49.0,"key":"RECALL"},{"data":"Brutality","floor":52,"key":"SMITH"}],"circlet_count":0,"master_deck":["Strike_R","Strike_R","Strike_R+1","Strike_R+1","Defend_R","Defend_R","Defend_R","Bash","Cleave","Cleave","Battle Trance","Fire Breathing+1","Thunderclap","Spot Weakness+1","Limit Break+1","Hemogenesis","Double Tap+1","Pummel","downfall:Bewildered","Pommel Strike","True Grit+1","Heavy Blade+1","Impervious","Regret","hubris:Disease","Demon Form+1","ReplayTheSpireMod:Strike From Hell+1","ReplayTheSpireMod:Doomed","Reaper","Replay:Undeath\u0027s Touch+1","Flex","Ghostly Armor+1","Injury","Overencumbered","Brutality+1","Flame Barrier","Inflame","Hallucinations","Sentinel+1","Clumsy","downfall:Icky","Spreading Infection","Pummel+1"],"relics":["Burning Blood","NeowsBlessing","Omamori","hubris:FunFungus","hubris:CrystalStatue","Dream Catcher","hubris:PeanutButter","hubris:CrackedHourglass","ClockworkSouvenir","sneckomod:BabySnecko","Red Mask","Gremlin Horn","Blue Doll","downfall:ExtraCursedKey","Shuriken","Mark of Pain","hubris:IronBody","BargainBundle","MealTicket","Incense Burner","Ring of Greed","The Courier","Replay:Bandana","Ring of Panic","Replay:WaspNest"],"acts_visited":["Exordium","TheCity","TheBeyond","TheEnding"],"potions_floor_usage":[54],"damage_taken":[{"damage":0.0,"enemies":"Jaw Worm","floor":1.0,"turns":1.0},{"damage":0.0,"enemies":"Small Slimes","floor":5.0,"turns":1.0},{"damage":0.0,"enemies":"3 Sentries","floor":6.0,"turns":1.0},{"damage":0.0,"enemies":"2 Louse","floor":8.0,"turns":2.0},{"damage":19.0,"enemies":"Lagavulin","floor":12.0,"turns":4.0},{"damage":0.0,"enemies":"Looter","floor":14.0,"turns":2.0},{"damage":21.0,"enemies":"Fading Forest","floor":16.0,"turns":11.0},{"damage":22.0,"enemies":"Spheric Guardian","floor":18.0,"turns":4.0},{"damage":27.0,"enemies":"Masked Bandits","floor":21.0,"turns":4.0},{"damage":10.0,"enemies":"Snecko","floor":23.0,"turns":4.0},{"damage":1.0,"enemies":"Replay:Snechameleon","floor":24.0,"turns":4.0},{"damage":31.0,"enemies":"HollowMod:Nosk","floor":27.0,"turns":6.0},{"damage":7.0,"enemies":"Chosen and Byrds","floor":30.0,"turns":4.0},{"damage":35.0,"enemies":"Automaton","floor":33.0,"turns":6.0},{"damage":30.0,"enemies":"3 Shapes","floor":35.0,"turns":3.0},{"damage":11.0,"enemies":"Orb Walker","floor":38.0,"turns":3.0},{"damage":66.0,"enemies":"Maw","floor":39.0,"turns":7.0},{"damage":28.0,"enemies":"3 Darklings","floor":41.0,"turns":4.0},{"damage":27.0,"enemies":"Nemesis","floor":44.0,"turns":5.0},{"damage":21.0,"enemies":"Jaw Worm Horde","floor":45.0,"turns":4.0},{"damage":0.0,"enemies":"4 Shapes","floor":46.0,"turns":2.0},{"damage":32.0,"enemies":"Sphere and 2 Shapes","floor":48.0,"turns":4.0},{"damage":59,"enemies":"Time Eater","floor":50,"turns":9},{"damage":96,"enemies":"Shield and Spear","floor":54,"turns":4}],"seed_played":"-8027496974056151481","potions_obtained":[{"floor":1.0,"key":"HeartOfIron"},{"floor":2.0,"key":"SteroidPotion"},{"floor":12.0,"key":"AttackPotion"},{"floor":14.0,"key":"hexamod:SoulburnPotion"},{"floor":16.0,"key":"CultistPotion"},{"floor":27.0,"key":"FearPotion"},{"floor":30.0,"key":"BloodPotion"},{"floor":33.0,"key":"GamblersBrew"},{"floor":35.0,"key":"LiquidMemories"},{"floor":38.0,"key":"SteroidPotion"},{"floor":44.0,"key":"Strength Potion"},{"floor":45.0,"key":"Reflective Coating"}],"is_trial":false,"path_per_floor":["M","?","?","$","M","E","R","M","T","R","?","E","?","M","R","B",null,"M","$","?","?","?","M","E","R","T","E","R","?","M","T","R","B",null,"M","?","$","M","M","R","M","R","T","E","M","M","?","M","R","B",null,"R","$","E"],"character_chosen":"IRONCLAD","items_purchased":["Battle Trance","ClockworkSouvenir","hubris:IronBody","BargainBundle","Replay:Undeath\u0027s Touch+1","Flex","Replay:WaspNest","Pummel+1"],"campfire_rested":3,"item_purchase_floors":[4,19,37,37,37,37,53,53],"current_hp_per_floor":[78,46,30,30,36,42,42,48,48,72,72,59,59,65,65,51,73,58,58,58,48,48,50,63,63,63,38,62,67,72,72,72,65,80,66,66,66,64,47,72,51,51,51,42,34,64,64,59,59,41,74,74,85,0,0],"gold":102,"neow_bonus":"THREE_ENEMY_KILL","is_daily":false,"chose_seed":false,"campfire_upgraded":6,"win_rate":0.0,"timestamp":1614168796,"path_taken":["M","?","?","$","M","E","R","M","T","R","?","E","?","?","R","BOSS","M","$","?","?","?","M","E","R","T","E","R","?","M","?","R","BOSS","M","?","?","M","M","R","M","R","T","E","M","M","?","M","R","BOSS","R","$","E"],"items_purchased_type":["Card","Relic","Relic","Relic","Card","Card","Relic","Card"],"build_version":"2020-12-22","purchased_purges":4,"victory":false,"max_hp_per_floor":[80,80,80,80,80,80,80,80,80,80,80,80,80,80,80,80,80,80,80,80,80,80,80,80,80,80,80,80,85,85,85,85,85,85,85,85,85,85,85,85,85,85,85,85,85,85,85,85,85,85,85,85,85,85,85],"card_choices":[{"not_picked":["Rampage","Iron Wave","Perfected Strike"],"picked":"SKIP","floor":1.0},{"not_picked":["Headbutt","Sword Boomerang"],"picked":"Cleave","floor":2.0},{"not_picked":["Heavy Blade","ReplayTheSpireMod:Stacked"],"picked":"Cleave","floor":2.0},{"not_picked":["Sever Soul","Perfected Strike"],"picked":"Fire Breathing","floor":5.0},{"not_picked":["Iron Wave","Warcry"],"picked":"Thunderclap","floor":6.0},{"not_picked":["Flame Barrier","Run Through"],"picked":"Spot Weakness","floor":8.0},{"not_picked":["Burning Pact","Warcry"],"picked":"Limit Break","floor":12.0},{"not_picked":["Pommel Strike","Replay:Undeath\u0027s Touch"],"picked":"Hemogenesis","floor":14.0},{"not_picked":["Corruption","Reaper"],"picked":"Double Tap","floor":16.0},{"not_picked":["ReplayTheSpireMod:Strike From Hell","Run Through"],"picked":"Pummel","floor":18.0},{"not_picked":["Warcry","Cleave"],"picked":"Pommel Strike","floor":23.0},{"not_picked":["Blood for Blood","Iron Wave"],"picked":"True Grit+1","floor":24.0},{"not_picked":["hubris:SharpeningStone+1","Thunderclap"],"picked":"Heavy Blade","floor":27.0},{"not_picked":["Spot Weakness+1","Twin Strike"],"picked":"Impervious","floor":28.0},{"not_picked":["Spot Weakness","Bloodletting"],"picked":"ReplayTheSpireMod:Strike From Hell+1","floor":30.0},{"not_picked":["Feed","Exhume"],"picked":"Reaper","floor":33.0},{"not_picked":["ReplayTheSpireMod:Stacked","Seeing Red","Blood for Blood"],"picked":"SKIP","floor":35.0},{"not_picked":["Burning Pact","Whirlwind","hubris:CleavingFinish"],"picked":"SKIP","floor":38.0},{"not_picked":["Replay:Undeath\u0027s Touch+1","Run Through+1"],"picked":"Ghostly Armor+1","floor":39.0},{"not_picked":["Dual Wield+1","Cleave","Perfected Strike"],"picked":"SKIP","floor":41.0},{"not_picked":["hubris:CleavingFinish","Hemokinesis"],"picked":"Brutality","floor":44.0},{"not_picked":["Dropkick","True Grit+1"],"picked":"Flame Barrier","floor":45.0},{"not_picked":["ReplayTheSpireMod:Muscle Training","Pommel Strike+1"],"picked":"Inflame","floor":46.0},{"not_picked":["Cleave","hubris:CleavingFinish"],"picked":"Sentinel+1","floor":48.0}],"player_experience":796552,"relics_obtained":[{"floor":2.0,"key":"Omamori"},{"floor":6.0,"key":"hubris:FunFungus"},{"floor":9.0,"key":"hubris:CrystalStatue"},{"floor":12.0,"key":"hubris:PeanutButter"},{"floor":21.0,"key":"Red Mask"},{"floor":24.0,"key":"Gremlin Horn"},{"floor":27.0,"key":"Blue Doll"},{"floor":31.0,"key":"Shuriken"},{"floor":43.0,"key":"MealTicket"},{"floor":44.0,"key":"Incense Burner"},{"floor":47.0,"key":"Ring of Greed"},{"floor":47.0,"key":"The Courier"},{"floor":47.0,"key":"Replay:Bandana"},{"floor":47.0,"key":"Ring of Panic"}],"event_choices":[{"damage_healed":0.0,"max_hp_gain":0.0,"max_hp_loss":0.0,"gold_gain":0.0,"event_name":"Shining Light","player_choice":"Entered Light","floor":3.0,"gold_loss":0.0,"damage_taken":16.0,"cards_upgraded":["Strike_R","Strike_R"]},{"damage_healed":0.0,"max_hp_gain":0.0,"max_hp_loss":0.0,"gold_gain":0.0,"event_name":"Big Fish","player_choice":"Box","floor":11.0,"gold_loss":0.0,"damage_taken":0.0,"relics_obtained":["Dream Catcher"],"cards_obtained":["Regret"]},{"damage_healed":0.0,"max_hp_gain":0.0,"max_hp_loss":0.0,"gold_gain":175.0,"event_name":"Liars Game","player_choice":"AGREE","floor":13.0,"gold_loss":0.0,"damage_taken":0.0,"cards_obtained":["Doubt"]},{"damage_healed":0.0,"max_hp_gain":0.0,"max_hp_loss":0.0,"gold_gain":0.0,"event_name":"Masked Bandits","player_choice":"Fought Bandits","floor":21.0,"gold_loss":0.0,"damage_taken":0.0},{"damage_healed":0.0,"max_hp_gain":0.0,"max_hp_loss":0.0,"gold_gain":0.0,"event_name":"SecretPortal","player_choice":"Ignored","floor":36.0,"gold_loss":0.0,"damage_taken":0.0}],"is_beta":false,"boss_relics":[{"not_picked":["Ring of Chaos","Empty Cage"],"picked":"hubris:CrackedHourglass"},{"not_picked":["SacredBark","Busted Crown"],"picked":"Mark of Pain"}],"items_purged_floors":[4,19,37,53],"is_endless":false,"potions_floor_spawned":[1,12,14,16,18,27,30,33,35,38,44,45],"killed_by":"Shield and Spear","ascension_level":9}}