{"host":"qc268ltokmxwqyrx","time":1614152204,"event":{"mods":["BaseMod","Colored Map","Minty Spire (QoL Compilation)","Relic Stats","Slay the Relics Exporter","StSLib","ojb\u0027s Info Mod"],"gold_per_floor":[115,129,141,141,141,141,182,210,235,255,9,9,9,59,59,139,166,195,210,210,238,238,280,280,316,391,419,433,189,212,255,255,336,336,348,376,430,439,354,386,386,608,634,634,671,671,707,727,727,727,727,727],"floor_reached":51,"language":"ENG","playtime":3637,"items_purged":["Strike_G","Defend_G","Writhe"],"score":1571,"play_id":"7304117d-ca66-4457-977a-67256b2ee7b8","local_time":"20210224013644","is_ascension_mode":true,"campfire_choices":[{"data":"Choke","floor":6.0,"key":"SMITH"},{"data":"Leg Sweep","floor":12.0,"key":"SMITH"},{"data":"Underhanded Strike","floor":15.0,"key":"SMITH"},{"floor":24.0,"key":"REST"},{"data":"Wraith Form v2","floor":32.0,"key":"SMITH"},{"data":"1","floor":41.0,"key":"LIFT"},{"floor":44.0,"key":"RECALL"},{"floor":49,"key":"REST"}],"circlet_count":0,"master_deck":["AscendersBane","Defend_G","Defend_G","Survivor","Neutralize","Poisoned Stab","Underhanded Strike+1","Choke+1","Leg Sweep+1","Tactician","After Image","Wraith Form v2+1","Heel Hook+1","Backflip+1","Deadly Poison+1","Skewer","Acrobatics","Calculated Gamble+1","Calculated Gamble","Dash","Bouncing Flask","Concentrate+1","Bullet Time","Caltrops","Acrobatics","Expertise","Reflex","Crippling Poison+1","Well Laid Plans"],"relics":["Snecko Eye","CeramicFish","Bronze Scales","Lee\u0027s Waffle","Astrolabe","Smiling Mask","Gremlin Horn","Membership Card","Red Mask","SlaversCollar","Girya","Juzu Bracelet","Nunchaku","Shovel","Strawberry"],"acts_visited":["Exordium","TheCity","TheBeyond"],"potions_floor_usage":[51],"damage_taken":[{"damage":1.0,"enemies":"Cultist","floor":1.0,"turns":5.0},{"damage":4.0,"enemies":"Small Slimes","floor":2.0,"turns":4.0},{"damage":4.0,"enemies":"Jaw Worm","floor":3.0,"turns":2.0},{"damage":32.0,"enemies":"Lagavulin","floor":7.0,"turns":7.0},{"damage":0.0,"enemies":"Looter","floor":8.0,"turns":3.0},{"damage":6.0,"enemies":"Red Slaver","floor":10.0,"turns":3.0},{"damage":3.0,"enemies":"Slime Boss","floor":16.0,"turns":7.0},{"damage":0.0,"enemies":"2 Thieves","floor":18.0,"turns":4.0},{"damage":1.0,"enemies":"Shell Parasite","floor":19.0,"turns":3.0},{"damage":17.0,"enemies":"Sentry and Sphere","floor":21.0,"turns":6.0},{"damage":28.0,"enemies":"Gremlin Leader","floor":23.0,"turns":6.0},{"damage":13.0,"enemies":"Book of Stabbing","floor":25.0,"turns":5.0},{"damage":0.0,"enemies":"Snecko","floor":27.0,"turns":5.0},{"damage":0.0,"enemies":"Cultist and Chosen","floor":28.0,"turns":4.0},{"damage":0.0,"enemies":"3 Cultists","floor":30.0,"turns":5.0},{"damage":3.0,"enemies":"Masked Bandits","floor":31.0,"turns":3.0},{"damage":30.0,"enemies":"Collector","floor":33.0,"turns":9.0},{"damage":1.0,"enemies":"3 Darklings","floor":35.0,"turns":5.0},{"damage":2.0,"enemies":"3 Shapes","floor":36.0,"turns":4.0},{"damage":5.0,"enemies":"2 Orb Walkers","floor":37.0,"turns":4.0},{"damage":0.0,"enemies":"Nemesis","floor":40.0,"turns":5.0},{"damage":0.0,"enemies":"Giant Head","floor":45.0,"turns":6.0},{"damage":10,"enemies":"Nemesis","floor":47,"turns":11},{"damage":13,"enemies":"Maw","floor":48,"turns":6},{"damage":66,"enemies":"Awakened One","floor":50,"turns":11},{"damage":15,"enemies":"Donu and Deca","floor":51,"turns":6}],"seed_played":"-2602437559094926326","potions_obtained":[{"floor":2.0,"key":"BlessingOfTheForge"},{"floor":7.0,"key":"AttackPotion"},{"floor":10.0,"key":"ColorlessPotion"},{"floor":16.0,"key":"Fire Potion"},{"floor":21.0,"key":"Swift Potion"},{"floor":23.0,"key":"Block Potion"},{"floor":27.0,"key":"Explosive Potion"},{"floor":30.0,"key":"GhostInAJar"},{"floor":33.0,"key":"DistilledChaos"},{"floor":37.0,"key":"FearPotion"}],"is_trial":false,"path_per_floor":["M","M","M","?","?","R","E","M","T","M","$","R","$","?","R","B",null,"M","M","?","M","?","E","R","E","T","M","M","$","M","?","R","B",null,"M","M","?","?","$","E","R","?","T","R","E","?","E","M","R","B","B"],"character_chosen":"THE_SILENT","items_purchased":["Lee\u0027s Waffle","Membership Card","Swift Potion","Expertise"],"campfire_rested":2,"item_purchase_floors":[11,29,29,39],"current_hp_per_floor":[58,54,50,50,43,43,11,11,11,5,73,73,73,73,73,70,72,72,71,71,54,54,26,47,34,34,34,34,34,34,31,31,1,55,54,52,47,62,62,62,62,62,62,62,62,62,59,46,70,4,0,0],"gold":727,"neow_bonus":"BOSS_RELIC","is_daily":false,"chose_seed":false,"campfire_upgraded":4,"win_rate":0.0,"timestamp":1614152204,"path_taken":["M","M","M","?","?","R","E","M","T","M","$","R","?","?","R","BOSS","M","M","?","M","?","E","R","E","T","M","M","$","?","?","R","BOSS","M","M","?","?","$","E","R","?","T","R","E","?","E","M","R","BOSS","BOSS"],"items_purchased_type":["Relic","Relic","Potion","Card"],"build_version":"2020-12-22","purchased_purges":3,"victory":false,"max_hp_per_floor":[66,66,66,66,66,66,66,66,66,66,73,73,73,73,73,73,73,73,73,73,73,73,73,73,73,73,73,73,73,73,73,73,73,73,73,73,73,73,73,73,73,73,73,73,73,73,80,80,80,80,80,80],"relic_stats":{"Lee\u0027s Waffle":68,"Nunchaku":[10],"Shovel":0,"Gremlin Horn":[15,15],"counters":[26,139],"CeramicFish":198,"Bronze Scales":[333],"Astrolabe":["Heel Hook","Backflip","Deadly Poison"],"Snecko Eye":[308,307,310,322],"Juzu Bracelet":0,"Smiling Mask":13,"obtain_stats":[{"Girya":37,"Lee\u0027s Waffle":11,"Gremlin Horn":25,"CeramicFish":7,"Astrolabe":17,"Juzu Bracelet":40,"Smiling Mask":23,"SlaversCollar":34,"Nunchaku":43,"Shovel":45,"Bronze Scales":9,"Strawberry":47,"Snecko Eye":0,"Red Mask":31,"Membership Card":29,"Ring of the Snake":0},{"Girya":20,"Lee\u0027s Waffle":6,"Gremlin Horn":12,"CeramicFish":4,"Astrolabe":7,"Juzu Bracelet":21,"Smiling Mask":11,"SlaversCollar":17,"Nunchaku":21,"Shovel":22,"Bronze Scales":5,"Strawberry":23,"Snecko Eye":0,"Red Mask":16,"Membership Card":14,"Ring of the Snake":0},{"Girya":94,"Lee\u0027s Waffle":24,"Gremlin Horn":55,"CeramicFish":18,"Astrolabe":31,"Juzu Bracelet":99,"Smiling Mask":50,"SlaversCollar":81,"Nunchaku":99,"Shovel":105,"Bronze Scales":21,"Strawberry":116,"Snecko Eye":0,"Red Mask":72,"Membership Card":64,"Ring of the Snake":0}]},"card_choices":[{"not_picked":["Outmaneuver","Noxious Fumes"],"picked":"Quick Slash","floor":1.0},{"not_picked":["Prepared","Infinite Blades"],"picked":"Poisoned Stab","floor":2.0},{"not_picked":["Cloak And Dagger","Endless Agony"],"picked":"Underhanded Strike","floor":3.0},{"not_picked":["Dodge and Roll","Choke"],"picked":"Leg Sweep","floor":7.0},{"not_picked":["Bane","Poisoned Stab"],"picked":"Tactician","floor":8.0},{"not_picked":["Heel Hook","Slice"],"picked":"After Image","floor":10.0},{"not_picked":["Tools of the Trade","Envenom"],"picked":"Wraith Form v2","floor":16.0},{"not_picked":["Prepared","Cloak And Dagger"],"picked":"Skewer","floor":18.0},{"not_picked":["Sucker Punch","Flying Knee","Deflect"],"picked":"SKIP","floor":19.0},{"not_picked":["Concentrate","Dagger Throw"],"picked":"Acrobatics","floor":21.0},{"not_picked":["Choke","Quick Slash+1"],"picked":"Calculated Gamble+1","floor":23.0},{"not_picked":["Noxious Fumes","Endless Agony"],"picked":"Calculated Gamble","floor":25.0},{"not_picked":["Skewer","Deadly Poison"],"picked":"Dash","floor":27.0},{"not_picked":["Cloak And Dagger","Deflect","Slice"],"picked":"SKIP","floor":28.0},{"not_picked":["Caltrops","Blade Dance"],"picked":"Bouncing Flask","floor":30.0},{"not_picked":["Flechettes","Storm of Steel"],"picked":"Concentrate+1","floor":31.0},{"not_picked":["Burst","Grand Finale"],"picked":"Bullet Time","floor":33.0},{"not_picked":["Acrobatics","Deflect","Choke"],"picked":"SKIP","floor":35.0},{"not_picked":["Acrobatics","Deflect","Choke"],"picked":"SKIP","floor":35.0},{"not_picked":["Expertise","Poisoned Stab"],"picked":"Caltrops","floor":36.0},{"not_picked":["Bane+1","Infinite Blades"],"picked":"Acrobatics","floor":37.0},{"not_picked":["Choke","Outmaneuver","Quick Slash"],"picked":"SKIP","floor":40.0},{"not_picked":["Heel Hook","Dash"],"picked":"Reflex","floor":45.0},{"not_picked":["Cloak And Dagger","Quick Slash"],"picked":"Crippling Poison+1","floor":47},{"not_picked":["Slice","Acrobatics"],"picked":"Well Laid Plans","floor":48}],"player_experience":1906857,"relics_obtained":[{"floor":7.0,"key":"CeramicFish"},{"floor":9.0,"key":"Bronze Scales"},{"floor":23.0,"key":"Smiling Mask"},{"floor":25.0,"key":"Gremlin Horn"},{"floor":31.0,"key":"Red Mask"},{"floor":37.0,"key":"Girya"},{"floor":40.0,"key":"Juzu Bracelet"},{"floor":43.0,"key":"Nunchaku"},{"floor":45.0,"key":"Shovel"},{"floor":47,"key":"Strawberry"}],"event_choices":[{"damage_healed":0.0,"max_hp_gain":0.0,"max_hp_loss":0.0,"gold_gain":0.0,"cards_transformed":["Strike_G"],"event_name":"Living Wall","player_choice":"Change","floor":4.0,"gold_loss":0.0,"damage_taken":0.0,"cards_obtained":["Choke"]},{"cards_removed":["Defend_G"],"damage_healed":0.0,"max_hp_gain":0.0,"max_hp_loss":0.0,"gold_gain":0.0,"event_name":"Golden Wing","player_choice":"Card Removal","floor":5.0,"gold_loss":0.0,"damage_taken":7.0},{"damage_healed":0.0,"max_hp_gain":0.0,"max_hp_loss":0.0,"gold_gain":50.0,"event_name":"Golden Shrine","player_choice":"Pray","floor":14.0,"gold_loss":0.0,"damage_taken":0.0},{"damage_healed":0.0,"max_hp_gain":0.0,"max_hp_loss":0.0,"gold_gain":0.0,"event_name":"Vampires","player_choice":"Ignored","floor":20.0,"gold_loss":0.0,"damage_taken":0.0},{"cards_removed":["Strike_G"],"damage_healed":0.0,"max_hp_gain":0.0,"max_hp_loss":0.0,"gold_gain":0.0,"event_name":"Bonfire Elementals","player_choice":"Offered Basic","floor":22.0,"gold_loss":0.0,"damage_taken":0.0},{"damage_healed":0.0,"max_hp_gain":0.0,"max_hp_loss":0.0,"gold_gain":0.0,"event_name":"Masked Bandits","player_choice":"Fought Bandits","floor":31.0,"gold_loss":0.0,"damage_taken":0.0},{"damage_healed":0.0,"max_hp_gain":0.0,"max_hp_loss":0.0,"gold_gain":0.0,"event_name":"Mysterious Sphere","player_choice":"Fight","floor":37.0,"gold_loss":0.0,"damage_taken":0.0},{"damage_healed":15.0,"max_hp_gain":0.0,"max_hp_loss":0.0,"gold_gain":0.0,"event_name":"Winding Halls","player_choice":"Writhe","floor":38.0,"gold_loss":0.0,"damage_taken":0.0,"cards_obtained":["Writhe"]},{"damage_healed":0.0,"max_hp_gain":0.0,"max_hp_loss":0.0,"gold_gain":222.0,"event_name":"Tomb of Lord Red Mask","player_choice":"Wore Mask","floor":42.0,"gold_loss":0.0,"damage_taken":0.0},{"cards_removed":["Quick Slash"],"damage_healed":0.0,"max_hp_gain":0.0,"max_hp_loss":0.0,"gold_gain":0.0,"event_name":"Falling","player_choice":"Removed Attack","floor":46.0,"gold_loss":0.0,"damage_taken":0.0}],"is_beta":false,"boss_relics":[{"not_picked":["Ectoplasm","Calling Bell"],"picked":"Astrolabe"},{"not_picked":["Fusion Hammer","Tiny House"],"picked":"SlaversCollar"}],"items_purged_floors":[11,29,39],"is_endless":false,"potions_floor_spawned":[2,7,10,16,21,23,27,30,33,36,37,47],"killed_by":"Donu and Deca","ascension_level":20}}