{"host":"dbkc9h3etq50r1dq","time":1614206026,"event":{"mods":["100% Spire Juice","AchievementEnabler","BaseMod","Block Reminder","Colored Powertips","Curses Come First","Dark Map","Minty Spire (QoL Compilation)","Permanent Neow","Potion Indicator Mod","Rare Cards Sparkle","StSLib","SuperFastMode","Weighted Paths"],"gold_per_floor":[112,132,207,226,31,31,41,41,41,41,51,62,81,93,93,196,196,93,113,141,141,155,168,179,179,179,207,207,230,230,260,20,120,120,19,30,80,91,91,91,111,111,111,111,111,111],"floor_reached":45,"language":"ZHS","playtime":2116,"items_purged":["Doubt"],"score":474,"play_id":"edec1008-0249-4efe-891e-0cc983aff8cb","local_time":"20210225063346","is_ascension_mode":false,"campfire_choices":[{"data":"1","floor":6.0,"key":"LIFT"},{"data":"2","floor":8.0,"key":"LIFT"},{"data":"3","floor":10.0,"key":"LIFT"},{"data":"Moonworks:ReflectiveShell","floor":15.0,"key":"SMITH"},{"data":"Moonworks:SubspaceTunnel","floor":25.0,"key":"SMITH"},{"floor":28.0,"key":"REST"},{"floor":32.0,"key":"REST"},{"floor":40,"key":"REST"},{"data":"Moonworks:SakisCookie","floor":42,"key":"SMITH"},{"data":"Moonworks:MeltingMemories","floor":44,"key":"SMITH"}],"circlet_count":0,"master_deck":["Moonworks:Strike","Moonworks:Defend","Moonworks:Defend","Moonworks:Defend","Moonworks:Defend","Moonworks:Ambush","Moonworks:LongDistanceShot","Moonworks:DeployBits","Moonworks:ForcedRevival","Moonworks:SakisCookie+1","Moonworks:IndiscriminateFireSupport","Moonworks:TacticalRetreat","Moonworks:ReflectiveShell+1","Moonworks:JonathanRush","Moonworks:NicePresent","Moonworks:SubspaceTunnel+1","CurseOfTheBell","Moonworks:ImOnFire","Moonworks:JonathanRush","Moonworks:JonathanRush","Moonworks:EvilSpyWorkPreparation+1","Moonworks:CloudOfSeagulls","Moonworks:DeployBits","Moonworks:DeployBits+1","Moonworks:MeltingMemories+1","Moonworks:LulusLuckyEgg","Moonworks:NicePresent+1","Moonworks:CloudOfSeagulls+1","Moonworks:AwakeningOfTalent","Moonworks:NicePresent+1","Moonworks:EvilSpyWorkPreparation+1"],"relics":["Moonworks:BrokenBomb","Moonworks:Homemark","Girya","Unceasing Top","Calling Bell","Bag of Marbles","Matryoshka","FossilizedHelix","Red Mask","Nilry\u0027s Codex","Oddly Smooth Stone","Letter Opener","Bottled Lightning","Omamori","Juzu Bracelet","Dream Catcher","Empty Cage","Torii","Orichalcum","Mercury Hourglass"],"acts_visited":["Exordium","TheCity","TheBeyond"],"potions_floor_usage":[35,37,38,45],"damage_taken":[{"damage":0.0,"enemies":"Small Slimes","floor":1.0,"turns":3.0},{"damage":3.0,"enemies":"Cultist","floor":2.0,"turns":4.0},{"damage":3.0,"enemies":"2 Louse","floor":4.0,"turns":2.0},{"damage":0.0,"enemies":"Large Slime","floor":7.0,"turns":5.0},{"damage":12.0,"enemies":"Blue Slaver","floor":11.0,"turns":2.0},{"damage":2.0,"enemies":"Red Slaver","floor":12.0,"turns":4.0},{"damage":0.0,"enemies":"3 Louse","floor":13.0,"turns":1.0},{"damage":1.0,"enemies":"Exordium Wildlife","floor":14.0,"turns":4.0},{"damage":9.0,"enemies":"The Guardian","floor":16.0,"turns":10.0},{"damage":0.0,"enemies":"3 Byrds","floor":18.0,"turns":3.0},{"damage":0.0,"enemies":"Chosen","floor":19.0,"turns":3.0},{"damage":0.0,"enemies":"Masked Bandits","floor":20.0,"turns":1.0},{"damage":12.0,"enemies":"Centurion and Healer","floor":22.0,"turns":5.0},{"damage":0.0,"enemies":"Shelled Parasite and Fungi","floor":23.0,"turns":6.0},{"damage":7.0,"enemies":"Snake Plant","floor":24.0,"turns":2.0},{"damage":8.0,"enemies":"Book of Stabbing","floor":27.0,"turns":4.0},{"damage":40.0,"enemies":"Slavers","floor":31.0,"turns":4.0},{"damage":20.0,"enemies":"Collector","floor":33.0,"turns":7.0},{"damage":30,"enemies":"3 Shapes","floor":35,"turns":4},{"damage":9,"enemies":"3 Darklings","floor":36,"turns":3},{"damage":0,"enemies":"Mind Bloom Boss Battle","floor":37,"turns":6},{"damage":18,"enemies":"Maw","floor":38,"turns":7},{"damage":1,"enemies":"Spire Growth","floor":41,"turns":5},{"damage":1000,"enemies":"Giant Head","floor":45,"turns":5}],"seed_played":"-2647762312978913826","potions_obtained":[{"floor":1.0,"key":"Explosive Potion"},{"floor":7.0,"key":"Fire Potion"},{"floor":12.0,"key":"SkillPotion"},{"floor":16.0,"key":"Swift Potion"},{"floor":18.0,"key":"Ancient Potion"},{"floor":20.0,"key":"SteroidPotion"},{"floor":24.0,"key":"BlessingOfTheForge"},{"floor":31.0,"key":"SteroidPotion"},{"floor":33.0,"key":"DuplicationPotion"},{"floor":37,"key":"ColorlessPotion"},{"floor":41,"key":"AttackPotion"}],"is_trial":false,"path_per_floor":["M","M","?","M","$","R","M","R","T","R","M","M","M","M","R","B",null,"M","M","?","?","M","M","M","R","T","E","R","T","?","E","R","B",null,"M","M","?","M","?","R","M","R","T","R","E"],"character_chosen":"THE_STARBREAKER","items_purchased":[],"campfire_rested":3,"item_purchase_floors":[],"current_hp_per_floor":[60,57,51,48,48,48,53,53,53,53,43,48,48,52,52,48,60,60,60,60,44,44,49,42,42,42,39,57,57,57,19,37,22,60,30,28,48,37,37,55,54,54,54,54,0,0],"gold":111,"neow_bonus":"ONE_RARE_RELIC","is_daily":false,"chose_seed":false,"campfire_upgraded":4,"win_rate":0.0,"timestamp":1614206026,"path_taken":["M","M","?","?","$","R","M","R","T","R","M","M","M","M","R","BOSS","M","M","?","?","M","M","M","R","T","E","R","?","?","E","R","BOSS","M","M","?","M","?","R","M","R","T","R","E"],"items_purchased_type":[],"build_version":"2020-12-22","purchased_purges":1,"victory":false,"max_hp_per_floor":[60,60,60,60,60,60,60,60,60,60,60,60,60,60,60,60,60,60,60,60,60,60,60,60,60,60,60,60,60,60,60,60,60,60,60,60,60,60,60,60,60,60,60,60,60,60],"card_choices":[{"not_picked":["Moonworks:LuckyCharm","Moonworks:Assault"],"picked":"Moonworks:DeployBits","floor":1.0},{"not_picked":["Moonworks:Assault","Moonworks:DevilHand"],"picked":"Moonworks:ForcedRevival","floor":2.0},{"not_picked":["Moonworks:CloudOfSeagulls","Moonworks:ImOnFire"],"picked":"Moonworks:SakisCookie","floor":4.0},{"not_picked":["Moonworks:EvilSpyWorkPreparation","Moonworks:Dinner"],"picked":"Moonworks:IndiscriminateFireSupport","floor":7.0},{"not_picked":["Moonworks:ImOnFire","Moonworks:DevilHand"],"picked":"Moonworks:TacticalRetreat","floor":11.0},{"not_picked":["Moonworks:NicePresent","Moonworks:IndiscriminateFireSupport"],"picked":"Moonworks:ReflectiveShell","floor":12.0},{"not_picked":["Moonworks:EvilSpyWorkPreparation","Moonworks:UnpaidWork"],"picked":"Moonworks:JonathanRush","floor":13.0},{"not_picked":["Moonworks:IndiscriminateFireSupport","Moonworks:EvilSpyWorkPreparation"],"picked":"Moonworks:NicePresent","floor":14.0},{"not_picked":["Moonworks:WeAreWaruda","Moonworks:RocketCannon"],"picked":"Moonworks:SubspaceTunnel","floor":16.0},{"not_picked":["Moonworks:SelfDestruct","Moonworks:StiffCrystal"],"picked":"Moonworks:ImOnFire","floor":18.0},{"not_picked":["Moonworks:CastOff","Moonworks:BindingChains"],"picked":"Moonworks:JonathanRush","floor":19.0},{"not_picked":["Moonworks:IndiscriminateFireSupport+1","Moonworks:IntelligenceOfficer+1"],"picked":"Moonworks:JonathanRush","floor":20.0},{"not_picked":["Moonworks:ImOnFire","Moonworks:EvilSpyWorkPreparation+1","Moonworks:BigMagnum"],"picked":"SKIP","floor":22.0},{"not_picked":["Moonworks:LulusLuckyEgg+1","Moonworks:BigMagnum"],"picked":"Moonworks:EvilSpyWorkPreparation+1","floor":23.0},{"not_picked":["Moonworks:CookingTime","Moonworks:BigMagnum+1"],"picked":"Moonworks:CloudOfSeagulls","floor":24.0},{"not_picked":["Moonworks:Blazing","Moonworks:BindingChains"],"picked":"Moonworks:DeployBits","floor":27.0},{"not_picked":["Moonworks:IndiscriminateFireSupport","Moonworks:AwakeningOfTalent"],"picked":"Moonworks:DeployBits+1","floor":31.0},{"not_picked":["Moonworks:Accelerator","Moonworks:OutOfAmmo"],"picked":"Moonworks:MeltingMemories","floor":33.0},{"not_picked":["Moonworks:NicePresent+1","Moonworks:DeployBits+1"],"picked":"Moonworks:LulusLuckyEgg","floor":35},{"not_picked":["Moonworks:CookingTime+1","Moonworks:ExtendedPhotonRifle"],"picked":"Moonworks:NicePresent+1","floor":36},{"not_picked":["Moonworks:BackdoorTrade","Moonworks:ScrambledEve+1"],"picked":"Moonworks:CloudOfSeagulls+1","floor":37},{"not_picked":["Moonworks:BigMagnum","Moonworks:EvilSpyWorkPreparation+1"],"picked":"Moonworks:AwakeningOfTalent","floor":38},{"not_picked":["Moonworks:ImmovableObject","Moonworks:Assault"],"picked":"Moonworks:NicePresent+1","floor":40},{"not_picked":["Moonworks:NicePresent+1","Moonworks:AngelHand+1"],"picked":"Moonworks:EvilSpyWorkPreparation+1","floor":41}],"player_experience":163381,"relics_obtained":[{"floor":9.0,"key":"Unceasing Top"},{"floor":17.0,"key":"Bag of Marbles"},{"floor":17.0,"key":"Matryoshka"},{"floor":17.0,"key":"FossilizedHelix"},{"floor":20.0,"key":"Red Mask"},{"floor":21.0,"key":"Nilry\u0027s Codex"},{"floor":26.0,"key":"Oddly Smooth Stone"},{"floor":26.0,"key":"Letter Opener"},{"floor":27.0,"key":"Bottled Lightning"},{"floor":29.0,"key":"Omamori"},{"floor":29.0,"key":"Juzu Bracelet"},{"floor":31.0,"key":"Dream Catcher"},{"floor":37,"key":"Torii"},{"floor":43,"key":"Mercury Hourglass"}],"event_choices":[{"damage_healed":0.0,"max_hp_gain":0.0,"max_hp_loss":0.0,"gold_gain":75.0,"event_name":"FaceTrader","player_choice":"Touch","floor":3.0,"gold_loss":0.0,"damage_taken":6.0},{"damage_healed":0.0,"max_hp_gain":0.0,"max_hp_loss":0.0,"gold_gain":0.0,"event_name":"Masked Bandits","player_choice":"Fought Bandits","floor":20.0,"gold_loss":0.0,"damage_taken":0.0},{"damage_healed":0.0,"max_hp_gain":0.0,"max_hp_loss":0.0,"gold_gain":0.0,"event_name":"Cursed Tome","player_choice":"Obtained Book","floor":21.0,"gold_loss":0.0,"damage_taken":16.0},{"cards_removed":["Moonworks:Strike"],"damage_healed":0.0,"max_hp_gain":0.0,"max_hp_loss":0.0,"gold_gain":0.0,"event_name":"Back to Basics","player_choice":"Elegance","floor":30.0,"gold_loss":0.0,"damage_taken":0.0},{"damage_healed":0,"gold_gain":0,"player_choice":"Fight","damage_taken":0,"max_hp_gain":0,"max_hp_loss":0,"event_name":"MindBloom","floor":37,"gold_loss":0},{"damage_healed":0,"gold_gain":0,"player_choice":"Gave Potion","damage_taken":0,"relics_obtained":["Orichalcum"],"max_hp_gain":0,"max_hp_loss":0,"event_name":"WeMeetAgain","floor":39,"gold_loss":0}],"is_beta":false,"boss_relics":[{"not_picked":["Busted Crown","Fusion Hammer"],"picked":"Calling Bell"},{"not_picked":["Black Star","Philosopher\u0027s Stone"],"picked":"Empty Cage"}],"items_purged_floors":[5],"is_endless":false,"potions_floor_spawned":[1,7,12,16,18,20,24,31,33,37,41],"killed_by":"Giant Head","ascension_level":0}}