{"host":"2j7k79oxv8es4yqd","time":1614153488,"event":{"mods":["BaseMod","Emptier Cage","Minty Spire (QoL Compilation)","Permanent Neow","Ryuuou¡˙Õı","StSLib"],"gold_per_floor":[110,128,145,155,105,105,131,131,131,141,216,251,261,292,292,387,387,405,434,447,362,362,388,400,400,400,425,441,145,163,193,193,294,294,308,235,235,235,251,251,265,293,293,147,162,174,187,217,217,217,217,217,48,80,80],"floor_reached":56,"language":"ZHT","playtime":3981,"items_purged":["Poisoned Stab"],"score":1885,"play_id":"bdb16424-47e1-4680-8f3e-0b85ac801b2e","local_time":"20210224155808","is_ascension_mode":true,"campfire_choices":[{"data":"Bane","floor":6,"key":"SMITH"},{"data":"Venomology","floor":15,"key":"SMITH"},{"floor":25,"key":"RECALL"},{"data":"Mayhem","floor":32,"key":"SMITH"},{"data":"After Image","floor":40,"key":"SMITH"},{"data":"After Image","floor":49,"key":"SMITH"},{"data":"Impatience","floor":52,"key":"SMITH"}],"circlet_count":0,"master_deck":["Survivor","Neutralize","Flechettes+1","Envenom","Noxious Fumes","Concentrate+1","Deadly Poison","Adrenaline","Backstab+1","Backflip","Escape Plan","Backflip","Bane+1","Venomology+1","Backflip+1","Backflip","Catalyst","Mayhem+1","After Image+1","Terror+1","Footwork","Flash of Steel","Impatience+1","Secret Technique+1","Noxious Fumes","Well Laid Plans+1","After Image+1","Dagger Throw+1","Sadistic Nature"],"relics":["Pandora\u0027s Box","Bronze Scales","PreservedInsect","Singing Bowl","Mummified Hand","SacredBark","Red Mask","MealTicket","Bag of Preparation","Paper Crane","Whetstone","Omamori","Pen Nib","HoveringKite","Bag of Marbles","ClockworkSouvenir","War Paint","Blood Vial"],"acts_visited":["Exordium","TheCity","TheBeyond","TheEnding"],"potions_floor_usage":[10,12,13,16,18,19,20,20,23,23,24,27,30,31,31,35,39,41,41,42,46,55,55],"damage_taken":[{"damage":0,"enemies":"Cultist","floor":1,"turns":3},{"damage":12,"enemies":"Small Slimes","floor":2,"turns":2},{"damage":4,"enemies":"2 Louse","floor":3,"turns":3},{"damage":6,"enemies":"Red Slaver","floor":4,"turns":3},{"damage":6,"enemies":"3 Sentries","floor":7,"turns":5},{"damage":0,"enemies":"Large Slime","floor":10,"turns":4},{"damage":0,"enemies":"Gremlin Nob","floor":12,"turns":2},{"damage":6,"enemies":"Blue Slaver","floor":13,"turns":2},{"damage":2,"enemies":"3 Sentries","floor":14,"turns":3},{"damage":3,"enemies":"The Guardian","floor":16,"turns":6},{"damage":0,"enemies":"Shell Parasite","floor":18,"turns":3},{"damage":0,"enemies":"Masked Bandits","floor":19,"turns":2},{"damage":0,"enemies":"3 Byrds","floor":20,"turns":2},{"damage":0,"enemies":"Slavers","floor":23,"turns":1},{"damage":0,"enemies":"Shelled Parasite and Fungi","floor":24,"turns":2},{"damage":1,"enemies":"Book of Stabbing","floor":27,"turns":3},{"damage":1,"enemies":"Cultist and Chosen","floor":28,"turns":3},{"damage":13,"enemies":"Centurion and Healer","floor":30,"turns":4},{"damage":0,"enemies":"Slavers","floor":31,"turns":3},{"damage":5,"enemies":"Automaton","floor":33,"turns":6},{"damage":0,"enemies":"Orb Walker","floor":35,"turns":3},{"damage":9,"enemies":"3 Shapes","floor":39,"turns":5},{"damage":6,"enemies":"Sphere and 2 Shapes","floor":41,"turns":4},{"damage":0,"enemies":"Giant Head","floor":42,"turns":3},{"damage":25,"enemies":"Jaw Worm Horde","floor":45,"turns":4},{"damage":0,"enemies":"Maw","floor":46,"turns":4},{"damage":0,"enemies":"Writhing Mass","floor":47,"turns":4},{"damage":0,"enemies":"Nemesis","floor":48,"turns":3},{"damage":3,"enemies":"Donu and Deca","floor":50,"turns":8},{"damage":25,"enemies":"Shield and Spear","floor":54,"turns":4},{"damage":3,"enemies":"The Heart","floor":55,"turns":4}],"seed_played":"8800986835669902806","potions_obtained":[{"floor":2,"key":"FearPotion"},{"floor":3,"key":"SpeedPotion"},{"floor":4,"key":"SkillPotion"},{"floor":16,"key":"Block Potion"},{"floor":20,"key":"Regen Potion"},{"floor":23,"key":"SteroidPotion"},{"floor":28,"key":"Explosive Potion"},{"floor":33,"key":"AttackPotion"},{"floor":39,"key":"FairyPotion"},{"floor":48,"key":"EntropicBrew"}],"is_trial":false,"path_per_floor":["M","M","M","M","?","R","E","?","T","M","?","E","M","E","R","B",null,"M","?","M","?","?","E","M","R","T","E","M","$","M","E","R","B",null,"M","$","?","?","M","R","M","E","T","$","M","M","M","E","R","B",null,"R","$","E","B",null],"character_chosen":"THE_SILENT","items_purchased":["Catalyst","Mayhem","Footwork","ClockworkSouvenir","Sadistic Nature"],"campfire_rested":0,"item_purchase_floors":[29,29,36,44,53],"current_hp_per_floor":[63,51,47,41,41,41,35,35,35,35,35,37,31,29,29,28,63,65,67,69,69,69,71,73,73,73,74,75,88,77,79,79,74,88,88,92,82,82,75,75,69,69,69,84,59,61,63,65,65,62,91,91,100,77,76],"gold":80,"neow_bonus":"BOSS_RELIC","is_daily":false,"chose_seed":false,"campfire_upgraded":6,"win_rate":0.0,"timestamp":1614153488,"path_taken":["M","M","?","M","?","R","E","?","T","M","?","E","M","E","R","BOSS","M","?","M","?","?","E","M","R","T","E","M","$","?","E","R","BOSS","M","$","?","?","M","R","M","E","T","$","M","M","M","E","R","BOSS","R","$","E","BOSS"],"items_purchased_type":["Card","Card","Card","Relic","Card"],"build_version":"2020-12-22","purchased_purges":1,"victory":true,"max_hp_per_floor":[70,70,70,70,70,70,70,70,70,70,70,72,72,72,72,74,74,76,78,80,80,80,82,84,84,84,86,88,88,90,92,92,92,92,92,92,92,92,94,94,94,94,94,94,94,96,98,100,100,100,100,100,100,102,102],"card_choices":[{"not_picked":["PiercingWail","Distraction"],"picked":"Backflip","floor":1},{"not_picked":["Dagger Spray","Tactician"],"picked":"Escape Plan","floor":2},{"not_picked":["Dodge and Roll","Flying Knee"],"picked":"Backflip","floor":3},{"not_picked":["Dodge and Roll","Bouncing Flask"],"picked":"Bane","floor":4},{"not_picked":["Deflect","Tactician"],"picked":"Venomology","floor":7},{"not_picked":["Deflect","Calculated Gamble","Flechettes"],"picked":"SKIP","floor":10},{"not_picked":["Calculated Gamble","Dagger Spray","Tools of the Trade"],"picked":"Singing Bowl","floor":12},{"not_picked":["Dash","Terror"],"picked":"Backflip","floor":13},{"not_picked":["Terror","Deflect"],"picked":"Backflip","floor":14},{"not_picked":["Doppelganger","Envenom","A Thousand Cuts"],"picked":"Singing Bowl","floor":16},{"not_picked":["Bouncing Flask","Prepared","Dodge and Roll"],"picked":"Singing Bowl","floor":18},{"not_picked":["Quick Slash+1","Slice","Dash"],"picked":"Singing Bowl","floor":19},{"not_picked":["Bane+1","Backstab","Storm of Steel"],"picked":"Singing Bowl","floor":20},{"not_picked":["Expertise","Endless Agony+1","Prepared"],"picked":"Singing Bowl","floor":23},{"not_picked":["Dash+1","Deflect","Prepared"],"picked":"Singing Bowl","floor":24},{"not_picked":["Leg Sweep","Quick Slash","PiercingWail"],"picked":"Singing Bowl","floor":27},{"not_picked":["Flying Knee","Distraction+1","Prepared+1"],"picked":"Singing Bowl","floor":28},{"not_picked":["Underhanded Strike","Blade Dance+1","Bane"],"picked":"Singing Bowl","floor":30},{"not_picked":["Envenom","Acrobatics","Prepared"],"picked":"Singing Bowl","floor":31},{"not_picked":["Unload","Burst"],"picked":"After Image","floor":33},{"not_picked":["Masterful Stab","Slice+1"],"picked":"Terror+1","floor":35},{"not_picked":["PanicButton","Good Instincts"],"picked":"Flash of Steel","floor":37},{"not_picked":["Bandage Up","Blind"],"picked":"Impatience","floor":37},{"not_picked":["Discovery","Mind Blast"],"picked":"Secret Technique","floor":37},{"not_picked":["Backstab+1","Dodge and Roll","Noxious Fumes+1"],"picked":"Singing Bowl","floor":39},{"not_picked":["Sucker Punch","Setup+1"],"picked":"Well Laid Plans+1","floor":41},{"not_picked":["Deadly Poison+1","Bane+1"],"picked":"After Image","floor":42},{"not_picked":["Backflip","Skewer+1"],"picked":"Dagger Throw+1","floor":45},{"not_picked":["Crippling Poison+1","Deadly Poison","Concentrate"],"picked":"Singing Bowl","floor":46},{"not_picked":["Expertise+1","Deflect+1","PiercingWail"],"picked":"Singing Bowl","floor":47},{"not_picked":["Cloak And Dagger","Wraith Form v2","Dagger Throw+1"],"picked":"Singing Bowl","floor":48},{"not_picked":["Acrobatics","Terror","Bane+1"],"picked":"Singing Bowl","floor":54}],"player_experience":597514,"relics_obtained":[{"floor":7,"key":"Bronze Scales"},{"floor":9,"key":"PreservedInsect"},{"floor":12,"key":"Singing Bowl"},{"floor":14,"key":"Mummified Hand"},{"floor":19,"key":"Red Mask"},{"floor":22,"key":"Bag of Preparation"},{"floor":23,"key":"Paper Crane"},{"floor":26,"key":"Whetstone"},{"floor":27,"key":"Omamori"},{"floor":31,"key":"Pen Nib"},{"floor":42,"key":"Bag of Marbles"},{"floor":48,"key":"War Paint"},{"floor":54,"key":"Blood Vial"}],"event_choices":[{"cards_removed":["Accuracy"],"damage_healed":0,"gold_gain":0,"player_choice":"Card Removal","damage_taken":0,"max_hp_gain":0,"max_hp_loss":0,"event_name":"The Cleric","floor":5,"gold_loss":50},{"damage_healed":0,"gold_gain":0,"player_choice":"Grow","damage_taken":0,"max_hp_gain":0,"max_hp_loss":0,"event_name":"Living Wall","floor":8,"gold_loss":0,"cards_upgraded":["Concentrate"]},{"damage_healed":0,"gold_gain":75,"player_choice":"Gained Gold","damage_taken":0,"max_hp_gain":0,"max_hp_loss":0,"event_name":"Golden Wing","floor":11,"gold_loss":0},{"damage_healed":0,"gold_gain":0,"player_choice":"Fought Bandits","damage_taken":0,"max_hp_gain":0,"max_hp_loss":0,"event_name":"Masked Bandits","floor":19,"gold_loss":0},{"damage_healed":0,"gold_gain":0,"player_choice":"Obtained Relic","damage_taken":0,"relics_obtained":["MealTicket"],"max_hp_gain":0,"max_hp_loss":0,"event_name":"Addict","floor":21,"gold_loss":85},{"damage_healed":0,"gold_gain":0,"player_choice":"Relic","damage_taken":0,"max_hp_gain":0,"max_hp_loss":0,"event_name":"Wheel of Change","floor":22,"gold_loss":0},{"damage_healed":0,"gold_gain":0,"player_choice":"Memory 3","damage_taken":10,"max_hp_gain":0,"max_hp_loss":0,"event_name":"SensoryStone","floor":37,"gold_loss":0},{"damage_healed":0,"gold_gain":0,"cards_transformed":["Corpse Explosion"],"player_choice":"Transformed","damage_taken":0,"max_hp_gain":0,"max_hp_loss":0,"event_name":"Transmorgrifier","floor":38,"gold_loss":0,"cards_obtained":["Noxious Fumes"]}],"is_beta":false,"boss_relics":[{"not_picked":["Calling Bell","Fusion Hammer"],"picked":"SacredBark"},{"not_picked":["Velvet Choker","Sozu"],"picked":"HoveringKite"}],"items_purged_floors":[29],"is_endless":false,"potions_floor_spawned":[2,3,4,16,20,23,28,33,39,45,48,54],"ascension_level":8}}