{"host":"v54ek091sdz7ha6h","time":1614158432,"event":{"mods":["BaseMod","Colored Map","Colored Powertips","Custom Start","DeckTracker","Highlight Path","KOR Keyword Fix","Minty Spire (QoL Compilation)","Random Character Button","Rare Cards Sparkle","Relic Stats","StSLib","SuperFastMode","everything is the same but u backflip on backflip"],"gold_per_floor":[112,124,299,299,316,316,327,43,43,74,74,74,100,128,128,225,225,245,260,260,273,273,273,273,304,328,344,172,182,282,298,298,403,403,416,435,435,95,141,173,186,198,198,198,198,215,53,73,73,73,73,73,24,53,53,53],"floor_reached":55,"language":"KOR","playtime":2204,"items_purged":["Regret","Defend_G","Bite+1","Defend_G"],"score":779,"play_id":"60500f5e-af4c-49e5-919e-9db1ac073d6c","local_time":"20210224182032","is_ascension_mode":false,"campfire_choices":[{"data":"Eviscerate","floor":6.0,"key":"SMITH"},{"data":"Masterful Stab","floor":12.0,"key":"SMITH"},{"data":"Dagger Spray","floor":15.0,"key":"SMITH"},{"data":"Acrobatics","floor":23.0,"key":"SMITH"},{"data":"Reflex","floor":32.0,"key":"SMITH"},{"data":"Masterful Stab+1","floor":45.0,"key":"PURGE"},{"floor":49,"key":"RECALL"},{"data":"Dagger Spray+1","floor":52,"key":"PURGE"}],"circlet_count":0,"master_deck":["Defend_G","Defend_G","Defend_G","Survivor","Neutralize","Panacea","Eviscerate+1","Footwork","Grand Finale","Calculated Gamble","Well Laid Plans","Acrobatics+1","Bite+1","Bite+1","Bite+1","Bite+1","Reflex+1","Grand Finale+1","Prepared","Prepared+1","Backflip+1","PiercingWail+1"],"relics":["Ring of the Snake","Ice Cream","Omamori","Torii","Sundial","Ancient Tea Set","SacredBark","Molten Egg 2","Potion Belt","Bronze Scales","The Specimen","Pear","Coffee Dripper","Membership Card","Toxic Egg 2","Peace Pipe","Dream Catcher","FossilizedHelix","ClockworkSouvenir","Boot"],"acts_visited":["Exordium","TheCity","TheBeyond","TheEnding"],"potions_floor_usage":[50,55,55],"damage_taken":[{"damage":3.0,"enemies":"Small Slimes","floor":1.0,"turns":4.0},{"damage":0.0,"enemies":"2 Louse","floor":2.0,"turns":2.0},{"damage":4.0,"enemies":"Jaw Worm","floor":5.0,"turns":4.0},{"damage":2.0,"enemies":"Looter","floor":7.0,"turns":4.0},{"damage":7.0,"enemies":"Lagavulin","floor":10.0,"turns":7.0},{"damage":12.0,"enemies":"3 Sentries","floor":14.0,"turns":9.0},{"damage":0.0,"enemies":"Slime Boss","floor":16.0,"turns":8.0},{"damage":2.0,"enemies":"3 Byrds","floor":18.0,"turns":7.0},{"damage":1.0,"enemies":"Chosen","floor":19.0,"turns":6.0},{"damage":23.0,"enemies":"Shelled Parasite and Fungi","floor":21.0,"turns":9.0},{"damage":15.0,"enemies":"Book of Stabbing","floor":25.0,"turns":6.0},{"damage":2.0,"enemies":"Sentry and Sphere","floor":27.0,"turns":5.0},{"damage":1.0,"enemies":"Snecko","floor":29.0,"turns":5.0},{"damage":11.0,"enemies":"Colosseum Slavers","floor":30.0,"turns":5.0},{"damage":7.0,"enemies":"Colosseum Nobs","floor":30.0,"turns":2.0},{"damage":0.0,"enemies":"Chosen and Byrds","floor":31.0,"turns":4.0},{"damage":149.0,"enemies":"Champ","floor":33.0,"turns":17.0},{"damage":0.0,"enemies":"3 Shapes","floor":35.0,"turns":2.0},{"damage":17.0,"enemies":"Orb Walker","floor":36.0,"turns":4.0},{"damage":56.0,"enemies":"2 Orb Walkers","floor":39.0,"turns":5.0},{"damage":15.0,"enemies":"Nemesis","floor":40.0,"turns":7.0},{"damage":19.0,"enemies":"Writhing Mass","floor":41.0,"turns":7.0},{"damage":5.0,"enemies":"Sphere and 2 Shapes","floor":42.0,"turns":2.0},{"damage":0.0,"enemies":"Jaw Worm Horde","floor":44.0,"turns":1.0},{"damage":0.0,"enemies":"Spire Growth","floor":46.0,"turns":4.0},{"damage":9,"enemies":"4 Shapes","floor":48,"turns":2},{"damage":126,"enemies":"Time Eater","floor":50,"turns":12},{"damage":32,"enemies":"Shield and Spear","floor":54,"turns":4},{"damage":144,"enemies":"The Heart","floor":55,"turns":11}],"seed_played":"4403436416642076288","potions_obtained":[{"floor":1.0,"key":"EssenceOfSteel"},{"floor":14.0,"key":"DistilledChaos"},{"floor":16.0,"key":"FairyPotion"},{"floor":18.0,"key":"Weak Potion"},{"floor":21.0,"key":"Block Potion"},{"floor":27.0,"key":"Regen Potion"},{"floor":29.0,"key":"FairyPotion"},{"floor":33.0,"key":"SmokeBomb"},{"floor":39.0,"key":"DistilledChaos"},{"floor":41.0,"key":"DuplicationPotion"},{"floor":42.0,"key":"Ancient Potion"},{"floor":54,"key":"FairyPotion"}],"is_trial":false,"path_per_floor":["M","M","?","?","M","R","M","$","T","E","?","R","T","E","R","B",null,"M","M","?","M","T","R","?","E","T","M","$","M","?","M","R","B",null,"M","M","?","$","?","E","M","M","T","M","R","M","$","M","R","B",null,"R","$","E","B"],"character_chosen":"THE_SILENT","items_purchased":["Omamori","Energy Potion","Reflex","Membership Card","Toxic Egg 2","ClockworkSouvenir","Prepared+1","Backflip+1","Block Potion"],"campfire_rested":0,"item_purchase_floors":[8,8,28,38,38,47,47,53,53],"current_hp_per_floor":[67,67,67,67,63,63,61,61,61,54,54,54,54,42,42,42,70,68,67,67,44,44,44,44,39,39,49,49,49,55,59,59,29,59,59,46,59,59,18,33,41,45,45,45,45,59,59,53,53,4,59,59,59,30,0,0],"gold":53,"neow_bonus":"RANDOM_COLORLESS","is_daily":false,"chose_seed":false,"campfire_upgraded":5,"win_rate":0.0,"timestamp":1614158432,"path_taken":["M","M","?","?","M","R","M","$","T","E","?","R","?","E","R","BOSS","M","M","?","M","?","R","?","E","T","?","$","M","?","M","R","BOSS","M","M","?","$","?","E","M","M","T","M","R","M","$","M","R","BOSS","R","$","E","BOSS"],"items_purchased_type":["Relic","Potion","Card","Relic","Relic","Relic","Card","Card","Potion"],"build_version":"2020-12-22","purchased_purges":4,"victory":false,"max_hp_per_floor":[70,70,70,70,70,70,70,70,70,70,70,70,70,70,70,70,70,70,70,70,70,70,70,49,49,49,49,49,49,59,59,59,59,59,59,59,59,59,59,59,59,59,59,59,59,59,59,59,59,59,59,59,59,59,59,59],"relic_stats":{"Peace Pipe":2,"Dream Catcher":0,"Torii":82,"counters":[29,165],"Sundial":[32],"Bronze Scales":[364],"Boot":[14],"obtain_stats":[{"Ice Cream":4,"Potion Belt":25,"Pear":30,"Torii":9,"The Specimen":30,"SacredBark":17,"Omamori":8,"Ancient Tea Set":14,"Boot":54,"ClockworkSouvenir":47,"Peace Pipe":39,"Dream Catcher":40,"Sundial":10,"Bronze Scales":26,"Molten Egg 2":22,"Coffee Dripper":34,"Membership Card":38,"Toxic Egg 2":38,"FossilizedHelix":43,"Ring of the Snake":0},{"Ice Cream":2,"Potion Belt":11,"Pear":15,"Torii":4,"The Specimen":15,"SacredBark":7,"Omamori":4,"Ancient Tea Set":6,"Boot":28,"ClockworkSouvenir":25,"Peace Pipe":20,"Dream Catcher":21,"Sundial":5,"Bronze Scales":11,"Molten Egg 2":10,"Coffee Dripper":17,"Membership Card":19,"Toxic Egg 2":19,"FossilizedHelix":23,"Ring of the Snake":0},{"Ice Cream":6,"Potion Belt":66,"Pear":83,"Torii":14,"The Specimen":83,"SacredBark":38,"Omamori":14,"Ancient Tea Set":30,"Boot":154,"ClockworkSouvenir":136,"Peace Pipe":115,"Dream Catcher":122,"Sundial":21,"Bronze Scales":66,"Molten Egg 2":60,"Coffee Dripper":104,"Membership Card":110,"Toxic Egg 2":110,"FossilizedHelix":131,"Ring of the Snake":0}],"Ring of the Snake":[58]},"card_choices":[{"not_picked":["Swift Strike","Good Instincts"],"picked":"Panacea","floor":0.0},{"not_picked":["Skewer","Deflect"],"picked":"Eviscerate","floor":1.0},{"not_picked":["Outmaneuver","Sucker Punch"],"picked":"Masterful Stab","floor":2.0},{"not_picked":["Caltrops","Sucker Punch","Concentrate"],"picked":"SKIP","floor":5.0},{"not_picked":["Deadly Poison","Riddle With Holes"],"picked":"Footwork","floor":7.0},{"not_picked":["Blade Dance","Concentrate","Underhanded Strike"],"picked":"SKIP","floor":10.0},{"not_picked":["Poisoned Stab","Terror"],"picked":"Dagger Spray","floor":14.0},{"not_picked":["Doppelganger","Tools of the Trade"],"picked":"Grand Finale","floor":16.0},{"not_picked":["Deadly Poison","Blade Dance"],"picked":"Calculated Gamble","floor":18.0},{"not_picked":["Bouncing Flask","Blade Dance"],"picked":"Well Laid Plans","floor":19.0},{"not_picked":["Deadly Poison+1","Expertise","Outmaneuver"],"picked":"SKIP","floor":21.0},{"not_picked":["Setup","Calculated Gamble","Flying Knee+1"],"picked":"SKIP","floor":25.0},{"not_picked":["Flying Knee+1","Cloak And Dagger","Bane+1"],"picked":"SKIP","floor":27.0},{"not_picked":["Quick Slash+1","Backflip"],"picked":"Grand Finale+1","floor":29.0},{"not_picked":["Slice+1","Blade Dance","Noxious Fumes"],"picked":"SKIP","floor":31.0},{"not_picked":["Heel Hook+1","Riddle With Holes+1","Blade Dance+1"],"picked":"SKIP","floor":35.0},{"not_picked":["Bane+1","Quick Slash+1"],"picked":"Prepared","floor":36.0},{"not_picked":["Dodge and Roll+1","Masterful Stab+1","Finisher+1"],"picked":"SKIP","floor":40.0},{"not_picked":["Infinite Blades","Terror+1","Bane+1"],"picked":"SKIP","floor":41.0},{"not_picked":["Endless Agony+1","Underhanded Strike+1","Outmaneuver+1"],"picked":"SKIP","floor":42.0},{"not_picked":["Endless Agony+1","Dodge and Roll+1","Flying Knee+1"],"picked":"SKIP","floor":46.0},{"not_picked":["Flying Knee+1","Phantasmal Killer+1","Distraction+1"],"picked":"SKIP","floor":48},{"not_picked":["Catalyst+1","Infinite Blades+1"],"picked":"PiercingWail+1","floor":54}],"player_experience":1499835,"relics_obtained":[{"floor":9.0,"key":"Torii"},{"floor":10.0,"key":"Sundial"},{"floor":14.0,"key":"Ancient Tea Set"},{"floor":22.0,"key":"Molten Egg 2"},{"floor":25.0,"key":"Potion Belt"},{"floor":26.0,"key":"Bronze Scales"},{"floor":30.0,"key":"The Specimen"},{"floor":30.0,"key":"Pear"},{"floor":39.0,"key":"Peace Pipe"},{"floor":40.0,"key":"Dream Catcher"},{"floor":43.0,"key":"FossilizedHelix"},{"floor":54,"key":"Boot"}],"event_choices":[{"damage_healed":0.0,"max_hp_gain":0.0,"max_hp_loss":0.0,"gold_gain":175.0,"event_name":"Liars Game","player_choice":"AGREE","floor":3.0,"gold_loss":0.0,"damage_taken":0.0,"cards_obtained":["Doubt"]},{"damage_healed":0.0,"max_hp_gain":0.0,"max_hp_loss":0.0,"gold_gain":0.0,"event_name":"Big Fish","player_choice":"Box","floor":4.0,"gold_loss":0.0,"damage_taken":0.0,"relics_obtained":["Ice Cream"],"cards_obtained":["Regret"]},{"cards_removed":["Doubt"],"damage_healed":0.0,"max_hp_gain":0.0,"max_hp_loss":0.0,"gold_gain":0.0,"event_name":"Living Wall","player_choice":"Forget","floor":11.0,"gold_loss":0.0,"damage_taken":0.0},{"damage_healed":0.0,"max_hp_gain":0.0,"max_hp_loss":0.0,"gold_gain":0.0,"event_name":"The Library","player_choice":"Read","floor":20.0,"gold_loss":0.0,"damage_taken":0.0,"cards_obtained":["Acrobatics"]},{"damage_healed":0.0,"max_hp_gain":0.0,"max_hp_loss":21.0,"gold_gain":0.0,"event_name":"Vampires","player_choice":"Became a vampire","floor":24.0,"gold_loss":0.0,"damage_taken":0.0,"cards_obtained":["Bite","Bite","Bite","Bite","Bite"]},{"damage_healed":0.0,"max_hp_gain":0.0,"max_hp_loss":0.0,"gold_gain":0.0,"event_name":"Colosseum","player_choice":"Fight","floor":30.0,"gold_loss":0.0,"damage_taken":0.0},{"damage_healed":0.0,"max_hp_gain":0.0,"max_hp_loss":0.0,"gold_gain":0.0,"event_name":"Colosseum","player_choice":"Fought Nobs","floor":30.0,"gold_loss":0.0,"damage_taken":0.0},{"damage_healed":15.0,"max_hp_gain":0.0,"max_hp_loss":0.0,"gold_gain":0.0,"event_name":"Winding Halls","player_choice":"Writhe","floor":37.0,"gold_loss":0.0,"damage_taken":0.0,"cards_obtained":["Writhe"]},{"damage_healed":0.0,"max_hp_gain":0.0,"max_hp_loss":0.0,"gold_gain":0.0,"event_name":"Mysterious Sphere","player_choice":"Fight","floor":39.0,"gold_loss":0.0,"damage_taken":0.0}],"is_beta":false,"boss_relics":[{"not_picked":["Runic Dome","Busted Crown"],"picked":"SacredBark"},{"not_picked":["SlaversCollar","Snecko Eye"],"picked":"Coffee Dripper"}],"items_purged_floors":[8,28,38,47],"is_endless":false,"potions_floor_spawned":[1,14,16,18,21,27,29,33,39,41,42,44,54],"killed_by":"The Heart","ascension_level":0}}