{"host":"b1dzdo8uo7e6jx8g","time":1614206789,"event":{"mods":["AchievementEnabler","BaseMod","BetterRewards","Colored Map","Downfall","Highlight Path","Minty Spire (QoL Compilation)","StSLib"],"gold_per_floor":[116,116,116,126,74,107,107,143,190,190,261,261,275,294,294,407,407,426,42,53,64,82,82,82],"floor_reached":23,"language":"ENG","playtime":747,"items_purged":["Defend_G"],"score":391,"play_id":"41973fb1-2053-4380-b22a-7d30b64a6352","local_time":"20210224234629","is_ascension_mode":true,"campfire_choices":[{"floor":7,"key":"REST"},{"floor":10,"key":"REST"},{"floor":15,"key":"REST"}],"circlet_count":0,"master_deck":["Strike_G","Strike_G","Strike_G","Strike_G","Defend_G+1","Defend_G","Defend_G","Defend_G","Survivor","Neutralize+1","Blade Dance","Prepared","Cloak And Dagger","Glass Knife","Underhanded Strike","Dagger Spray","A Thousand Cuts+1","Cloak And Dagger","Blade Dance","Phantasmal Killer","PiercingWail+1","Trip"],"relics":["Ring of the Serpent","Blood Vial","Bronze Scales","ClockworkSouvenir","Prayer Wheel","CeramicFish","Juzu Bracelet","The Courier","Boot","Singing Bowl"],"acts_visited":["Exordium","TheCity"],"potions_floor_usage":[20,23,23,23],"damage_taken":[{"damage":3,"enemies":"2 Louse","floor":1,"turns":3},{"damage":0,"enemies":"Cultist","floor":4,"turns":3},{"damage":21,"enemies":"Lagavulin","floor":6,"turns":7},{"damage":0,"enemies":"Jaw Worm","floor":8,"turns":2},{"damage":7,"enemies":"Lagavulin Event","floor":11,"turns":6},{"damage":4,"enemies":"Gremlin Gang","floor":13,"turns":3},{"damage":5,"enemies":"Exordium Thugs","floor":14,"turns":3},{"damage":26,"enemies":"Hexaghost","floor":16,"turns":7},{"damage":12,"enemies":"Shell Parasite","floor":18,"turns":5},{"damage":17,"enemies":"2 Thieves","floor":20,"turns":4},{"damage":18,"enemies":"Snake Plant","floor":21,"turns":2},{"damage":1,"enemies":"Snecko","floor":22,"turns":3},{"damage":43,"enemies":"Slavers","floor":23,"turns":2}],"seed_played":"-690015988932516981","potions_obtained":[{"floor":8,"key":"sneckomod:MuddlingPotion"},{"floor":13,"key":"FearPotion"},{"floor":20,"key":"Fruit Juice"},{"floor":22,"key":"SneckoOil"}],"is_trial":false,"path_per_floor":["M","?","?","M","$","E","R","M","T","R","?","?","M","M","R","B",null,"M","$","M","M","M","E"],"character_chosen":"THE_SILENT","items_purchased":["Blade Dance","Blood Vial","Bronze Scales","ClockworkSouvenir","Underhanded Strike","Boot","Singing Bowl","Trip"],"campfire_rested":3,"item_purchase_floors":[0,0,0,0,5,19,19,19],"current_hp_per_floor":[34,20,20,22,22,3,24,26,26,47,42,42,40,37,58,34,61,51,51,45,33,38,0,0],"gold":82,"neow_bonus":"","is_daily":false,"chose_seed":false,"campfire_upgraded":0,"win_rate":0.0,"timestamp":1614206789,"path_taken":["M","?","?","M","$","E","R","M","T","R","?","?","M","M","R","BOSS","M","$","M","M","M","E"],"items_purchased_type":["Card","Relic","Relic","Relic","Card","Relic","Relic","Card"],"build_version":"2020-12-22","purchased_purges":1,"victory":false,"max_hp_per_floor":[70,70,70,70,70,70,70,70,70,70,70,70,70,70,70,70,70,70,70,79,83,87,87,87],"card_choices":[{"not_picked":["Poisoned Stab","Catalyst"],"picked":"Prepared","floor":1},{"not_picked":["Dagger Throw","Dodge and Roll","Underhanded Strike"],"picked":"SKIP","floor":1},{"not_picked":["Masterful Stab","Bane"],"picked":"Cloak And Dagger","floor":4},{"not_picked":["Flechettes","Terror"],"picked":"Glass Knife","floor":4},{"not_picked":["Sucker Punch","Calculated Gamble","Bane"],"picked":"SKIP","floor":6},{"not_picked":["Backflip","Bane"],"picked":"Dagger Spray","floor":8},{"not_picked":["Cloak And Dagger","Sucker Punch"],"picked":"A Thousand Cuts","floor":8},{"not_picked":["Setup","Expertise"],"picked":"Cloak And Dagger","floor":11},{"not_picked":["Outmaneuver","Escape Plan","Acrobatics"],"picked":"SKIP","floor":13},{"not_picked":["Deflect","Cloak And Dagger","PiercingWail"],"picked":"SKIP","floor":13},{"not_picked":["Riddle With Holes","Sucker Punch"],"picked":"Blade Dance","floor":14},{"not_picked":["Dagger Spray","Choke","Deflect"],"picked":"SKIP","floor":14},{"not_picked":["Corpse Explosion","Bullet Time"],"picked":"Phantasmal Killer","floor":16},{"not_picked":["Poisoned Stab","Flying Knee"],"picked":"PiercingWail+1","floor":18},{"not_picked":["Bane","PiercingWail","Crippling Poison"],"picked":"SKIP","floor":18},{"not_picked":["Prepared+1","Dagger Throw","Bane+1"],"picked":"Singing Bowl","floor":20},{"not_picked":["Footwork+1","Flechettes+1","Flying Knee"],"picked":"Singing Bowl","floor":20},{"not_picked":["Quick Slash","Flechettes","Dodge and Roll"],"picked":"Singing Bowl","floor":21},{"not_picked":["Crippling Poison+1","Flechettes+1","Bane"],"picked":"Singing Bowl","floor":21},{"not_picked":["Underhanded Strike","Footwork","Bullet Time"],"picked":"Singing Bowl","floor":22},{"not_picked":["Well Laid Plans","Backflip","Prepared"],"picked":"Singing Bowl","floor":22}],"player_experience":267225,"relics_obtained":[{"floor":6,"key":"CeramicFish"},{"floor":9,"key":"Juzu Bracelet"},{"floor":11,"key":"The Courier"}],"event_choices":[{"damage_healed":0,"gold_gain":0,"player_choice":"Entered Light","damage_taken":14,"max_hp_gain":0,"max_hp_loss":0,"event_name":"Shining Light","floor":2,"gold_loss":0,"cards_upgraded":["Defend_G","Neutralize"]},{"cards_removed":["Strike_G"],"damage_healed":0,"gold_gain":0,"player_choice":"Offered Basic","damage_taken":0,"max_hp_gain":0,"max_hp_loss":0,"event_name":"Bonfire Elementals","floor":3,"gold_loss":0},{"damage_healed":0,"gold_gain":30,"player_choice":"Searched \u00272\u0027 times","damage_taken":0,"max_hp_gain":0,"max_hp_loss":0,"event_name":"Dead Adventurer","floor":11,"gold_loss":0},{"damage_healed":0,"gold_gain":0,"player_choice":"Forge","damage_taken":0,"max_hp_gain":0,"max_hp_loss":0,"event_name":"Accursed Blacksmith","floor":12,"gold_loss":0,"cards_upgraded":["A Thousand Cuts"]}],"is_beta":false,"boss_relics":[{"not_picked":["Tiny House","Runic Dome"],"picked":"Ring of the Serpent"}],"items_purged_floors":[0],"is_endless":false,"potions_floor_spawned":[8,13,20,22],"killed_by":"Slavers","ascension_level":5}}