{"host":"dwyzfvnzfcqffr30","time":1614170865,"event":{"mods":["2.2 Compatiblity","Act Like it!","Aspiration","BaseMod","Beaked The Cultist","Better Altar","Better Match","Better Note","Better Sensory Stone","Better Skull","Better Third Choice","Clockwork Mod","Colored Map","Colored Powertips","Conspire","Downfall","Elementarium","GifTheSpireLib","Halation","Hermit","Hubris","Infinite Spire","Ironclad Rager","Jedi Mod","Menagerie","Mimic Mod","Minty Spire (QoL Compilation)","Permanent Neow","Random Character Button","Relic Filter Mod","Reliquary","Replay The Spire","Shapeshifter Mod","Spicy Shops","Spikes Relics","StSLib","Stuff the Spire","The Construct","The Disciple","The Druid","The Marked","TheFirefly","Trackpad","Wandering Minibosses"],"gold_per_floor":[118,139,159,159,183,226,226,113,129,150,161,179,195,218,218,264,293,315,315,315,352,352,376,365,290,290,308,325,77,77,97,97,135,139,150,150,164,176,5,25,25,43,55,55,64,75,86,103,103,103,103],"floor_reached":50,"language":"ENG","playtime":4958,"items_purged":["Bash+1"],"score":1443,"play_id":"26889551-85ec-4db1-a3b3-725ba22278e2","local_time":"20210224044745","is_ascension_mode":true,"campfire_choices":[{"floor":7,"key":"RECALL"},{"floor":15,"key":"REST"},{"floor":30,"key":"REST"},{"data":"Perfected Strike+1","floor":32,"key":"SMITH"},{"data":"Flex+2","floor":41,"key":"SMITH"},{"data":"Flex+3","floor":49,"key":"SMITH"}],"circlet_count":0,"master_deck":["AscendersBane","theDruid:BristlingDefense+4","Strike_R+1","Strike_R+2","Strike_R+1","Strike_R+1","Strike_R+1","Defend_R+1","Defend_R+1","Defend_R+1","Defend_R+1","Perfected Strike+2","MasterReality+1","Apotheosis+1","Thunderclap+1","Armaments+1","Flex+4","Pommel Strike+1","Disarm+1","Perfected Strike+1","Metallicize+1","Pommel Strike+1","Cleave+1","DevaForm+1","Shockwave+1","conspire:ExplosiveBarrier+1","Perfected Strike+1"],"relics":["Burning Blood","Bottled Tornado","hubris:TinFlute","halation:Prosthetics","infinitespire:EvilPickle","conspire:InfiniteJournal","SacredBark","Quantum Egg","Molten Egg 2","Toxic Egg 2","Frozen Egg 2","LugNut","Menagerie:Aurumvore","reliquary:Knoch","trackpad:StainlessSteel","CeramicFish","Tiny House","reliquary:FingerTrap","beaked:SacredNecklace","trackpad:WindUpAutoDealer","wanderingMiniBosses:OtherGremlinHorn","hubris:PeanutButter","reliquary:FingerTrap","Ancient Tea Set","beaked:SacredDeck","infinitespire:Lucky Rock","StuffTheSpire:EmeraldSignet","Bronze Scales","reliquary:ExpiredCoupon","reliquary:SharkskinSheath"],"acts_visited":["Menagerie:Menagerie","TheCity","TheBeyond"],"potions_floor_usage":[3,6,16,23,23,27,38,42,46,50],"damage_taken":[{"damage":0,"enemies":"Menagerie:2_RABBITS","floor":1,"turns":3},{"damage":0,"enemies":"Menagerie:WhisperingWraith","floor":2,"turns":4},{"damage":0,"enemies":"Menagerie:MonstrousExperiment","floor":3,"turns":1},{"damage":1,"enemies":"Menagerie:3_RABBITS","floor":5,"turns":4},{"damage":13,"enemies":"Menagerie:VoidReaper","floor":6,"turns":6},{"damage":14,"enemies":"Menagerie:STYGIAN_BOAR_AND_WHISPERING_WRAITH","floor":9,"turns":5},{"damage":19,"enemies":"Menagerie:MaskedSummoner","floor":10,"turns":6},{"damage":16,"enemies":"Menagerie:STYGIAN_BOAR_AND_WHISPERING_WRAITH","floor":11,"turns":4},{"damage":10,"enemies":"Menagerie:Hydra","floor":12,"turns":3},{"damage":0,"enemies":"Menagerie:RedMage","floor":13,"turns":3},{"damage":15,"enemies":"Menagerie:VoidReaper","floor":14,"turns":5},{"damage":9,"enemies":"Menagerie:Suneater","floor":16,"turns":6},{"damage":3,"enemies":"Chosen","floor":18,"turns":3},{"damage":12,"enemies":"Slavers","floor":23,"turns":2},{"damage":14,"enemies":"2 Thieves","floor":24,"turns":6},{"damage":0,"enemies":"Snake Plant","floor":27,"turns":2},{"damage":0,"enemies":"Cultist and Chosen","floor":28,"turns":3},{"damage":0,"enemies":"conspire:SneckoGhost","floor":31,"turns":4},{"damage":0,"enemies":"conspire:MysteriousRune","floor":33,"turns":5},{"damage":16,"enemies":"3 Darklings","floor":35,"turns":4},{"damage":6,"enemies":"Orb Walker","floor":37,"turns":4},{"damage":1,"enemies":"Writhing Mass","floor":38,"turns":4},{"damage":0,"enemies":"Giant Head","floor":40,"turns":4},{"damage":7,"enemies":"Reptomancer","floor":42,"turns":3},{"damage":0,"enemies":"Transient","floor":45,"turns":5},{"damage":0,"enemies":"Jaw Worm Horde","floor":46,"turns":2},{"damage":14,"enemies":"Maw","floor":47,"turns":3},{"damage":0,"enemies":"Nemesis","floor":48,"turns":5},{"damage":49,"enemies":"hubris:GrandSnecko","floor":50,"turns":4}],"seed_played":"3686773099555279284","potions_obtained":[{"floor":1,"key":"champ:CounterPotion"},{"floor":5,"key":"Toxic Potion"},{"floor":12,"key":"Explosive Potion"},{"floor":14,"key":"FearPotion"},{"floor":17,"key":"Milkshake"},{"floor":24,"key":"ColorlessPotion"},{"floor":27,"key":"jedi:tentaclejuice"},{"floor":37,"key":"BlessingOfTheForge"},{"floor":38,"key":"SteroidPotion"},{"floor":45,"key":"Block Potion"}],"is_trial":false,"path_per_floor":["M","M","M","?","M","E","R","?","MIM","E","M","E","M","E","R","B",null,"M","?","?","?","AVR","E","M","?","T","M","M","$","R","E","R","B",null,"M","?","M","M","$","E","R","E","T","$","M","M","M","E","R_BF","B"],"character_chosen":"IRONCLAD","items_purchased":["reliquary:FingerTrap","infinitespire:Lucky Rock"],"campfire_rested":2,"item_purchase_floors":[29,39],"current_hp_per_floor":[40,40,40,33,38,31,31,31,23,10,30,26,32,23,35,32,43,45,45,45,39,39,33,25,25,25,31,37,37,45,45,45,45,45,35,35,35,40,40,45,45,44,44,44,45,45,37,43,43,0,0],"gold":103,"neow_bonus":"THREE_CARDS","is_daily":false,"chose_seed":false,"campfire_upgraded":3,"win_rate":0.0,"timestamp":1614170865,"path_taken":["M","M","M","?","M","E","R","?","MIM","E","M","E","?","E","R","BOSS","M","?","?","?","AVR","E","?","?","T","M","M","?","R","E","R","BOSS","M","?","M","M","$","E","R","E","T","$","M","M","M","E","R_BF","BOSS"],"items_purchased_type":["Relic","Relic"],"build_version":"2020-12-22","purchased_purges":1,"victory":false,"max_hp_per_floor":[40,40,40,40,40,40,40,40,40,40,40,40,40,40,40,40,45,45,45,45,45,45,45,45,45,45,45,45,45,45,45,45,45,45,45,45,45,45,45,45,45,45,45,45,45,45,45,45,45,45,45],"card_choices":[{"not_picked":["Power Through","Havoc"],"picked":"Perfected Strike","floor":0},{"not_picked":["Absolvement+1","StuffTheSpire:Incineration+1","Body Slam+1"],"picked":"SKIP","floor":1},{"not_picked":["StuffTheSpire:Slingshot+1","Heavy Blade+1","Body Slam+1"],"picked":"SKIP","floor":2},{"not_picked":["Infernal Blade+1","Havoc+1"],"picked":"Thunderclap+1","floor":3},{"not_picked":["Blood for Blood+1","StuffTheSpire:Resist+1"],"picked":"Armaments+1","floor":5},{"not_picked":["Life Link+1","jedi:collectorstrike+1"],"picked":"Flex+1","floor":6},{"not_picked":["ReplayTheSpireMod:Strike From Hell+1","conspire:ExplosiveBarrier+1","Whirlwind+1"],"picked":"SKIP","floor":10},{"not_picked":["Entrench+1","hubris:CleavingFinish+1"],"picked":"Pommel Strike+1","floor":11},{"not_picked":["ReplayTheSpireMod:Stacked+1","Demonic Infusion+1","Replay:Undeath\u0027s Touch+1"],"picked":"SKIP","floor":12},{"not_picked":["Warcry+1","Rupture+1","Invigoration+1"],"picked":"SKIP","floor":13},{"not_picked":["StuffTheSpire:Slingshot+1","jedi:bloodyhammer+1","Headbutt+1"],"picked":"SKIP","floor":14},{"not_picked":["jedi:fear+1","Inflame+1"],"picked":"Disarm+1","floor":17},{"not_picked":["Havoc+1","Warcry+1"],"picked":"Perfected Strike+1","floor":18},{"not_picked":["Pummel+1","Shrug It Off+1","Searing Blow+1"],"picked":"SKIP","floor":23},{"not_picked":["Flex+1","Clash+1"],"picked":"Metallicize+1","floor":24},{"not_picked":["Wild Strike+1","Thunderclap+1"],"picked":"Pommel Strike+1","floor":27},{"not_picked":["Second Wind+1","Anger+1","Body Slam+1"],"picked":"SKIP","floor":28},{"not_picked":["Warcry+1","Clash+1"],"picked":"Cleave+1","floor":31},{"not_picked":["jedi:fear+1","Dual Wield+1","Warcry+1"],"picked":"SKIP","floor":35},{"not_picked":["infinitespire:OneForAll+1","Berserk+1"],"picked":"Shockwave+1","floor":37},{"not_picked":["Sword Boomerang+1","Body Slam+1","Thunderclap+1"],"picked":"SKIP","floor":38},{"not_picked":["Pommel Strike+1","Clothesline+1"],"picked":"conspire:ExplosiveBarrier+1","floor":40},{"not_picked":["jedi:harder+1","Clothesline+1"],"picked":"Perfected Strike+1","floor":42},{"not_picked":["Pummel+1","Armaments+1","True Grit+1"],"picked":"SKIP","floor":45},{"not_picked":["Intimidate+1","Body Slam+1","Pommel Strike+1"],"picked":"SKIP","floor":46},{"not_picked":["conspire:ExplosiveBarrier+1","Wild Strike+1","ReplayTheSpireMod:Strike From Hell+1"],"picked":"SKIP","floor":47},{"not_picked":["Sever Soul+1","Sentinel+1","Dark Embrace+1"],"picked":"SKIP","floor":48}],"player_experience":3560316,"relics_obtained":[{"floor":6,"key":"LugNut"},{"floor":10,"key":"reliquary:Knoch"},{"floor":12,"key":"trackpad:StainlessSteel"},{"floor":14,"key":"CeramicFish"},{"floor":23,"key":"trackpad:WindUpAutoDealer"},{"floor":24,"key":"wanderingMiniBosses:OtherGremlinHorn"},{"floor":26,"key":"hubris:PeanutButter"},{"floor":31,"key":"Ancient Tea Set"},{"floor":40,"key":"StuffTheSpire:EmeraldSignet"},{"floor":42,"key":"Bronze Scales"},{"floor":43,"key":"reliquary:ExpiredCoupon"},{"floor":48,"key":"reliquary:SharkskinSheath"}],"event_choices":[{"damage_healed":0,"gold_gain":0,"player_choice":"Simplicity","damage_taken":0,"max_hp_gain":0,"max_hp_loss":9,"event_name":"betterThird:BetterWriting","floor":0,"gold_loss":0},{"damage_healed":0,"gold_gain":0,"player_choice":"Help the mage","damage_taken":7,"max_hp_gain":0,"max_hp_loss":0,"event_name":"Menagerie:MageAndMonster","floor":4,"gold_loss":0,"cards_obtained":["Menagerie:SagesJudgement"]},{"damage_healed":0,"gold_gain":0,"player_choice":"Pacify","damage_taken":0,"relics_obtained":["Menagerie:Aurumvore"],"max_hp_gain":0,"max_hp_loss":0,"event_name":"Menagerie:ScentOfGold","floor":8,"gold_loss":0},{"cards_removed":["Menagerie:SagesJudgement"],"damage_healed":0,"gold_gain":0,"player_choice":"Gave Gold","damage_taken":0,"max_hp_gain":0,"max_hp_loss":0,"event_name":"Beggar","floor":25,"gold_loss":75},{"damage_healed":0,"gold_gain":0,"player_choice":"Upgraded","damage_taken":0,"max_hp_gain":0,"max_hp_loss":0,"event_name":"Upgrade Shrine","floor":36,"gold_loss":0,"cards_upgraded":["Flex"]}],"is_beta":false,"boss_relics":[{"not_picked":["aspiration:RunicSpoon","Replay:Wanted Poster"],"picked":"Tiny House"},{"not_picked":["Replay:Bronze Core","Electric Blood"],"picked":"beaked:SacredDeck"}],"items_purged_floors":[29],"is_endless":false,"potions_floor_spawned":[1,5,10,12,14,18,24,27,37,38,42,45],"killed_by":"hubris:GrandSnecko","ascension_level":18}}