{"host":"q79dm2j0pr18ov08","time":1614128643,"event":{"mods":["Act Like it!","Arknights","BaseMod","CapriCore","Colored Powertips","Downfall","Gensokyo","Googly Eyes","Koishi","Marisa（F雨　魔理沙）","Minty Spire (QoL Compilation)","MostiFishMod","Pale of the Ancients","Reimu（博丽灵梦）","Replay The Spire","Ruina","RumiaBox-露米娅的神秘盒子","StSLib","TestMod","The Administrix","The Construct","The Immortal","The IronCluck","The Jungle","The Servant 0.9.4","UnlockEverythingMod","Waifu the Spire","[IsaacMod]以撒尖塔","【遗物卡牌】REMEMod"],"gold_per_floor":[99,110,129,529,589,599,622,622,717,750,750,484,496,496,515,611,611,411,429,441,491,509,539,594,494,513,532,547,547,575,575,575,590,602,700,700,700,711,761,775,826,826,851,851,883,896,915,274,274,79,96,111,111,147,27,27,85,85,85],"floor_reached":57,"language":"ZHS","playtime":3629,"items_purged":["hexamod:Strike","hexamod:Strike","hexamod:Defend","Pride"],"score":1202,"play_id":"d5ecb690-64c2-4900-8d17-9741f34e1cfc","local_time":"20210224090403","is_ascension_mode":true,"campfire_choices":[{"floor":1,"key":"RECALL"},{"data":"testmod-Collector","floor":8,"key":"SMITH"},{"data":"hexamod:VolcanoVisage","floor":25,"key":"SMITH"},{"floor":37,"key":"DIG"},{"data":"hexamod:SearingWound","floor":44,"key":"SMITH"},{"data":"hexamod:AdvancingGuard","floor":49,"key":"SMITH"}],"circlet_count":26,"master_deck":["testmod-Collector+1","hexamod:AdvancingGuard+1","hexamod:FlamesFromBeyond+1","hexamod:SoulSteal+1","hexamod:ExtraCrispy+1","hexamod:BurningTouch+1","expansioncontent:QuickStudy+1","hexamod:ThirdSeal","hexamod:VolcanoVisage+1","hexamod:HeatMetal+1","hexamod:BurningTouch+1","hexamod:Firestarter+1","hexamod:SearingWound+1","hexamod:AdvancingGuard+1","hexamod:BurningTouch+1","hexamod:FlamesFromBeyond+1","hexamod:Hexaguard+1","hexamod:SixthSeal","hexamod:SpectersWail+1","hexamod:BurningTouch+1","Pot Of Greed+1","Pot Of Greed+1","Pot Of Greed+1","hexamod:UnleashSpirits+1","hexamod:GhostflameInferno+1","hexamod:HexaLevel+1","hexamod:ParanormalForm+1","hexamod:SixthSeal","hexamod:SearingWound+1","Spreading Infection","Gensokyo:AllTheWorldsEvil","downfall:Bewildered"],"relics":["hexamod:SpiritBrand","HushsDoor","DaveBox","REME_ComplimentaryCards","BirthdayGift-Icosahedron","testmod-RealStoneCalender","BookOfRevelations","Question Card","RuthlessExorcism:ReiMu","testmod-RandomTest","REME_ChargedStone","BelialBook","downfall:HeartBlessingGreen","downfall:HeartBlessingRed","Mastiff:ReiMu","Letter Opener","PreservedInsect","SSSystem","downfall:HeartBlessingBlue","The Courier","testmod-TimeTraveler","SatanicBible","Nunchaku","Ice Cream","testmod-Acrobat","ReplayTheSpireMod:Lightbulb","Tea:ReiMu","ReplayTheSpireMod:TigerMarble","Whetstone","ReplayTheSpireMod:Ninjato","Replay:Wax Seal","Boot","Bronze Scales","hexamod:MatchstickCase","Replay:Accelerometer","D6","DiscerningMonocle","REME_HandOfSuture","construct:RocketBooster","construct:FoamFinger","Garlic","Replay:Bottled Steam","Bag of Preparation","Replay:Ringing Soul","Strawberry","Eternal Feather","Happy Flower","Replay:Mystery Machine","testmod-Muramasa","Blood Vial","testmod-InjuryResistance","Replay:Rubber Ducky","testmod-InfectionSource","PillsDrop","Du-Vu Doll","Blue Candle","Ornamental Fan","Mercury Hourglass","TheBean","DoctorsRemote","BookofShadows","testmod-IndustrialRevolution","Bottled Lightning","GodSword7","GodSword3","Replay:Bandana","Centennial Puzzle","War Paint","Bottled Flame","Anchor","Replay:Baseball","Gremlin Horn","CrazyTorch:ReiMu","Mummified Hand","Golden Egg","testmod-LifeArmor","ZombieArmy","REME_PuzzleBoxRelic","GodSword6","Blue Doll","Gremlin Food","Ccalipers","Onion Ring","REME_HourglassOfDeath","Bag of Marbles","testmod-Antiphasic","REME_LimitBreaker","Toy Ornithopter","Bottled Tornado","Simple Rune","MoreBug","SynthV:C4","Vajra","testmod-IntensifyImprint","Pet Ghost","MostiFishMod:Haymaker","REME_ArchaeologicalTools","Oddly Smooth Stone","SalivaCoin","testmod-Hope","testmod-TurbochargingSystem","Chameleon Ring","StrikeDummy","GnawedLeaf","HowToJump","testmod-BlackFramedGlasses","Kunai","Art of War","ImprovedEquipment","ThornShield","Pen Nib","testmod-AssaultLearning","Grinning Jar","Replay:Bottled Snecko","testmod-ArcanaOfDestiny","testmod-CyclicPeriapt","Replay:Kaleidoscope","InkBottle","Replay:Bottled Flurry","testmod-Justice","MagicDraw1","White Beast Statue","Pantograph","Iron Hammer","DeadEye","hexamod:InflammatoryLetter","hexamod:SoulConsumer","MagicDraw3","MagicDraw2","REME_IWantAll","ReplayTheSpireMod:Shallot","YumHeart","StoneCalendar","LastBattle","Quantum Egg","Durian","Snack Pack","SumBook","Shuriken","Replay:Bottled Eggs","Divine Protection","testmod-ObsoleteBoomerang","HornCleat","SharpPlug","Mirror","GodSword1","testmod-Déjàvu","TheBible","Sundial","MagicDraw4","GodSword5","testmod-CasingShield","DeathBook","Replay:WaspNest","PokeGo","Lizard Tail","Calipers","Replay:Arrowhead","PlanX","Damocles","Pocketwatch","testmod-ThousandKnives","EdensBlessing","BionicSphere","testmod-Nyarlathotep","HollowDreamFlower","PunchingBag","testmod-Maize","Leech","testmod-ConstraintPeriapt","testmod-HeartOfStrike","construct:BoolHorns","Torii","DaCapo","testmod-RainbowHikingShoes","Replay:Multitool","Ginger","PureWhite:ReiMu","Diplopia","Gambling Chip","testmod-EqualTreatment","CombinedTypeHook","Thread and Needle","testmod-CrystalShield","Unceasing Top","SentryEyes","ArrowTower","Bird Faced Urn","Replay:PocketPolymizer","D4","Mango","testmod-TheFather","ChaoDraw","testmod-Brilliant","ForgetMeNow","Void","SecretRecord","Pondfish Scales","CaptainsWheel","GuppysHead","testmod-BouquetWithThorns","testmod-Fortitude","FossilizedHelix","Counterbalance","Dead Branch","Replay:Towering Pillar of Hats","Incense Burner","testmod-Laevatain","MoneyPower","BlankCard","testmod-FatalChain","TungstenRod","OriginationStaff","Turnip","Circlet","Pear","GodSword4"],"acts_visited":["Exordium","TheCity","TheBeyond","TheEnding"],"potions_floor_usage":[23],"damage_taken":[{"damage":0,"enemies":"ats:Genji","floor":2,"turns":3},{"damage":0,"enemies":"Small Slimes","floor":3,"turns":1},{"damage":0,"enemies":"Gremlin Nob","floor":5,"turns":3},{"damage":0,"enemies":"Cultist","floor":6,"turns":2},{"damage":0,"enemies":"Gremlin Nob","floor":10,"turns":2},{"damage":0,"enemies":"downfall:FleeingMerchant","floor":12,"turns":4},{"damage":0,"enemies":"downfall:LooterAlt","floor":13,"turns":2},{"damage":0,"enemies":"Lots of Slimes","floor":15,"turns":2},{"damage":0,"enemies":"DF_ARCHETYPE_STREAMLINE","floor":16,"turns":4},{"damage":0,"enemies":"Shell Parasite","floor":19,"turns":3},{"damage":0,"enemies":"Chosen","floor":20,"turns":2},{"damage":0,"enemies":"Hiden Room Battle","floor":21,"turns":2},{"damage":0,"enemies":"Snecko","floor":22,"turns":3},{"damage":18,"enemies":"Gremlin Leader","floor":23,"turns":3},{"damage":10,"enemies":"Shelled Parasite and Fungi","floor":26,"turns":3},{"damage":8,"enemies":"Centurion and Healer","floor":27,"turns":3},{"damage":0,"enemies":"Snecko","floor":28,"turns":3},{"damage":0,"enemies":"Book of Stabbing","floor":30,"turns":3},{"damage":0,"enemies":"3 Cultists","floor":33,"turns":1},{"damage":0,"enemies":"Cultist and Chosen","floor":34,"turns":1},{"damage":0,"enemies":"IC_MUSHROOM_ARCHETYPE","floor":35,"turns":3},{"damage":0,"enemies":"Orb Walker","floor":38,"turns":1},{"damage":15,"enemies":"Orb Walker","floor":39,"turns":3},{"damage":0,"enemies":"3 Shapes","floor":40,"turns":1},{"damage":0,"enemies":"Giant Head","floor":45,"turns":2},{"damage":0,"enemies":"Sphere and 2 Shapes","floor":46,"turns":1},{"damage":0,"enemies":"Maw","floor":47,"turns":2},{"damage":0,"enemies":"downfall:FleeingMerchant","floor":48,"turns":1},{"damage":0,"enemies":"4 Shapes","floor":51,"turns":1},{"damage":0,"enemies":"SI_POISON_ARCHETYPE","floor":52,"turns":2},{"damage":0,"enemies":"downfall:CharBossMerchant","floor":54,"turns":2}],"seed_played":"-5834295898312910704","potions_obtained":[{"floor":3,"key":"Regen Potion"},{"floor":5,"key":"GamblersBrew"},{"floor":6,"key":"GrandPatriotsElixir:ReiMu"},{"floor":19,"key":"Weak Potion"},{"floor":21,"key":"champ:CounterPotion"},{"floor":23,"key":"REME_GoldPotion"},{"floor":26,"key":"Explosive Potion"},{"floor":33,"key":"Reflective Coating"}],"is_trial":false,"path_per_floor":["R","M","M","?","?","M","T","R","?","E","?","$","M","?","M","B",null,"R","M","M","?","M","E","T","R","M","M","M","?","E","PTL","PTL","M","M","B",null,"R","M","?","M","?","?","T","R","E","M","M","$","R","$","M","B",null,"E","$","R","B"],"character_chosen":"THE_SPIRIT","items_purchased":["expansioncontent:QuickStudy","BelialBook","SatanicBible","ReplayTheSpireMod:TigerMarble","Whetstone","ReplayTheSpireMod:Ninjato","Replay:Wax Seal","Boot","Bronze Scales","hexamod:MatchstickCase","Replay:Accelerometer","DiscerningMonocle","REME_HandOfSuture","construct:RocketBooster","construct:FoamFinger","Garlic","Replay:Bottled Steam","Bag of Preparation","Replay:Ringing Soul","Strawberry","Eternal Feather","Happy Flower","Replay:Mystery Machine","testmod-Muramasa","Blood Vial","testmod-InjuryResistance","Replay:Rubber Ducky","testmod-InfectionSource","PillsDrop","Du-Vu Doll","Blue Candle","Ornamental Fan","Mercury Hourglass","TheBean","DoctorsRemote","BookofShadows","testmod-IndustrialRevolution","Bottled Lightning","GodSword7","GodSword3","Replay:Bandana","Centennial Puzzle","War Paint","Bottled Flame","Anchor","Replay:Baseball","Gremlin Horn","CrazyTorch:ReiMu","Mummified Hand","Golden Egg","testmod-LifeArmor","ZombieArmy","REME_PuzzleBoxRelic","GodSword6","Blue Doll","Gremlin Food","Ccalipers","Onion Ring","REME_HourglassOfDeath","Bag of Marbles","testmod-Antiphasic","REME_LimitBreaker","Toy Ornithopter","Bottled Tornado","Simple Rune","MoreBug","SynthV:C4","Vajra","testmod-IntensifyImprint","Pet Ghost","MostiFishMod:Haymaker","REME_ArchaeologicalTools","Oddly Smooth Stone","SalivaCoin","testmod-Hope","testmod-TurbochargingSystem","Chameleon Ring","StrikeDummy","GnawedLeaf","HowToJump","testmod-BlackFramedGlasses","Kunai","Art of War","ImprovedEquipment","ThornShield","Pen Nib","testmod-AssaultLearning","Grinning Jar","Replay:Bottled Snecko","testmod-ArcanaOfDestiny","testmod-CyclicPeriapt","Replay:Kaleidoscope","InkBottle","Replay:Bottled Flurry","testmod-Justice","MagicDraw1","White Beast Statue","Pantograph","Iron Hammer","DeadEye","hexamod:InflammatoryLetter","hexamod:SoulConsumer","MagicDraw3","MagicDraw2","REME_IWantAll","ReplayTheSpireMod:Shallot","YumHeart","StoneCalendar","LastBattle","Quantum Egg","Durian","Snack Pack","SumBook","Shuriken","Replay:Bottled Eggs","Divine Protection","testmod-ObsoleteBoomerang","HornCleat","SharpPlug","Mirror","GodSword1","testmod-Déjàvu","TheBible","Sundial","MagicDraw4","GodSword5","testmod-CasingShield","DeathBook","Replay:WaspNest","PokeGo","Lizard Tail","Calipers","Replay:Arrowhead","PlanX","Damocles","Pocketwatch","testmod-ThousandKnives","EdensBlessing","BionicSphere","testmod-Nyarlathotep","HollowDreamFlower","PunchingBag","testmod-Maize","Leech","testmod-ConstraintPeriapt","testmod-HeartOfStrike","construct:BoolHorns","Torii","DaCapo","testmod-RainbowHikingShoes","Replay:Multitool","Ginger","PureWhite:ReiMu","Diplopia","Gambling Chip","testmod-EqualTreatment","CombinedTypeHook","Thread and Needle","testmod-CrystalShield","Unceasing Top","SentryEyes","ArrowTower","Bird Faced Urn","Replay:PocketPolymizer","D4","Mango","testmod-TheFather","ChaoDraw","testmod-Brilliant","ForgetMeNow","Void","SecretRecord","Pondfish Scales","CaptainsWheel","GuppysHead","testmod-BouquetWithThorns","testmod-Fortitude","FossilizedHelix","Counterbalance","Dead Branch","Replay:Towering Pillar of Hats","Incense Burner","testmod-Laevatain","MoneyPower","BlankCard","testmod-FatalChain","TungstenRod","OriginationStaff","Turnip","Circlet","Circlet","Circlet","Pear","Circlet","Circlet","GodSword4","Circlet","Circlet","Circlet","Circlet","Circlet","Circlet","Circlet","Circlet","Circlet","Circlet","Circlet","Circlet","Circlet","Circlet","Circlet","Circlet","Circlet","Circlet","Circlet","Circlet","Circlet"],"campfire_rested":0,"item_purchase_floors":[12,17,36,48,48,48,48,48,48,48,50,55,55,55,55,55,55,55,55,55,55,55,55,55,55,55,55,55,55,55,55,55,55,55,55,55,55,55,55,55,55,55,55,55,55,55,55,55,55,55,55,55,55,55,55,55,55,55,55,55,55,55,55,55,55,55,55,55,55,55,55,55,55,55,55,55,55,55,55,55,55,55,55,55,55,55,55,55,55,55,55,55,55,55,55,55,55,55,55,55,55,55,55,55,55,55,55,55,55,55,55,55,55,55,55,55,55,55,55,55,55,55,55,55,55,55,55,55,55,55,55,55,55,55,55,55,55,55,55,55,55,55,55,55,55,55,55,55,55,55,55,55,55,55,55,55,55,55,55,55,55,55,55,55,55,55,55,55,55,55,55,55,55,55,55,55,55,55,55,55,55,55,55,55,55,55,55,55,55,55,55,55,55,55,55,55,55,55,55,55,55,55,55,55,55,55,55,55,55,55,55,55,55,55,55,55,55],"current_hp_per_floor":[70,70,70,70,70,70,70,70,55,56,56,57,58,58,59,60,60,60,60,60,60,60,43,43,53,44,37,38,38,39,39,39,40,41,42,55,55,55,41,42,42,42,42,42,43,44,45,46,46,46,47,48,55,55,99,99,99,99,99],"gold":85,"neow_bonus":"THREE_CARDS","is_daily":false,"chose_seed":false,"campfire_upgraded":4,"win_rate":0.0,"timestamp":1614128643,"path_taken":["R","M","M","?","?","M","T","R","?","E","?","$","?","?","M","BOSS","R","M","M","?","M","E","T","R","M","M","M","?","E","PTL","PTL","?","M","BOSS","R","M","?","M","?","?","T","R","E","M","M","$","R","?","M","BOSS","E","$","R","BOSS"],"items_purchased_type":["Card","Relic","Relic","Relic","Relic","Relic","Relic","Relic","Relic","Relic","Relic","Relic","Relic","Relic","Relic","Relic","Relic","Relic","Relic","Relic","Relic","Relic","Relic","Relic","Relic","Relic","Relic","Relic","Relic","Relic","Relic","Relic","Relic","Relic","Relic","Relic","Relic","Relic","Relic","Relic","Relic","Relic","Relic","Relic","Relic","Relic","Relic","Relic","Relic","Relic","Relic","Relic","Relic","Relic","Relic","Relic","Relic","Relic","Relic","Relic","Relic","Relic","Relic","Relic","Relic","Relic","Relic","Relic","Relic","Relic","Relic","Relic","Relic","Relic","Relic","Relic","Relic","Relic","Relic","Relic","Relic","Relic","Relic","Relic","Relic","Relic","Relic","Relic","Relic","Relic","Relic","Relic","Relic","Relic","Relic","Relic","Relic","Relic","Relic","Relic","Relic","Relic","Relic","Relic","Relic","Relic","Relic","Relic","Relic","Relic","Relic","Relic","Relic","Relic","Relic","Relic","Relic","Relic","Relic","Relic","Relic","Relic","Relic","Relic","Relic","Relic","Relic","Relic","Relic","Relic","Relic","Relic","Relic","Relic","Relic","Relic","Relic","Relic","Relic","Relic","Relic","Relic","Relic","Relic","Relic","Relic","Relic","Relic","Relic","Relic","Relic","Relic","Relic","Relic","Relic","Relic","Relic","Relic","Relic","Relic","Relic","Relic","Relic","Relic","Relic","Relic","Relic","Relic","Relic","Relic","Card","Relic","Relic","Relic","Relic","Relic","Relic","Relic","Relic","Relic","Relic","Relic","Relic","Relic","Relic","Relic","Relic","Relic","Relic","Undefined","Undefined","Undefined","Relic","Undefined","Undefined","Relic","Undefined","Undefined","Undefined","Undefined","Undefined","Undefined","Undefined","Undefined","Undefined","Undefined","Undefined","Undefined","Undefined","Undefined","Undefined","Undefined","Undefined","Undefined","Undefined","Undefined","Undefined"],"build_version":"2020-12-22","purchased_purges":4,"victory":false,"max_hp_per_floor":[70,70,70,70,70,70,70,70,70,70,70,70,70,70,70,70,60,60,60,60,60,60,60,60,70,70,70,70,70,70,70,70,70,70,70,55,55,55,55,55,55,55,55,55,55,55,55,55,55,55,55,55,55,55,99,99,99,99,99],"card_choices":[{"not_picked":["hexamod:Hexaguard","hexamod:RecurringNightmare"],"picked":"hexamod:AdvancingGuard","floor":2},{"not_picked":["hexamod:AdvancingGuard","hexamod:DynamicBlow"],"picked":"hexamod:FlamesFromBeyond","floor":3},{"not_picked":["hexamod:GhostflameBarrier","hexamod:SpectralAdrenaline"],"picked":"hexamod:SoulSteal","floor":5},{"not_picked":["hexamod:ChargedBarrage","hexamod:StepThrough","hexamod:ThermalTransfer"],"picked":"hexamod:ExtraCrispy","floor":6},{"not_picked":["hexamod:AdvancingGuard","hexamod:FlamesFromBeyond","hexamod:ThermalTransfer"],"picked":"hexamod:BurningTouch","floor":10},{"not_picked":["hexamod:GhostflameBarrier","hexamod:PhantomCloak","hexamod:FastForward"],"picked":"Bomb","floor":12},{"not_picked":["hexamod:FlamesFromBeyond","hexamod:SwordOfDarkness","hexamod:HauntingEcho"],"picked":"hexamod:ThirdSeal","floor":13},{"not_picked":["hexamod:EtherealExpedition","hexamod:UnleashSpirits","hexamod:ShieldOfDarkness","hexamod:SkipABeat"],"picked":"SKIP","floor":15},{"not_picked":["hexamod:UnlimitedPower","hexamod:SearingWound","hexamod:TimeOfNeed"],"picked":"hexamod:VolcanoVisage","floor":16},{"not_picked":["hexamod:HauntingEcho","hexamod:GhostShield","hexamod:Again","hexamod:RetreatToShadows"],"picked":"SKIP","floor":19},{"not_picked":["hexamod:FastForward","hexamod:HauntingEcho","hexamod:NightmareStrike"],"picked":"hexamod:HeatMetal","floor":20},{"not_picked":["hexamod:InspiringFlames","hexamod:GhostOfSpirePast","hexamod:SwordOfDarkness+1","hexamod:HauntingEcho"],"picked":"SKIP","floor":20},{"not_picked":["hexamod:NecessarySacrifice+1","hexamod:HauntingEcho","hexamod:NightmareStrike"],"picked":"hexamod:BurningTouch+1","floor":21},{"not_picked":["hexamod:ThirdSeal","hexamod:FlamesFromBeyond+1","hexamod:RetreatToShadows"],"picked":"hexamod:Firestarter","floor":22},{"not_picked":["hexamod:FastForward","hexamod:Rewind","hexamod:FourthSeal","hexamod:HauntingEcho"],"picked":"SKIP","floor":22},{"not_picked":["hexamod:HeatCrush","hexamod:BurningTouch","hexamod:GiftsFromTheDead"],"picked":"hexamod:SearingWound","floor":23},{"not_picked":["hexamod:ThermalTransfer","hexamod:NecessarySacrifice","hexamod:HeatMetal","hexamod:GhostShield+1"],"picked":"SKIP","floor":23},{"not_picked":["hexamod:ThermalTransfer","hexamod:NightmareStrike+1","hexamod:InspiringFlames"],"picked":"hexamod:AdvancingGuard+1","floor":26},{"not_picked":["hexamod:SwordOfDarkness","hexamod:TimeOfNeed","hexamod:ChargedBarrage"],"picked":"hexamod:BurningTouch+1","floor":26},{"not_picked":["hexamod:Rewind","hexamod:ThermalTransfer","hexamod:Hexaguard"],"picked":"hexamod:FlamesFromBeyond+1","floor":27},{"not_picked":["hexamod:HeatMetal+1","hexamod:Again","hexamod:ShieldOfDarkness+1","hexamod:Hexaguard"],"picked":"SKIP","floor":28},{"not_picked":["hexamod:HauntingEcho","hexamod:SpectersWail+1","hexamod:SkipABeat"],"picked":"hexamod:Hexaguard+1","floor":30},{"not_picked":["hexamod:FlamesFromBeyond","hexamod:SwordOfDarkness","hexamod:GhostShield","hexamod:EtherealExpedition+1"],"picked":"SKIP","floor":33},{"not_picked":["hexamod:StepThrough+1","hexamod:BurningTouch","hexamod:NightmareStrike","hexamod:RetreatToShadows"],"picked":"SKIP","floor":34},{"not_picked":["hexamod:GiftsFromTheDead","hexamod:TimeWarp","hexamod:SearingWound"],"picked":"hexamod:SixthSeal","floor":35},{"not_picked":["hexamod:NightmareGuise","hexamod:BurningTouch","hexamod:Again"],"picked":"hexamod:SpectersWail+1","floor":38},{"not_picked":["hexamod:ThermalTransfer","hexamod:HeatMetal+1","hexamod:Hexaguard","hexamod:Firestarter"],"picked":"SKIP","floor":38},{"not_picked":["hexamod:NightmareGuise+1","hexamod:FlamesFromBeyond","hexamod:HeatShield+1","hexamod:BurningTouch+1"],"picked":"SKIP","floor":40},{"not_picked":["hexamod:SkipABeat+1","hexamod:SwordOfDarkness+1","hexamod:BacktrackSmack+1","hexamod:Firestarter"],"picked":"SKIP","floor":45},{"not_picked":["hexamod:SwordOfDarkness","hexamod:Firestarter","hexamod:ChargedBarrage+1","hexamod:BurningTouch+1"],"picked":"SKIP","floor":46},{"not_picked":["hexamod:FirstSeal","hexamod:NecessarySacrifice+1","hexamod:NightmareGuise","hexamod:RadiantFlame"],"picked":"SKIP","floor":47},{"not_picked":["hexamod:ParanormalForm","hexamod:SwordOfDarkness+1","hexamod:FlamesFromBeyond","hexamod:FastForward+1"],"picked":"SKIP","floor":48},{"not_picked":["hexamod:BacktrackSmack+1","hexamod:TimeWarp","hexamod:SecondSeal","hexamod:SkipABeat+1"],"picked":"SKIP","floor":51},{"not_picked":["hexamod:NecessarySacrifice","hexamod:GhostOfSpirePast+1","hexamod:UnlimitedPower"],"picked":"hexamod:BurningTouch+1","floor":54}],"player_experience":383486,"relics_obtained":[{"floor":5,"key":"Question Card"},{"floor":7,"key":"RuthlessExorcism:ReiMu"},{"floor":10,"key":"testmod-RandomTest"},{"floor":21,"key":"Letter Opener"},{"floor":21,"key":"PreservedInsect"},{"floor":23,"key":"SSSystem"},{"floor":30,"key":"The Courier"},{"floor":37,"key":"Nunchaku"},{"floor":39,"key":"Ice Cream"},{"floor":41,"key":"testmod-Acrobat"},{"floor":43,"key":"ReplayTheSpireMod:Lightbulb"},{"floor":45,"key":"Tea:ReiMu"},{"floor":54,"key":"D6"}],"event_choices":[{"damage_healed":0,"gold_gain":400,"player_choice":"Sell","damage_taken":0,"max_hp_gain":0,"max_hp_loss":0,"event_name":"恩洛斯的盘子","floor":4,"relics_lost":["testmod-TestBox"],"gold_loss":0},{"cards_removed":["hexamod:Strike"],"damage_healed":0,"gold_gain":0,"player_choice":"Card Removal","damage_taken":0,"max_hp_gain":0,"max_hp_loss":0,"event_name":"The Cleric","floor":11,"gold_loss":0},{"damage_healed":0,"gold_gain":0,"player_choice":"Stole Relic","damage_taken":0,"relics_obtained":["Mastiff:ReiMu"],"max_hp_gain":0,"max_hp_loss":0,"event_name":"Addict","floor":18,"gold_loss":0,"cards_obtained":["Pride"]},{"damage_healed":0,"gold_gain":0,"player_choice":"Fight","damage_taken":0,"max_hp_gain":0,"max_hp_loss":0,"event_name":"HidenRoomEvent","floor":21,"gold_loss":0},{"damage_healed":0,"gold_gain":0,"player_choice":"Ignored","damage_taken":0,"max_hp_gain":0,"max_hp_loss":0,"event_name":"给自己的盒子","floor":42,"gold_loss":0}],"is_beta":false,"boss_relics":[{"not_picked":["ReplayTheSpireMod:DimensionalGlitch","testmod-BloodSacrificeSpiritualization"],"picked":"REME_ChargedStone"},{"not_picked":[]},{"not_picked":["GuanYuAspect","MoonlightInvasionPlan"],"picked":"testmod-TimeTraveler"},{"not_picked":[]}],"items_purged_floors":[12,36,48,55],"is_endless":false,"potions_floor_spawned":[3,5,6,13,19,21,23,26,33,35,46,47,51,54],"killed_by":"downfall:NeowBoss","ascension_level":1}}