{"host":"jacddazefqpozmdr","time":1614127560,"event":{"mods":["AchievementEnabler","Act Like it!","BaseMod","Better Note","BetterRewards","Downfall","Googly Eyes","Hermit","HololiveMod","Hubris","Infinite Spire","Library of Ruina","Library of Ruina Extra","Lobotomy","LobotomyExtend","Marisa????????","Minty Spire (QoL Compilation)","Prisma Mod","Quick Restart","Railgun Mod","Rare Cards Sparkle","Relic Stats","Replay The Spire","Ruina","Shop Mod","StSLib","The Blue Laboratory","The Cursed","The Gatherer","The Jungle","The Runesmith","The Servant 0.9.4","Waifu the Spire","WarShipGirlsR/????R mod"],"gold_per_floor":[113,113,113,127,138,171,96,123,197,217,217,250,263,279,279,376,376,376,376,395,413,424,453,453,486,486,517,535,551,551,551,551,647,647,663,676,676,695,706,706,735,735,735,735,735,769,788,823,823,823,823,823,823,410,444,444],"floor_reached":57,"language":"ENG","playtime":3888,"items_purged":["LightAttack","LightDefense"],"score":1197,"play_id":"e1b2622b-d4de-4d76-985f-e94ce0ff9ac5","local_time":"20210224004600","is_ascension_mode":false,"campfire_choices":[{"data":"Suppress","floor":11,"key":"SMITH"},{"data":"Unlock1","floor":15,"key":"SMITH"},{"data":"Transpierce","floor":24,"key":"SMITH"},{"data":"CoordinatedAssault","floor":32,"key":"SMITH"},{"data":"TieShanKao","floor":40,"key":"SMITH"},{"data":"QuickAttack","floor":45,"key":"SMITH"},{"floor":49,"key":"RECALL"},{"data":"ShrineToMusic","floor":53,"key":"SMITH"}],"circlet_count":0,"master_deck":["Dodge","LightDefense","LightAttack","LightAttack","LightDefense","LightDefense","ChargeAndCover+1","FocusedStrikes","Unlock1+1","Suppress+1","DaringDecision","SilentMist+1","CoordinatedAssault+1","WillProduceFineSilk+1","UnavoidableGaze+1","BoundaryOfDeath","Transpierce+1","ruina:CrimsonScar+1","Fence+1","Faith+1","SinglePointStab","SharpenedBlade+1","SunsetBlade+1","PreemptiveStrike+1","QuickAttack+1","GoinFirst+1","TieShanKao+1","SunsetBlade+1","FleetFootsteps+1","BiAn+1","FlashOfSunup+1","SparkingSpear","ShrineToMusic+1","UnforgettableMelody+1","StructuralAnalysis+1"],"relics":["PageOfLibrarian","NeowsBlessing","LetterFromLob","TungstenRod","Art of War","Toxic Egg 2","Toy Ornithopter","Coffee Dripper","PageOfRedShoes","Replay:Baseball","PageOfSpiderBud","SlaversCollar","Ornamental Fan","PageOfAlriune","Toolbox","Peace Pipe","Bag of Marbles","Replay:Wax Seal","Toolbox","Chameleon Ring"],"acts_visited":["Exordium","Exordium","TheBeyond","TheEnding"],"potions_floor_usage":[46,46,46,51,55],"damage_taken":[{"damage":0,"enemies":"Jaw Worm","floor":1,"turns":1},{"damage":0,"enemies":"Small Slimes","floor":4,"turns":1},{"damage":0,"enemies":"Cultist","floor":5,"turns":1},{"damage":0,"enemies":"Gremlin Nob","floor":6,"turns":3},{"damage":8,"enemies":"3 Sentries","floor":8,"turns":5},{"damage":0,"enemies":"Blue Slaver","floor":10,"turns":4},{"damage":0,"enemies":"Gremlin Nob","floor":12,"turns":3},{"damage":0,"enemies":"Gremlin Gang","floor":13,"turns":1},{"damage":0,"enemies":"2 Fungi Beasts","floor":14,"turns":2},{"damage":28,"enemies":"Slime Boss","floor":16,"turns":12},{"damage":3,"enemies":"ruina:BadWolf","floor":20,"turns":4},{"damage":11,"enemies":"ruina:2_Scarecrows","floor":21,"turns":4},{"damage":6,"enemies":"ruina:KnightOfDespair","floor":22,"turns":5},{"damage":7,"enemies":"ruina:Mountain","floor":23,"turns":6},{"damage":2,"enemies":"ruina:ServantOfWrath","floor":25,"turns":4},{"damage":16,"enemies":"ruina:Mountain","floor":27,"turns":7},{"damage":7,"enemies":"ruina:KingOfGreed","floor":28,"turns":4},{"damage":16,"enemies":"ruina:QueenOfHate","floor":29,"turns":2},{"damage":0,"enemies":"ruina:Ozma","floor":33,"turns":6},{"damage":4,"enemies":"3 Shapes","floor":35,"turns":5},{"damage":0,"enemies":"3 Darklings","floor":36,"turns":5},{"damage":24,"enemies":"Jaw Worm Horde","floor":38,"turns":4},{"damage":15,"enemies":"Writhing Mass","floor":39,"turns":3},{"damage":3,"enemies":"Giant Head","floor":41,"turns":7},{"damage":0,"enemies":"Nemesis","floor":46,"turns":5},{"damage":0,"enemies":"3 Darklings","floor":47,"turns":5},{"damage":27,"enemies":"Giant Head","floor":48,"turns":6},{"damage":22,"enemies":"infinitespire:MassOfShapes","floor":50,"turns":8},{"damage":25,"enemies":"infinitespire:MassOfShapes","floor":51,"turns":7},{"damage":36,"enemies":"Shield and Spear","floor":55,"turns":6},{"damage":34,"enemies":"The Heart","floor":56,"turns":7}],"seed_played":"4317145790394423608","potions_obtained":[{"floor":4,"key":"Dexterity Potion"},{"floor":12,"key":"Swift Potion"},{"floor":13,"key":"SpeedPotion"}],"is_trial":false,"path_per_floor":["M","?","?","M","M","E","$","E","T","M","R","E","M","M","R","B",null,"M","?","M","M","M","E","R","E","T","E","M","M","?","?","R","B",null,"M","M","?","M","M","R","E","?","T","AVR","R","E","M","E","R","B",null,null,"R","$","E","B",null],"character_chosen":"Librarian","items_purchased":["Replay:Wax Seal","UnforgettableMelody+1","Toolbox"],"campfire_rested":0,"item_purchase_floors":[54,54,54],"current_hp_per_floor":[60,60,60,60,60,60,60,52,52,52,52,52,52,52,52,24,84,84,78,75,64,58,51,51,49,49,33,35,22,22,22,22,31,76,76,76,76,61,49,49,49,49,49,49,49,73,76,58,58,45,38,76,76,76,46,23],"gold":444,"neow_bonus":"THREE_ENEMY_KILL","is_daily":false,"chose_seed":false,"campfire_upgraded":7,"win_rate":0.0,"timestamp":1614127560,"path_taken":["M","?","?","M","M","E","$","E","T","M","R","E","M","?","R","BOSS","M","?","M","?","M","E","R","E","T","E","M","M","?","?","R","BOSS","M","M","?","M","M","R","E","?","T","AVR","R","E","?","E","R","BOSS","R","$","E","BOSS"],"items_purchased_type":["Relic","Card","Relic"],"build_version":"2020-12-22","purchased_purges":2,"victory":true,"max_hp_per_floor":[78,78,78,78,77,77,77,77,77,77,77,84,84,84,84,84,84,84,78,78,76,76,76,76,76,76,76,76,76,76,76,76,76,76,76,76,76,76,76,76,76,76,76,76,76,76,76,76,76,76,76,76,76,76,89,89],"relic_stats":{"Peace Pipe":0,"counters":[31,143],"Ornamental Fan":[56],"Art of War":[8],"obtain_stats":[{"NeowsBlessing":0,"PageOfAlriune":43,"PageOfRedShoes":23,"PageOfSpiderBud":27,"PageOfLibrarian":0,"Peace Pipe":46,"Frozen Eye":21,"SlaversCollar":34,"Replay:Baseball":25,"Chameleon Ring":55,"Ornamental Fan":41,"Toolbox":44,"LetterFromLob":1,"Art of War":8,"Coffee Dripper":17,"Bag of Marbles":48,"Toxic Egg 2":9,"Replay:Wax Seal":54,"TungstenRod":6,"Toy Ornithopter":12},{"NeowsBlessing":0,"PageOfAlriune":24,"PageOfRedShoes":14,"PageOfSpiderBud":16,"PageOfLibrarian":0,"Peace Pipe":25,"Frozen Eye":11,"SlaversCollar":19,"Replay:Baseball":15,"Chameleon Ring":30,"Ornamental Fan":24,"Toolbox":24,"LetterFromLob":1,"Art of War":5,"Coffee Dripper":10,"Bag of Marbles":27,"Toxic Egg 2":5,"Replay:Wax Seal":29,"TungstenRod":4,"Toy Ornithopter":7},{"NeowsBlessing":0,"PageOfAlriune":99,"PageOfRedShoes":52,"PageOfSpiderBud":63,"PageOfLibrarian":0,"Peace Pipe":104,"Frozen Eye":37,"SlaversCollar":75,"Replay:Baseball":56,"Chameleon Ring":136,"Ornamental Fan":99,"Toolbox":99,"LetterFromLob":1,"Art of War":11,"Coffee Dripper":33,"Bag of Marbles":115,"Toxic Egg 2":11,"Replay:Wax Seal":130,"TungstenRod":6,"Toy Ornithopter":18}],"TungstenRod":50,"Toy Ornithopter":20},"card_choices":[{"not_picked":["MindPrepared","TheRedNotes","RapidGashes","Quickness","Observe","FlowOfTheSword","SilentMist","UnavoidableGaze"],"picked":"Unlock1","floor":1},{"not_picked":["BindingArms","Parry","DefenseOrder","Standoff","FrontalAssault","UpbeatPerformance","BiteOff","Faith"],"picked":"Suppress","floor":4},{"not_picked":["StrikeDown","FleetFootsteps","DefenseOrder","GuardingStance","Zzzzzap","Rewind","SpearedSweep","AssaultOrder"],"picked":"DaringDecision","floor":5},{"not_picked":["DeepDrag","CumulusWall","ClassAndRespect","WillBeTasty","EnergyConversion","HandleRequest","BindingArms","Thrust"],"picked":"SilentMist","floor":6},{"not_picked":["PreemptiveStrike","BackAttack","Standoff","SnakeSlit","HighSpeedStabbing","SenseQuarry","StartinOutLightly","Outburst"],"picked":"CoordinatedAssault","floor":8},{"not_picked":["CoordinatedAssault+1","BiteOff","Marionette+1","FleetFootsteps+1","BayonetCombat","DimensionalRift","DarkCloud","IllEndYou"],"picked":"WillProduceFineSilk+1","floor":10},{"not_picked":["BlazingStrike","GuardingStance+1","HandleRequest","FeatherShield+1","BackAttack+1","TraceOfFumes","PinpointShot","AbsorbImpact+1","VioletBlade"],"picked":"SKIP","floor":12},{"not_picked":["SuppressingShot","EnergyStrike","AbsorbImpact+1","SteelKnuckles","ViolentFlame","ShockRound","Standoff","EnergyCycle"],"picked":"UnavoidableGaze+1","floor":13},{"not_picked":["ReadyUp+1","MultiBlock+1","DefenseOrder+1","NightInTheBackstreets","BulkyImpact","AsThePrescriptOrders+1","GuidanceOfTheGears+1","Rampage_lor"],"picked":"BoundaryOfDeath","floor":14},{"not_picked":["Cruelty","Punishment"],"picked":"Transpierce","floor":16},{"not_picked":["ruina:Smile","ruina:GoldRush","ruina:Nihil+1","ruina:Lumber","ruina:BlindRage","ruina:HomingInstinct","ruina:Harvest","ruina:LoveAndHate"],"picked":"ruina:CrimsonScar+1","floor":19},{"not_picked":["DestructiveImpact+1","GreatSerpentsImpact","HandleRequest","Ripple","DesperateStruggle","FierceCharge+1","ViolentFlame","ProselytesBlade"],"picked":"Fence+1","floor":20},{"not_picked":["Juggling+1","GrazeTheGrass","Rewind+1","Reload+1","HandlingWork+1","FeelinGood","CumulusWall+1","Parry"],"picked":"Faith+1","floor":21},{"not_picked":["Track","DefenseOrder+1","HandleRequest","ReadyUp+1","ProselytesBlade","SpearedSweep+1","HighKick+1","FierceCharge+1"],"picked":"SinglePointStab","floor":22},{"not_picked":["TimeForALittleTest","DestructiveImpact","BackAttack+1","Wallop_lor","FierceCharge+1","ShrineToMusic+1","IngredientHunt","FlashingStrike"],"picked":"SharpenedBlade+1","floor":23},{"not_picked":["KeepItFresh","RapidGashes","UnavoidableGaze+1","Tttonst+1","EnergyBeam","Leap_lor","InkOver","MultiBlock+1"],"picked":"SunsetBlade+1","floor":25},{"not_picked":["Decapitation","StrikeDown","GreatSerpentsImpact","SmokingPipe+1","JiaoTu","BoundaryOfDeath","Reload+1","ForcefulGesture+1"],"picked":"PreemptiveStrike+1","floor":27},{"not_picked":["Parry","Standoff","CumulusWall+1","HeavyPeaks","EndlessBattle","Disposal","EnergyShield+1","DesperateStruggle","GuidanceOfTheGears+1"],"picked":"SKIP","floor":28},{"not_picked":["HighKick+1","SpearedSweep","BladeWhirl","BattleCommand+1","RushDown","DefenseOrder+1","ChargeUp","EnergyCycle+1"],"picked":"QuickAttack","floor":29},{"not_picked":["SavageMode","TrashDisposal"],"picked":"Commandeering+1","floor":33},{"not_picked":["Faith+1","Outburst+1","Standoff","Thrust+1","FieryWaltz+1","FierceCharge+1","DefenseOrder+1","Diversion"],"picked":"GoinFirst","floor":35},{"not_picked":["Creak+1","Outburst+1","UnavoidableGaze+1","SparkingSpear+1","GrazeTheGrass+1","StructuralAnalysis+1","BackAttack+1","Leap_lor+1"],"picked":"TieShanKao","floor":36},{"not_picked":["Unlock1+1","QuickAttack+1","Riposte+1","MultiHit+1","Thirst+1","PreparedMind+1","NightInTheBackstreets","FleshFillet"],"picked":"SunsetBlade+1","floor":38},{"not_picked":["Reload+1","SpearedSweep+1","SomberProcuration+1","CoordinatedAssault+1","SerpentSwordTechnique+1","ToWhereThePrescriptPoints+1","WillOfThePrescript+1","StrongStrike+1"],"picked":"FleetFootsteps+1","floor":39},{"not_picked":["GaleKick","HiddenBlade+1","ViolentFlame+1","StrongStrike","IronWall+1","Diversion","EndlessBattle","StrikeDown+1"],"picked":"BiAn+1","floor":41},{"not_picked":["EnergyStrike","GreatSerpentsImpact+1","StructuralAnalysis+1","DaringDecision","Multislash","HiddenBlade","YourShield+1","ElectricShock"],"picked":"FlashOfSunup+1","floor":46},{"not_picked":["MultiHit","GuardingStance+1","SharpSwipe","ProselytesBlade+1","BackAttack+1","SharpNails+1","WildCard+1","TrimTheIngredients+1"],"picked":"SparkingSpear","floor":47},{"not_picked":["FlashingStrike","Thrust+1","EndlessBattle+1","SomberProcuration+1","SweepTheBackstreets","GreatSerpentsImpact+1","Brawl","Laceration+1"],"picked":"ShrineToMusic","floor":48},{"not_picked":["TraceOfFumes+1","BladeWhirl","MultiBlock+1","TheArtOfRapidSteps+1","UnavoidableGaze+1","Slice_lor+1","ChopItOff+1","JiaoTu"],"picked":"StructuralAnalysis+1","floor":55}],"player_experience":197030,"relics_obtained":[{"floor":1,"key":"LetterFromLob"},{"floor":6,"key":"TungstenRod"},{"floor":8,"key":"Art of War"},{"floor":9,"key":"Toxic Egg 2"},{"floor":12,"key":"Toy Ornithopter"},{"floor":23,"key":"PageOfRedShoes"},{"floor":25,"key":"Replay:Baseball"},{"floor":27,"key":"PageOfSpiderBud"},{"floor":41,"key":"Ornamental Fan"},{"floor":43,"key":"PageOfAlriune"},{"floor":46,"key":"Peace Pipe"},{"floor":48,"key":"Bag of Marbles"},{"floor":55,"key":"Chameleon Ring"}],"event_choices":[{"damage_healed":0,"gold_gain":0,"player_choice":"Upgraded","damage_taken":0,"max_hp_gain":0,"max_hp_loss":0,"event_name":"Upgrade Shrine","floor":3,"gold_loss":0,"cards_upgraded":["ChargeAndCover"]},{"cards_removed":["Commandeering"],"damage_healed":0,"gold_gain":0,"player_choice":"Removed Skill","damage_taken":0,"max_hp_gain":0,"max_hp_loss":0,"event_name":"Falling","floor":37,"gold_loss":0},{"damage_healed":0,"gold_gain":0,"player_choice":"Upgraded","damage_taken":0,"max_hp_gain":0,"max_hp_loss":0,"event_name":"Upgrade Shrine","floor":42,"gold_loss":0,"cards_upgraded":["GoinFirst"]}],"is_beta":false,"boss_relics":[{"not_picked":["Tiny House","Runic Dome"],"picked":"Coffee Dripper"},{"not_picked":["hubris:Stopwatch","Philosopher\u0027s Stone"],"picked":"SlaversCollar"}],"items_purged_floors":[7,54],"is_endless":false,"potions_floor_spawned":[4,12,13,14,16,20,23,25,28,36,41,46,47],"ascension_level":0}}