{"host":"uexz8m6e0pxi7xat","time":1614152458,"event":{"mods":["BaseMod","Bestiary","Minty Spire (QoL Compilation)","Relic Stats","ojb\u0027s Info Mod"],"gold_per_floor":[213,231,99,99,109,134,153,188,215,238,250,276,44,61,61,140,140,151,151,68,78,90,90,90,365,434,447,447,447],"floor_reached":28,"language":"ENG","playtime":3614,"items_purged":["Defend_B"],"score":564,"play_id":"c9a5c0c5-5703-40cd-8a60-525fef609a0f","local_time":"20210224204058","is_ascension_mode":true,"campfire_choices":[{"data":"Defragment","floor":11,"key":"SMITH"},{"data":"Streamline","floor":15,"key":"SMITH"},{"data":"Defragment","floor":23,"key":"SMITH"}],"circlet_count":0,"master_deck":["AscendersBane","Zap","Dualcast","Cold Snap","Cold Snap","Defragment+1","Streamline+1","Conserve Battery","Ball Lightning","Seek","Steam","Hologram","Glacier","Rainbow","Machine Learning","Creative AI","Compile Driver","Sweeping Beam","Genetic Algorithm","Multi-Cast","Melter","Defragment+1","Conserve Battery","Blizzard+1","Regret","Defragment"],"relics":["Cracked Core","Nunchaku","Ancient Tea Set","MawBank","ClockworkSouvenir","Pandora\u0027s Box","Letter Opener"],"acts_visited":["Exordium","TheCity"],"potions_floor_usage":[8,16,22,28],"damage_taken":[{"damage":1,"enemies":"Cultist","floor":1,"turns":3},{"damage":12,"enemies":"Jaw Worm","floor":2,"turns":3},{"damage":0,"enemies":"2 Louse","floor":5,"turns":1},{"damage":16,"enemies":"3 Sentries","floor":6,"turns":11},{"damage":19,"enemies":"Lots of Slimes","floor":7,"turns":5},{"damage":3,"enemies":"Gremlin Nob","floor":8,"turns":3},{"damage":11,"enemies":"Large Slime","floor":10,"turns":5},{"damage":15,"enemies":"Exordium Thugs","floor":12,"turns":4},{"damage":0,"enemies":"2 Fungi Beasts","floor":14,"turns":2},{"damage":0,"enemies":"The Guardian","floor":16,"turns":11},{"damage":4,"enemies":"2 Thieves","floor":18,"turns":4},{"damage":12,"enemies":"Shell Parasite","floor":21,"turns":8},{"damage":7,"enemies":"3 Cultists","floor":22,"turns":7},{"damage":8,"enemies":"Chosen and Byrds","floor":27,"turns":6},{"damage":28,"enemies":"Centurion and Healer","floor":28,"turns":9}],"seed_played":"-2259931695570538703","potions_obtained":[{"floor":7,"key":"GamblersBrew"},{"floor":14,"key":"Block Potion"},{"floor":21,"key":"SteroidPotion"},{"floor":27,"key":"GamblersBrew"}],"is_trial":false,"path_per_floor":["M","M","$","?","M","E","M","E","T","M","R","M","$","M","R","B",null,"M","?","$","M","M","R","$","?","T","M","M"],"character_chosen":"DEFECT","items_purchased":["Defragment","FearPotion","ClockworkSouvenir","Defragment"],"campfire_rested":0,"item_purchase_floors":[3,3,13,20],"current_hp_per_floor":[63,51,51,71,71,55,36,33,33,22,22,7,7,7,7,7,55,51,51,51,39,32,32,32,32,32,24,0,0],"gold":447,"neow_bonus":"HUNDRED_GOLD","is_daily":false,"chose_seed":false,"campfire_upgraded":3,"win_rate":0.0,"timestamp":1614152458,"path_taken":["M","M","$","?","M","E","M","E","T","M","R","M","$","M","R","BOSS","M","?","$","?","M","R","$","?","T","?","M"],"items_purchased_type":["Card","Potion","Relic","Card"],"build_version":"2020-12-22","purchased_purges":1,"victory":false,"max_hp_per_floor":[71,71,71,71,71,71,71,71,71,71,71,71,71,71,71,71,71,71,71,71,71,71,71,71,71,71,71,71,71],"relic_stats":{"Nunchaku":[9],"counters":[15,82],"Pandora\u0027s Box":["Machine Learning","Creative AI","Compile Driver","Sweeping Beam","Genetic Algorithm","Multi-Cast","Melter"],"Letter Opener":[10],"MawBank":48,"obtain_stats":[{"Nunchaku":6,"Pandora\u0027s Box":17,"Letter Opener":26,"Cracked Core":0,"Ancient Tea Set":8,"MawBank":9,"ClockworkSouvenir":13},{"Nunchaku":4,"Pandora\u0027s Box":10,"Letter Opener":13,"Cracked Core":0,"Ancient Tea Set":6,"MawBank":6,"ClockworkSouvenir":8},{"Nunchaku":18,"Pandora\u0027s Box":48,"Letter Opener":67,"Cracked Core":0,"Ancient Tea Set":26,"MawBank":26,"ClockworkSouvenir":35}]},"card_choices":[{"not_picked":["Steam","Loop"],"picked":"Cold Snap","floor":1},{"not_picked":["Streamline","Leap"],"picked":"Cold Snap","floor":2},{"not_picked":["Steam","Lockon"],"picked":"Streamline","floor":5},{"not_picked":["Coolheaded","Stack"],"picked":"Conserve Battery","floor":6},{"not_picked":["Compile Driver","Hello World"],"picked":"Ball Lightning","floor":7},{"not_picked":["Hologram","Ball Lightning"],"picked":"Seek","floor":8},{"not_picked":["Reprogram","Cold Snap"],"picked":"Steam","floor":10},{"not_picked":["Melter","Streamline"],"picked":"Hologram","floor":12},{"not_picked":["Heatsinks","Go for the Eyes"],"picked":"Glacier","floor":14},{"not_picked":["Machine Learning","Thunder Strike"],"picked":"Rainbow","floor":16},{"not_picked":["Ball Lightning","Stack+1","Static Discharge"],"picked":"SKIP","floor":18},{"not_picked":["Stack","Ball Lightning"],"picked":"Conserve Battery","floor":21},{"not_picked":["Stack","Doom and Gloom"],"picked":"Blizzard+1","floor":22},{"not_picked":["Fusion","Reinforced Body+1"],"picked":"Defragment","floor":27}],"player_experience":1107241,"relics_obtained":[{"floor":6,"key":"Nunchaku"},{"floor":8,"key":"Ancient Tea Set"},{"floor":9,"key":"MawBank"},{"floor":26,"key":"Letter Opener"}],"event_choices":[{"damage_healed":23,"gold_gain":0,"player_choice":"Banana","damage_taken":0,"max_hp_gain":0,"max_hp_loss":0,"event_name":"Big Fish","floor":4,"gold_loss":0},{"damage_healed":0,"gold_gain":0,"player_choice":"0 cards matched","damage_taken":0,"max_hp_gain":0,"max_hp_loss":0,"event_name":"Match and Keep!","floor":19,"gold_loss":0,"cards_obtained":[]},{"damage_healed":0,"gold_gain":275,"player_choice":"Desecrate","damage_taken":0,"max_hp_gain":0,"max_hp_loss":0,"event_name":"Golden Shrine","floor":25,"gold_loss":0,"cards_obtained":["Regret"]}],"is_beta":false,"boss_relics":[{"not_picked":["Inserter","Calling Bell"],"picked":"Pandora\u0027s Box"}],"items_purged_floors":[13],"is_endless":false,"potions_floor_spawned":[7,14,21,27],"killed_by":"Centurion and Healer","ascension_level":20}}