{"host":"Slaske","time":1614195487,"event":{"mods":["AchievementEnabler","BaseMod","Colored Map","Colored Powertips","Minty Spire (QoL Compilation)","Random Character Button","Relic Stats","slay the spire mod where everything is the same but ironclad has a cowboy hat"],"gold_per_floor":[162,61,61,71,91,120,90,109,109,119,119,146,96,23,23,124,124,138,148,166,166,166,166],"floor_reached":22,"language":"ENG","playtime":5112,"items_purged":[],"score":245,"play_id":"8ae01571-3f12-44ca-9d1f-c79fe32b1e3c","local_time":"20210224203807","is_ascension_mode":true,"campfire_choices":[{"data":"Cloak And Dagger","floor":11,"key":"SMITH"},{"floor":15,"key":"REST"}],"circlet_count":0,"master_deck":["Strike_G","Strike_G","Defend_G","Defend_G","Defend_G","Defend_G","Defend_G+1","Survivor","Neutralize","Cloak And Dagger","Cloak And Dagger","Accuracy+1","Cloak And Dagger+1","Infinite Blades","Finisher","Acrobatics","PiercingWail","Blur","Prepared","Accuracy","Night Terror","PiercingWail","Blade Dance","Blade Dance","Unload","Slice"],"relics":["Tiny House","MealTicket","Darkstone Periapt","Black Star"],"acts_visited":["Exordium","TheCity"],"potions_floor_usage":[6,16,16,18,18],"damage_taken":[{"damage":0,"enemies":"Small Slimes","floor":1,"turns":5},{"damage":0,"enemies":"Cultist","floor":4,"turns":4},{"damage":0,"enemies":"2 Louse","floor":5,"turns":2},{"damage":7,"enemies":"3 Sentries","floor":6,"turns":6},{"damage":11,"enemies":"Large Slime","floor":8,"turns":6},{"damage":7,"enemies":"Blue Slaver","floor":10,"turns":5},{"damage":16,"enemies":"Lagavulin","floor":12,"turns":8},{"damage":23,"enemies":"The Guardian","floor":16,"turns":8},{"damage":29,"enemies":"Spheric Guardian","floor":18,"turns":5},{"damage":9,"enemies":"Shell Parasite","floor":19,"turns":5},{"damage":19,"enemies":"Centurion and Healer","floor":20,"turns":6},{"damage":14,"enemies":"Snake Plant","floor":22,"turns":1}],"seed_played":"7597098115464453804","potions_obtained":[{"floor":0,"key":"LiquidBronze"},{"floor":5,"key":"Poison Potion"},{"floor":6,"key":"Ancient Potion"},{"floor":7,"key":"Fire Potion"},{"floor":7,"key":"Energy Potion"},{"floor":12,"key":"AttackPotion"},{"floor":16,"key":"DistilledChaos"},{"floor":19,"key":"DuplicationPotion"}],"is_trial":false,"path_per_floor":["M","$","?","M","M","E","?","M","T","M","R","E","?","$","R","B",null,"M","M","M","?","M"],"character_chosen":"THE_SILENT","items_purchased":["Accuracy","Cloak And Dagger","Accuracy"],"campfire_rested":1,"item_purchase_floors":[2,2,14],"current_hp_per_floor":[75,75,75,75,75,68,68,57,57,50,50,34,34,49,71,48,68,39,30,11,11,0,0],"gold":166,"neow_bonus":"BOSS_RELIC","is_daily":false,"chose_seed":false,"campfire_upgraded":1,"win_rate":0.0,"timestamp":1614195487,"path_taken":["M","$","?","M","M","E","?","?","T","M","R","E","?","$","R","BOSS","M","M","M","?","M"],"items_purchased_type":["Card","Card","Card"],"build_version":"2020-12-18","purchased_purges":0,"victory":false,"max_hp_per_floor":[75,75,75,75,75,75,75,75,75,75,75,75,75,75,75,75,75,75,75,75,75,75,75],"relic_stats":{"Darkstone Periapt":0,"counters":[12,61],"MealTicket":15,"Black Star":0,"obtain_stats":[{"Darkstone Periapt":12,"Tiny House":0,"MealTicket":6,"Black Star":17,"Ring of the Snake":0},{"Darkstone Periapt":7,"Tiny House":0,"MealTicket":4,"Black Star":8,"Ring of the Snake":0},{"Darkstone Periapt":36,"Tiny House":0,"MealTicket":17,"Black Star":44,"Ring of the Snake":0}]},"card_choices":[{"not_picked":["Dodge and Roll","Infinite Blades"],"picked":"Cloak And Dagger","floor":0},{"not_picked":["Deflect","Catalyst"],"picked":"Cloak And Dagger","floor":1},{"not_picked":["Masterful Stab","Bane"],"picked":"Infinite Blades","floor":4},{"not_picked":["Deflect","Escape Plan"],"picked":"Finisher","floor":5},{"not_picked":["Sucker Punch","Deadly Poison"],"picked":"Acrobatics","floor":6},{"not_picked":["Caltrops","Quick Slash"],"picked":"PiercingWail","floor":8},{"not_picked":["Wraith Form v2","Cloak And Dagger"],"picked":"Blur","floor":10},{"not_picked":["Flying Knee","Dagger Throw"],"picked":"Prepared","floor":12},{"not_picked":["Corpse Explosion","Burst"],"picked":"Night Terror","floor":16},{"not_picked":["Poisoned Stab","Deadly Poison"],"picked":"PiercingWail","floor":18},{"not_picked":["Cloak And Dagger","Slice"],"picked":"Blade Dance","floor":19},{"not_picked":["Deflect+1","PiercingWail+1"],"picked":"Blade Dance","floor":20}],"player_experience":548844,"relics_obtained":[{"floor":6,"key":"MealTicket"},{"floor":12,"key":"Darkstone Periapt"}],"event_choices":[{"damage_healed":0,"gold_gain":0,"player_choice":"Grow","damage_taken":0,"max_hp_gain":0,"max_hp_loss":0,"event_name":"Living Wall","floor":3,"gold_loss":0,"cards_upgraded":["Accuracy"]},{"damage_healed":0,"gold_gain":0,"player_choice":"Bought 2 Potions","damage_taken":0,"max_hp_gain":0,"max_hp_loss":0,"event_name":"The Woman in Blue","floor":7,"gold_loss":0},{"cards_removed":["Strike_G"],"damage_healed":0,"gold_gain":0,"player_choice":"Card Removal","damage_taken":0,"max_hp_gain":0,"max_hp_loss":0,"event_name":"The Cleric","floor":13,"gold_loss":50},{"damage_healed":0,"gold_gain":0,"cards_transformed":["Strike_G","Strike_G"],"player_choice":"Became Test Subject","damage_taken":0,"max_hp_gain":0,"max_hp_loss":0,"event_name":"Drug Dealer","floor":21,"gold_loss":0,"cards_obtained":["Unload","Slice"]}],"is_beta":true,"boss_relics":[{"not_picked":["Empty Cage","Sozu"],"picked":"Black Star"}],"items_purged_floors":[],"is_endless":false,"potions_floor_spawned":[5,6,12,16,19],"killed_by":"Snake Plant","ascension_level":5}}