{"host":"pletss163z7s8pvv","time":1614143338,"event":{"mods":["AchievementEnabler","Act Like it!","AlwaysNeverKeys","BaseMod","Better Altar","Better Match","Better Note","Better Sensory Stone","Better Skull","Better Third Choice","BetterRewards","Bossed Relics","CapriCore","ChefMod","Colored Map","Colored Powertips","Conspire","Dio Mod","Displayed Cursed Tome","Energized Spire","Evolution","Gensokyo","GifTheSpireLib","Hallownest","Hermit","Ironclad Rager","Jedi Mod","Marisa????????","Marked Mod","Minty Spire (QoL Compilation)","Reliquary","Replay The Spire","Retaliation","Ruina","Somnambulant","Spicy Shops","StS++","StSLib","The Administrix","The Alterego","The Animator","The Blue Laboratory","The Bug Knight","The Construct","The Cursed","The Disciple","The Forsaken","The Hierophant","The Necromancer","The Saiyan","The Vixen","The Wild Card","TheVacant","Transform Curses"],"gold_per_floor":[110,110,122,135,155,188,188,220,270,270,280,280,298,311,311,407,407,418,36,36,50,50,50],"floor_reached":22,"language":"ENG","playtime":1048,"items_purged":[],"score":223,"play_id":"ca30d941-a39e-4c2a-9ab9-2027a1126ef1","local_time":"20210223230858","is_ascension_mode":false,"campfire_choices":[{"floor":7,"key":"REST"},{"floor":10,"key":"REST"},{"floor":12,"key":"REST"},{"floor":15,"key":"REST"}],"circlet_count":0,"master_deck":["construct:Strike_Gold","construct:Strike_Gold","construct:Strike_Gold","construct:Strike_Gold","construct:Strike_Gold","construct:Defend_Gold","construct:Defend_Gold","construct:Defend_Gold","construct:Defend_Gold","construct:Defend_Gold","construct:AttackMode","construct:DefenseMode","construct:Autoturret","construct:CripplingShot","construct:Autoturret","construct:SuppressiveFire+2","construct:Antimatter","construct:ClusterMines","construct:ShiftStrike","construct:Accumulate","construct:ChargeShot","construct:ShiftingStance","construct:FierceBash","construct:Autoturret","construct:Autoturret+1"],"relics":["construct:Cogwheel","EVO:Axolotl","construct:PurpleEmber","Hallownest:DreamNailRelic","Oddly Smooth Stone","construct:MegaBattery","reliquary:WritOfMandamus","Kunai","conspire:SpecialSausage"],"acts_visited":["Exordium","Hallownest:Greenpath"],"potions_floor_usage":[16],"damage_taken":[{"damage":1,"enemies":"Hallownest:2_MossCreeps","floor":1,"turns":4},{"damage":13,"enemies":"Hallownest:monsterHuskGuard","floor":3,"turns":5},{"damage":12,"enemies":"2_ Uuma","floor":4,"turns":8},{"damage":1,"enemies":"Hallownest:monsterAspidMother","floor":5,"turns":7},{"damage":34,"enemies":"Hallownest:eliteCrystalGuardian","floor":6,"turns":7},{"damage":25,"enemies":"Hallownest:eliteMossKnight","floor":8,"turns":7},{"damage":17,"enemies":"Hallownest:Guard_and_Warrior","floor":11,"turns":6},{"damage":11,"enemies":"Hallownest:2_Tiktiks_1_Baldur_1_Crawlid","floor":13,"turns":4},{"damage":22,"enemies":"Hallownest:MossCreep_and_Mosskin","floor":14,"turns":6},{"damage":19,"enemies":"Hallownest:BossBrokenVessel","floor":16,"turns":8},{"damage":47,"enemies":"Hallownest:Guard_and_Sentry","floor":18,"turns":6},{"damage":20,"enemies":"Hallownest:2_Mistakes","floor":21,"turns":5},{"damage":15,"enemies":"Hallownest:monsterMisterMushroom","floor":22,"turns":4}],"seed_played":"8238630746254012172","potions_obtained":[{"floor":3,"key":"EssenceOfSteel"},{"floor":5,"key":"blueLaboratory:NullPotion"},{"floor":11,"key":"Languid Potion"},{"floor":18,"key":"Strength Potion"},{"floor":21,"key":"PowerPotion"}],"is_trial":false,"path_per_floor":["M","?","M","M","M","E","R","E","T","R","M","R","M","M","R","B",null,"M","$","?","M","M"],"character_chosen":"THE_CONSTRUCT_MOD","items_purchased":["Kunai","construct:Autoturret","EntropicBrew"],"campfire_rested":4,"item_purchase_floors":[19,19,19],"current_hp_per_floor":[76,76,63,51,50,16,39,14,14,37,20,43,32,10,33,14,77,30,30,30,10,0,0],"gold":50,"neow_bonus":"ONE_RARE_RELIC","is_daily":false,"chose_seed":false,"campfire_upgraded":0,"win_rate":0.0,"timestamp":1614143338,"path_taken":["M","?","M","M","M","E","R","E","T","R","M","R","?","M","R","BOSS","M","$","?","M","?"],"items_purchased_type":["Relic","Card","Potion"],"build_version":"2020-12-22","purchased_purges":0,"victory":false,"max_hp_per_floor":[77,77,77,77,77,77,77,77,77,77,77,77,77,77,77,77,77,77,77,58,58,58,58],"card_choices":[{"not_picked":["construct:HeavyBolt","construct:Analyze"],"picked":"construct:Autoturret","floor":1},{"not_picked":["construct:VentSteam","construct:ShiftStrike"],"picked":"construct:CripplingShot","floor":3},{"not_picked":["construct:Analyze","construct:Failsafe"],"picked":"construct:Autoturret","floor":4},{"not_picked":["construct:ScopeCore","construct:Analyze"],"picked":"construct:SuppressiveFire","floor":5},{"not_picked":["construct:ShiftGuard","construct:HardReboot"],"picked":"construct:Antimatter","floor":6},{"not_picked":["construct:Impenetrable","construct:HyperBeam"],"picked":"construct:ClusterMines","floor":8},{"not_picked":["construct:VentSteam","construct:Anticipate"],"picked":"construct:ShiftStrike","floor":11},{"not_picked":["construct:ModeShift","construct:Boost"],"picked":"construct:Accumulate","floor":13},{"not_picked":["construct:ModeShift","construct:Failsafe"],"picked":"construct:ChargeShot","floor":14},{"not_picked":["construct:HyperBeam","construct:ShieldBurst"],"picked":"construct:ShiftingStance","floor":16},{"not_picked":["construct:SyphonStrike","construct:VentSteam"],"picked":"construct:FierceBash","floor":18},{"not_picked":["construct:Impenetrable","construct:Construct_Overclock+1"],"picked":"construct:Autoturret+1","floor":21}],"player_experience":555198,"relics_obtained":[{"floor":6,"key":"Oddly Smooth Stone"},{"floor":8,"key":"construct:MegaBattery"}],"event_choices":[],"is_beta":false,"boss_relics":[{"not_picked":["conspire:RoyalGoblet","Painkiller Herb"],"picked":"reliquary:WritOfMandamus"}],"items_purged_floors":[],"is_endless":false,"potions_floor_spawned":[3,5,11,13,18,21],"killed_by":"Hallownest:monsterMisterMushroom","ascension_level":0}}