{"host":"dwqr8rfkubzfvfti","time":1614206349,"event":{"mods":["BaseMod","Colored Map","Colored Powertips","Minty Spire (QoL Compilation)","Rare Cards Sparkle","Relic Stats"],"gold_per_floor":[109,124,124,139,158,158,185,10,36,51,67,85,85,116,116,215,215,226,237,250,265,265,265,49,68,68,102,102,115,132,150,150,150,150],"floor_reached":33,"language":"ENG","playtime":2437,"items_purged":[],"score":442,"play_id":"ab879728-308d-4d4e-abe1-d691ac3e7908","local_time":"20210224153909","is_ascension_mode":true,"campfire_choices":[{"data":"Caltrops","floor":6,"key":"SMITH"},{"floor":13,"key":"REST"},{"floor":15,"key":"REST"},{"floor":23,"key":"REST"},{"floor":28,"key":"REST"},{"floor":32,"key":"REST"}],"circlet_count":0,"master_deck":["AscendersBane","Strike_G","Strike_G","Strike_G","Strike_G","Defend_G","Defend_G","Defend_G","Defend_G","Survivor","Neutralize","All Out Attack","Deflect","Caltrops+1","Riddle With Holes","Bane","Footwork","Glass Knife","Noxious Fumes","Noxious Fumes","Crippling Poison","Well Laid Plans","Die Die Die","Choke+1","Underhanded Strike+1","Leg Sweep","Corpse Explosion"],"relics":["Empty Cage","Snake Skull","Art of War","Centennial Puzzle","Snecko Eye","Chemical X","Shuriken","Boot"],"acts_visited":["Exordium","TheCity"],"potions_floor_usage":[7,12,16,18,27,30,33],"damage_taken":[{"damage":1,"enemies":"Small Slimes","floor":1,"turns":4},{"damage":0,"enemies":"Cultist","floor":2,"turns":4},{"damage":2,"enemies":"2 Louse","floor":4,"turns":3},{"damage":4,"enemies":"Large Slime","floor":5,"turns":11},{"damage":28,"enemies":"Lagavulin","floor":7,"turns":7},{"damage":7,"enemies":"Exordium Wildlife","floor":10,"turns":5},{"damage":22,"enemies":"3 Louse","floor":11,"turns":3},{"damage":0,"enemies":"Blue Slaver","floor":12,"turns":3},{"damage":12,"enemies":"3 Sentries","floor":14,"turns":5},{"damage":16,"enemies":"Slime Boss","floor":16,"turns":9},{"damage":9,"enemies":"Shell Parasite","floor":18,"turns":5},{"damage":11,"enemies":"Chosen","floor":19,"turns":4},{"damage":16,"enemies":"3 Cultists","floor":20,"turns":4},{"damage":9,"enemies":"Centurion and Healer","floor":21,"turns":5},{"damage":12,"enemies":"Chosen and Byrds","floor":25,"turns":4},{"damage":17,"enemies":"Book of Stabbing","floor":27,"turns":5},{"damage":2,"enemies":"Cultist and Chosen","floor":29,"turns":3},{"damage":9,"enemies":"Snake Plant","floor":30,"turns":4},{"damage":5,"enemies":"Centurion and Healer","floor":31,"turns":5},{"damage":49,"enemies":"Automaton","floor":33,"turns":6}],"seed_played":"6690822925393890379","potions_obtained":[{"floor":1,"key":"DuplicationPotion"},{"floor":3,"key":"FairyPotion"},{"floor":7,"key":"SteroidPotion"},{"floor":11,"key":"Ancient Potion"},{"floor":14,"key":"DistilledChaos"},{"floor":20,"key":"Weak Potion"},{"floor":25,"key":"PowerPotion"},{"floor":27,"key":"BlessingOfTheForge"},{"floor":30,"key":"Ancient Potion"}],"is_trial":false,"path_per_floor":["M","M","?","M","M","R","E","$","T","M","M","M","R","E","R","B",null,"M","M","M","M","$","R","$","M","T","E","R","M","M","M","R","B"],"character_chosen":"THE_SILENT","items_purchased":["Footwork","Glass Knife","Leg Sweep","Chemical X"],"campfire_rested":5,"item_purchase_floors":[8,8,24,24],"current_hp_per_floor":[62,62,62,60,56,56,28,28,28,21,21,21,42,30,51,35,61,52,41,25,16,16,37,37,25,25,8,29,27,18,13,34,0,0],"gold":150,"neow_bonus":"BOSS_RELIC","is_daily":false,"chose_seed":false,"campfire_upgraded":1,"win_rate":0.0,"timestamp":1614206349,"path_taken":["M","M","?","M","M","R","E","$","T","M","M","M","R","E","R","BOSS","M","M","M","M","$","R","$","M","T","E","R","?","M","?","R","BOSS"],"items_purchased_type":["Card","Card","Card","Relic"],"build_version":"2020-12-22","purchased_purges":0,"victory":false,"max_hp_per_floor":[70,70,70,70,70,70,70,70,70,70,70,70,70,70,70,70,70,70,70,70,70,70,70,70,70,70,70,70,70,70,70,70,70,70],"relic_stats":{"Centennial Puzzle":[33],"counters":[20,99],"Shuriken":[6],"Snecko Eye":[79,80,86,85],"Snake Skull":[86],"Art of War":[6],"Chemical X":[1],"Boot":[17],"obtain_stats":[{"Centennial Puzzle":14,"Shuriken":26,"Snecko Eye":17,"Snake Skull":7,"Art of War":9,"Chemical X":24,"Empty Cage":0,"Boot":27,"Ring of the Snake":0},{"Centennial Puzzle":9,"Shuriken":15,"Snecko Eye":10,"Snake Skull":5,"Art of War":5,"Chemical X":14,"Empty Cage":0,"Boot":16,"Ring of the Snake":0},{"Centennial Puzzle":45,"Shuriken":76,"Snecko Eye":54,"Snake Skull":29,"Art of War":29,"Chemical X":72,"Empty Cage":0,"Boot":81,"Ring of the Snake":0}]},"card_choices":[{"not_picked":["Terror","Concentrate"],"picked":"All Out Attack","floor":1},{"not_picked":["Infinite Blades","Concentrate"],"picked":"Deflect","floor":2},{"not_picked":["Deadly Poison","Quick Slash"],"picked":"Caltrops","floor":4},{"not_picked":["Reflex","Bane"],"picked":"Riddle With Holes","floor":5},{"not_picked":["Riddle With Holes","Flying Knee"],"picked":"Bane","floor":7},{"not_picked":["Backflip","Flechettes"],"picked":"Noxious Fumes","floor":10},{"not_picked":["Bane","Predator"],"picked":"Noxious Fumes","floor":11},{"not_picked":["Quick Slash","Slice"],"picked":"Crippling Poison","floor":12},{"not_picked":["Blade Dance","Dagger Spray"],"picked":"Well Laid Plans","floor":14},{"not_picked":["Unload","Glass Knife"],"picked":"Die Die Die","floor":16},{"not_picked":["Quick Slash","Backstab"],"picked":"Choke+1","floor":18},{"not_picked":["Quick Slash","Tactician"],"picked":"Underhanded Strike+1","floor":19},{"not_picked":["Quick Slash","Bane","Calculated Gamble"],"picked":"SKIP","floor":20},{"not_picked":["Blade Dance+1","Reflex","Blur"],"picked":"SKIP","floor":21},{"not_picked":["Quick Slash+1","Cloak And Dagger","Concentrate"],"picked":"SKIP","floor":25},{"not_picked":["Prepared+1","Terror"],"picked":"Corpse Explosion","floor":27},{"not_picked":["Acrobatics+1","Sucker Punch","Cloak And Dagger"],"picked":"SKIP","floor":29},{"not_picked":["Slice","Poisoned Stab","Flying Knee"],"picked":"SKIP","floor":30},{"not_picked":["Acrobatics","Masterful Stab","Blade Dance"],"picked":"SKIP","floor":31}],"player_experience":506372,"relics_obtained":[{"floor":7,"key":"Snake Skull"},{"floor":9,"key":"Art of War"},{"floor":14,"key":"Centennial Puzzle"},{"floor":26,"key":"Shuriken"},{"floor":27,"key":"Boot"}],"event_choices":[{"damage_healed":0,"gold_gain":0,"player_choice":"Got Potions","damage_taken":0,"max_hp_gain":0,"max_hp_loss":0,"event_name":"Lab","floor":3,"gold_loss":0}],"is_beta":false,"boss_relics":[{"not_picked":["Ectoplasm","Runic Pyramid"],"picked":"Snecko Eye"}],"items_purged_floors":[],"is_endless":false,"potions_floor_spawned":[1,4,7,10,11,14,20,25,27,29,30],"killed_by":"Automaton","ascension_level":11}}