{"host":"oq9vgnvl0fi8z8ha","time":1614149992,"event":{"mods":["Act Like it!","BaseMod","Block Reminder","ChefMod","Curses Come First","Evolution","Fox Events","Hallownest","Highlight Path","Minty Spire (QoL Compilation)","Relic Stats","Robot Space Explorer","Smile Girya","StSLib","The Blue Laboratory","The Bug Knight","The Runesmith","Treasure Hunter","Unceasing Turn Reminder"],"gold_per_floor":[288,308,233,250,281,311,311,28,28,53,53,53,88,103,103,205,205,233,261,273,298,310,322,361,373,373],"floor_reached":25,"language":"ENG","playtime":2971,"items_purged":[],"score":324,"play_id":"d09b0c05-a7d2-416c-98e2-f95f6aca27e5","local_time":"20210223235952","is_ascension_mode":false,"campfire_choices":[{"floor":11,"key":"RECALL"},{"data":"chefmod:SushiPlatter","floor":15,"key":"SMITH"},{"floor":23,"key":"REST"}],"circlet_count":1,"master_deck":["chefmod:IcePick","chefmod:FryPan","chefmod:FireUp","chefmod:SliceAndDice","chefmod:QuickThaw","chefmod:BaoBuns","chefmod:Defend","chefmod:Defend","chefmod:Defend","chefmod:TodaysSpecial","chefmod:Fillet","chefmod:DinoKale","chefmod:AlooGobi","TH:TreasureMap","chefmod:SliceAndDice","TH:ArmorSpikes","chefmod:FreezerBurn","Panache+1","TH:ArmorSpikes","TH:CopperCoins","chefmod:BleedOut","TH:BikiniMail","chefmod:SushiPlatter+1","chefmod:Flambe","TH:BikiniMail","chefmod:Tenderizer","CurseOfTheBell","chefmod:FreezeSolid","chefmod:CayenneCloud","chefmod:Julienne","chefmod:BleedOut","TH:Mimic","chefmod:ColdSteel","chefmod:MonsterBait","chefmod:PrepCook","TH:ArmorSpikes","chefmod:Gelato"],"relics":["EVO:Axolotl","Sozu","Hallownest:BankAccountRelic","HollowMod:StagPassRelic","Kunai","Hallownest:DreamNailRelic","Akabeko","Dream Catcher","Circlet","Shovel","Calling Bell","Darkstone Periapt","MawBank","Prayer Wheel","Bird Faced Urn","Girya"],"acts_visited":["Exordium","Hallownest:Greenpath"],"potions_floor_usage":[],"damage_taken":[{"damage":3,"enemies":"Hallownest:monsterHuskGuard","floor":1,"turns":3},{"damage":0,"enemies":"Hallownest:2_Baldur","floor":2,"turns":3},{"damage":0,"enemies":"2_ Uuma","floor":4,"turns":4},{"damage":0,"enemies":"Hallownest:eliteCrystalGuardian","floor":5,"turns":5},{"damage":0,"enemies":"Hallownest:eliteVengeflyKing","floor":6,"turns":9},{"damage":1,"enemies":"Hallownest:eliteMossKnight","floor":10,"turns":11},{"damage":10,"enemies":"Hallownest:eliteVengeflyKing","floor":13,"turns":5},{"damage":5,"enemies":"Hallownest:MossCreep_and_Mosskin","floor":14,"turns":6},{"damage":23,"enemies":"Hallownest:BossBrokenVessel","floor":16,"turns":11},{"damage":24,"enemies":"Hallownest:3_Youths","floor":18,"turns":8},{"damage":6,"enemies":"Hallownest:2_Mistakes","floor":19,"turns":11},{"damage":17,"enemies":"Hallownest:Warrior_and_Youth","floor":21,"turns":6},{"damage":58,"enemies":"Hallownest:eliteWatcherKnight","floor":24,"turns":13},{"damage":12,"enemies":"Hallownest:2_Husk_Sentries","floor":25,"turns":3}],"seed_played":"-4866432404307490106","potions_obtained":[],"is_trial":false,"path_per_floor":["M","M","?","M","?","E","?","$","T","E","R","?","E","M","R","B",null,"M","M","T","M","?","R","E","M"],"character_chosen":"THE_CHEF","items_purchased":["Akabeko","Panache"],"campfire_rested":1,"item_purchase_floors":[8,8],"current_hp_per_floor":[73,73,73,73,73,73,73,73,73,72,72,72,62,57,57,34,76,52,46,46,35,35,57,7,0,0],"gold":373,"neow_bonus":"BOSS_RELIC","is_daily":false,"chose_seed":false,"campfire_upgraded":1,"win_rate":0.0,"timestamp":1614149992,"path_taken":["M","M","?","M","?","E","?","$","T","E","R","?","E","?","R","BOSS","M","?","?","?","?","R","E","?"],"items_purchased_type":["Relic","Card"],"build_version":"2020-12-22","purchased_purges":0,"victory":false,"max_hp_per_floor":[76,76,76,76,76,76,76,76,76,76,76,76,76,76,76,76,76,76,76,76,76,76,76,76,76,76],"relic_stats":{"Sozu":6,"Darkstone Periapt":0,"Dream Catcher":1,"Shovel":0,"counters":[14,98],"Bird Faced Urn":[16],"Prayer Wheel":3,"Kunai":[24],"MawBank":96,"obtain_stats":[{"Darkstone Periapt":17,"chefmod:TrustyPot":0,"Girya":24,"Circlet":12,"Hallownest:DreamNailRelic":7,"EVO:Axolotl":0,"HollowMod:StagPassRelic":5,"MawBank":17,"Akabeko":8,"Sozu":0,"Calling Bell":17,"Dream Catcher":10,"Shovel":13,"Hallownest:BankAccountRelic":3,"Bird Faced Urn":20,"Prayer Wheel":17,"Kunai":6},{"Darkstone Periapt":9,"chefmod:TrustyPot":0,"Girya":13,"Circlet":6,"Hallownest:DreamNailRelic":5,"EVO:Axolotl":0,"HollowMod:StagPassRelic":4,"MawBank":9,"Akabeko":5,"Sozu":0,"Calling Bell":9,"Dream Catcher":6,"Shovel":7,"Hallownest:BankAccountRelic":2,"Bird Faced Urn":11,"Prayer Wheel":9,"Kunai":5},{"Darkstone Periapt":57,"chefmod:TrustyPot":0,"Girya":95,"Circlet":35,"Hallownest:DreamNailRelic":24,"EVO:Axolotl":0,"HollowMod:StagPassRelic":15,"MawBank":57,"Akabeko":24,"Sozu":0,"Calling Bell":57,"Dream Catcher":35,"Shovel":40,"Hallownest:BankAccountRelic":6,"Bird Faced Urn":76,"Prayer Wheel":57,"Kunai":24}]},"card_choices":[{"not_picked":["chefmod:FireUp","chefmod:FiveAlarmChili"],"picked":"chefmod:Fillet","floor":1},{"not_picked":["chefmod:NoSoupForYou","chefmod:LocoMoco"],"picked":"chefmod:DinoKale","floor":2},{"not_picked":["chefmod:FireUp","chefmod:SliceAndDice"],"picked":"chefmod:AlooGobi","floor":4},{"not_picked":["TH:PixieDust"],"picked":"TH:TreasureMap","floor":5},{"not_picked":["chefmod:FireUp","chefmod:Gelato"],"picked":"chefmod:SliceAndDice","floor":5},{"not_picked":["TH:PixieDust"],"picked":"TH:ArmorSpikes","floor":6},{"not_picked":["chefmod:Leftovers","chefmod:FullBurn"],"picked":"chefmod:FreezerBurn","floor":6},{"not_picked":["TH:DeckOfManyThings"],"picked":"TH:ArmorSpikes","floor":9},{"not_picked":["TH:DeckOfManyThings"],"picked":"TH:CopperCoins","floor":10},{"not_picked":["chefmod:Gelato","chefmod:Granita"],"picked":"chefmod:BleedOut","floor":10},{"not_picked":["TH:DeckOfManyThings"],"picked":"TH:BikiniMail","floor":13},{"not_picked":["chefmod:OldCookbook","chefmod:Fillet"],"picked":"chefmod:SushiPlatter","floor":13},{"not_picked":["chefmod:DinoKale","chefmod:Sorbet"],"picked":"chefmod:Flambe","floor":14},{"not_picked":["TH:DeckOfManyThings"],"picked":"TH:BikiniMail","floor":16},{"not_picked":["chefmod:OrderUp","chefmod:SushiPlatter"],"picked":"chefmod:Tenderizer","floor":16},{"not_picked":["chefmod:Gelato","chefmod:Defrost"],"picked":"chefmod:FreezeSolid","floor":18},{"not_picked":["chefmod:KnifeFlurry+1","chefmod:FireUp"],"picked":"chefmod:CayenneCloud","floor":18},{"not_picked":["chefmod:AllYouCanEat","chefmod:Fillet"],"picked":"chefmod:Julienne","floor":19},{"not_picked":["chefmod:Defrost","chefmod:Bruschetta"],"picked":"chefmod:BleedOut","floor":19},{"not_picked":["TH:EnergyPotion"],"picked":"TH:Mimic","floor":20},{"not_picked":["chefmod:FireUp","chefmod:ZaruSoba+1"],"picked":"chefmod:ColdSteel","floor":21},{"not_picked":["chefmod:Ratatouille+1","chefmod:NewMenu"],"picked":"chefmod:MonsterBait","floor":21},{"not_picked":["chefmod:NoSoupForYou+1","chefmod:Puree"],"picked":"chefmod:PrepCook","floor":23},{"not_picked":["TH:TreasureMap"],"picked":"TH:ArmorSpikes","floor":24},{"not_picked":["chefmod:SushiPlatter","chefmod:AllYouCanEat"],"picked":"chefmod:Gelato","floor":24}],"player_experience":312255,"relics_obtained":[{"floor":5,"key":"HollowMod:StagPassRelic"},{"floor":6,"key":"Kunai"},{"floor":10,"key":"Dream Catcher"},{"floor":13,"key":"Shovel"},{"floor":17,"key":"Darkstone Periapt"},{"floor":17,"key":"MawBank"},{"floor":17,"key":"Prayer Wheel"},{"floor":20,"key":"Bird Faced Urn"},{"floor":24,"key":"Girya"}],"event_choices":[],"is_beta":false,"boss_relics":[{"not_picked":["Ectoplasm","Runic Dome"],"picked":"Calling Bell"}],"items_purged_floors":[],"is_endless":false,"potions_floor_spawned":[1,5,13,14,16,18],"killed_by":"Hallownest:2_Husk_Sentries","ascension_level":0}}