{"host":"syozzdlzcqop4jia","time":1614209986,"event":{"mods":["AchievementEnabler","BaseMod","Colored Map","Colored Powertips","Minty Spire (QoL Compilation)","Quick Restart"],"gold_per_floor":[111,111,129,141,158,192,192,192,245,245,270,270,82,102,102,200,200,220,236,247,263,104,104,104,117,117,128,141,160,160,160,160,256,256,271,282,297,297,297],"floor_reached":38,"language":"ENG","playtime":2075,"items_purged":[],"score":456,"play_id":"004b7fe7-9613-4dfe-8bbe-1b6ba6e7afe4","local_time":"20210225003946","is_ascension_mode":true,"campfire_choices":[{"floor":8,"key":"REST"},{"data":"Dualcast","floor":10,"key":"SMITH"},{"data":"Defragment","floor":12,"key":"SMITH"},{"data":"Chrysalis","floor":15,"key":"SMITH"},{"data":"Self Repair","floor":23,"key":"SMITH"},{"data":"Ball Lightning","floor":32,"key":"SMITH"}],"circlet_count":0,"master_deck":["Strike_B+1","Strike_B+1","Strike_B+1","Strike_B+1","Defend_B+1","Defend_B+1","Defend_B+1","Zap","Dualcast+1","Defragment+1","Conserve Battery","Doom and Gloom","Defragment+1","Chrysalis+1","Biased Cognition","Fission","Cold Snap+1","Loop+1","Self Repair+1","Glacier","Skim","Pain","Ball Lightning","Cold Snap","Ball Lightning+1","Defragment","Parasite"],"relics":["Cracked Core","Singing Bowl","Art of War","MealTicket","Cursed Key","Mummified Hand","Nuclear Battery"],"acts_visited":["Exordium","TheCity","TheBeyond"],"potions_floor_usage":[19,25,27,29,37],"damage_taken":[{"damage":6,"enemies":"2 Louse","floor":1,"turns":3},{"damage":1,"enemies":"Cultist","floor":3,"turns":4},{"damage":9,"enemies":"Small Slimes","floor":4,"turns":3},{"damage":17,"enemies":"3 Louse","floor":5,"turns":3},{"damage":22,"enemies":"3 Sentries","floor":6,"turns":6},{"damage":7,"enemies":"Lagavulin","floor":11,"turns":5},{"damage":0,"enemies":"Exordium Wildlife","floor":14,"turns":3},{"damage":23,"enemies":"The Guardian","floor":16,"turns":8},{"damage":0,"enemies":"Spheric Guardian","floor":18,"turns":3},{"damage":0,"enemies":"Chosen","floor":19,"turns":4},{"damage":16,"enemies":"Snecko","floor":20,"turns":4},{"damage":23,"enemies":"Centurion and Healer","floor":21,"turns":6},{"damage":10,"enemies":"Shelled Parasite and Fungi","floor":25,"turns":5},{"damage":7,"enemies":"Snake Plant","floor":27,"turns":4},{"damage":20,"enemies":"3 Cultists","floor":28,"turns":6},{"damage":28,"enemies":"Shelled Parasite and Fungi","floor":29,"turns":4},{"damage":20,"enemies":"Automaton","floor":33,"turns":11},{"damage":1,"enemies":"Orb Walker","floor":35,"turns":5},{"damage":37,"enemies":"3 Shapes","floor":36,"turns":6},{"damage":44,"enemies":"Writhing Mass","floor":37,"turns":7},{"damage":35,"enemies":"Maw","floor":38,"turns":8}],"seed_played":"3212956754879554598","potions_obtained":[{"floor":1,"key":"Fire Potion"},{"floor":5,"key":"EssenceOfSteel"},{"floor":6,"key":"Weak Potion"},{"floor":19,"key":"SteroidPotion"},{"floor":27,"key":"Fire Potion"},{"floor":29,"key":"PowerPotion"},{"floor":35,"key":"SteroidPotion"},{"floor":36,"key":"Energy Potion"}],"is_trial":false,"path_per_floor":["M","?","M","M","M","E","?","R","T","R","E","R","$","M","R","B",null,"M","M","M","M","$","R","?","M","T","M","M","M","?","?","R","B",null,"M","M","M","M"],"character_chosen":"DEFECT","items_purchased":["Chrysalis","Self Repair","Glacier"],"campfire_rested":1,"item_purchase_floors":[13,22,22],"current_hp_per_floor":[76,76,75,66,49,29,29,54,54,54,47,47,62,62,62,39,84,84,86,70,49,64,64,64,64,64,67,57,39,39,68,68,60,90,92,65,33,0,0],"gold":297,"neow_bonus":"TEN_PERCENT_HP_BONUS","is_daily":false,"chose_seed":false,"campfire_upgraded":5,"win_rate":0.0,"timestamp":1614209986,"path_taken":["M","?","M","M","M","E","?","R","T","R","E","R","$","M","R","BOSS","M","M","M","?","$","R","?","M","T","M","M","M","?","?","R","BOSS","M","M","M","M"],"items_purchased_type":["Card","Card","Card"],"build_version":"2020-12-22","purchased_purges":0,"victory":false,"max_hp_per_floor":[82,82,82,82,82,84,84,84,84,84,84,84,84,84,84,84,84,84,86,86,88,88,88,88,88,88,88,88,88,88,88,88,90,90,92,92,94,94,94],"card_choices":[{"not_picked":["Fusion","Hologram"],"picked":"Defragment","floor":1},{"not_picked":["Steam Power","Beam Cell","Scrape"],"picked":"SKIP","floor":3},{"not_picked":["Hologram","Beam Cell"],"picked":"Conserve Battery","floor":4},{"not_picked":["Go for the Eyes","Double Energy"],"picked":"Doom and Gloom","floor":5},{"not_picked":["Barrage","BootSequence","Reprogram"],"picked":"Singing Bowl","floor":6},{"not_picked":["Stack","Self Repair"],"picked":"Defragment","floor":11},{"not_picked":["Doom and Gloom","Steam"],"picked":"Biased Cognition","floor":14},{"not_picked":["Core Surge","Machine Learning"],"picked":"Fission","floor":16},{"not_picked":["Force Field+1","Stack+1"],"picked":"Cold Snap+1","floor":18},{"not_picked":["Recycle","Blizzard","Go for the Eyes"],"picked":"Singing Bowl","floor":19},{"not_picked":["Auto Shields+1","Stack"],"picked":"Loop+1","floor":20},{"not_picked":["Static Discharge","Rebound","Steam"],"picked":"Singing Bowl","floor":21},{"not_picked":["Barrage+1","Steam Power"],"picked":"Skim","floor":25},{"not_picked":["Tempest","Heatsinks"],"picked":"Ball Lightning","floor":27},{"not_picked":["Streamline+1","Reinforced Body+1"],"picked":"Cold Snap","floor":28},{"not_picked":["Sweeping Beam+1","Cold Snap+1"],"picked":"Ball Lightning","floor":29},{"not_picked":["Reboot","Hyperbeam","Fission"],"picked":"Singing Bowl","floor":33},{"not_picked":["Leap+1","Go for the Eyes+1","Stack+1"],"picked":"Singing Bowl","floor":35},{"not_picked":["FTL","Beam Cell"],"picked":"Defragment","floor":36},{"not_picked":["Auto Shields+1","Redo","Cold Snap+1"],"picked":"Singing Bowl","floor":37}],"player_experience":734202,"relics_obtained":[{"floor":6,"key":"Singing Bowl"},{"floor":9,"key":"Art of War"},{"floor":11,"key":"MealTicket"},{"floor":26,"key":"Mummified Hand"}],"event_choices":[{"damage_healed":0,"gold_gain":0,"player_choice":"Grow","damage_taken":0,"max_hp_gain":0,"max_hp_loss":0,"event_name":"Living Wall","floor":2,"gold_loss":0,"cards_upgraded":["Defragment"]},{"cards_removed":["Defend_B"],"damage_healed":0,"gold_gain":0,"player_choice":"Offered Basic","damage_taken":0,"max_hp_gain":0,"max_hp_loss":0,"event_name":"Bonfire Elementals","floor":7,"gold_loss":0},{"damage_healed":0,"gold_gain":0,"player_choice":"Simplicity","damage_taken":0,"max_hp_gain":0,"max_hp_loss":0,"event_name":"Back to Basics","floor":24,"gold_loss":0,"cards_upgraded":["Strike_B","Strike_B","Strike_B","Strike_B","Defend_B","Defend_B","Defend_B"]},{"damage_healed":0,"gold_gain":0,"player_choice":"Ignored","damage_taken":0,"max_hp_gain":0,"max_hp_loss":0,"event_name":"The Mausoleum","floor":30,"gold_loss":0},{"damage_healed":29,"gold_gain":0,"player_choice":"Heal","damage_taken":0,"max_hp_gain":0,"max_hp_loss":0,"event_name":"The Library","floor":31,"gold_loss":0}],"is_beta":false,"boss_relics":[{"not_picked":["SacredBark","Inserter"],"picked":"Cursed Key"},{"not_picked":["SlaversCollar","Tiny House"],"picked":"Nuclear Battery"}],"items_purged_floors":[],"is_endless":false,"potions_floor_spawned":[1,5,6,14,19,27,29,35,36],"killed_by":"Maw","ascension_level":2}}