{"host":"d52brwsy6af8zvaq","time":1614201787,"event":{"mods":["AchievementEnabler","BaseMod","Bestiary","Highlight Path","Minty Spire (QoL Compilation)","Quick Restart","Relic Stats","ojb\u0027s Better Paths Mod"],"gold_per_floor":[11,11,22,42,58,58,85,85,109,133,175,205,280,308,320,405,417,447,473,485,497,118,118,134,149,175,175,208,208,208,208],"floor_reached":30,"language":"ENG","playtime":1921,"items_purged":["Creative AI+1"],"score":524,"play_id":"efbc566c-328c-4f79-bb60-f42cf569643e","local_time":"20210224142307","is_ascension_mode":true,"campfire_choices":[{"data":"Zap","floor":6.0,"key":"SMITH"},{"floor":8.0,"key":"REST"},{"floor":15.0,"key":"REST"},{"floor":23.0,"key":"REST"},{"floor":27,"key":"REST"}],"circlet_count":0,"master_deck":["AscendersBane","Zap+1","Dualcast","Echo Form","Reinforced Body","Cold Snap","Rip and Tear","Capacitor","Undo","Go for the Eyes","Ball Lightning","Coolheaded","Steam","Turbo","Seek","Barrage","Sweeping Beam","Coolheaded","Biased Cognition+1","Steam","Double Energy","Heatsinks+1","Apotheosis","Recycle","Fusion","Leap","Streamline","Hologram"],"relics":["Cracked Core","Tiny Chest","Akabeko","MawBank","Frozen Egg 2","Incense Burner","Pandora\u0027s Box","Nilry\u0027s Codex","PreservedInsect","Ancient Tea Set","Bag of Marbles"],"acts_visited":["Exordium","TheCity"],"potions_floor_usage":[28],"damage_taken":[{"damage":8.0,"enemies":"Small Slimes","floor":1.0,"turns":3.0},{"damage":0.0,"enemies":"Cultist","floor":3.0,"turns":3.0},{"damage":0.0,"enemies":"Jaw Worm","floor":4.0,"turns":5.0},{"damage":21.0,"enemies":"Exordium Wildlife","floor":5.0,"turns":8.0},{"damage":25.0,"enemies":"3 Sentries","floor":7.0,"turns":8.0},{"damage":0.0,"enemies":"Looter","floor":10.0,"turns":2.0},{"damage":3.0,"enemies":"Lagavulin","floor":11.0,"turns":7.0},{"damage":7.0,"enemies":"Large Slime","floor":12.0,"turns":4.0},{"damage":23.0,"enemies":"3 Sentries","floor":13.0,"turns":7.0},{"damage":0.0,"enemies":"Blue Slaver","floor":14.0,"turns":3.0},{"damage":17.0,"enemies":"The Guardian","floor":16.0,"turns":13.0},{"damage":8.0,"enemies":"3 Byrds","floor":18.0,"turns":5.0},{"damage":0.0,"enemies":"Chosen","floor":19.0,"turns":5.0},{"damage":10,"enemies":"3 Cultists","floor":24,"turns":4},{"damage":10,"enemies":"Snecko","floor":25,"turns":6},{"damage":38,"enemies":"Slavers","floor":28,"turns":4},{"damage":23,"enemies":"Gremlin Leader","floor":30,"turns":4}],"seed_played":"-8358827523455552774","potions_obtained":[{"floor":1.0,"key":"Explosive Potion"},{"floor":3.0,"key":"SkillPotion"},{"floor":5.0,"key":"Fruit Juice"},{"floor":10.0,"key":"Strength Potion"},{"floor":12.0,"key":"Weak Potion"},{"floor":14.0,"key":"AttackPotion"},{"floor":28,"key":"SpeedPotion"}],"is_trial":false,"path_per_floor":["M","?","M","M","M","R","E","R","T","M","E","M","?","M","R","B",null,"M","M","?","T","$","R","M","M","T","R","E","?","E"],"character_chosen":"DEFECT","items_purchased":["Apotheosis","Recycle","Fusion"],"campfire_rested":4,"item_purchase_floors":[22,22,22],"current_hp_per_floor":[56,56,56,56,40,40,15,37,37,37,34,27,4,4,26,9,59,51,51,30,30,30,52,42,32,32,54,16,16,0,0],"gold":208,"neow_bonus":"THREE_RARE_CARDS","is_daily":false,"chose_seed":false,"campfire_upgraded":1,"win_rate":0.0,"timestamp":1614201787,"path_taken":["M","?","M","?","M","R","E","R","T","M","E","M","?","M","R","BOSS","M","M","?","?","$","R","M","M","T","R","E","?","E"],"items_purchased_type":["Card","Card","Card"],"build_version":"2020-12-22","purchased_purges":1,"victory":false,"max_hp_per_floor":[71,71,71,71,76,76,76,76,76,76,76,76,76,76,76,76,76,76,76,76,76,76,76,76,76,76,76,76,76,76,76],"relic_stats":{"counters":[17,91],"Tiny Chest":1,"Pandora\u0027s Box":["Barrage","Sweeping Beam","Coolheaded","Consume","Creative AI","Biased Cognition","Darkness","Steam"],"PreservedInsect":90,"MawBank":156,"obtain_stats":[{"Nilry\u0027s Codex":20,"Tiny Chest":2,"Pandora\u0027s Box":17,"PreservedInsect":21,"Incense Burner":13,"Bag of Marbles":28,"Frozen Egg 2":11,"Cracked Core":0,"MawBank":9,"Ancient Tea Set":26,"Akabeko":7},{"Nilry\u0027s Codex":13,"Tiny Chest":1,"Pandora\u0027s Box":11,"PreservedInsect":13,"Incense Burner":9,"Bag of Marbles":16,"Frozen Egg 2":7,"Cracked Core":0,"MawBank":5,"Ancient Tea Set":15,"Akabeko":5},{"Nilry\u0027s Codex":73,"Tiny Chest":3,"Pandora\u0027s Box":63,"PreservedInsect":73,"Incense Burner":47,"Bag of Marbles":87,"Frozen Egg 2":36,"Cracked Core":0,"MawBank":27,"Ancient Tea Set":83,"Akabeko":27}]},"card_choices":[{"not_picked":["Reboot","Machine Learning"],"picked":"Echo Form","floor":0.0},{"not_picked":["Redo","Reprogram"],"picked":"Reinforced Body","floor":1.0},{"not_picked":["Skim","Steam"],"picked":"Cold Snap","floor":3.0},{"not_picked":["Steam","Stack"],"picked":"Rip and Tear","floor":4.0},{"not_picked":["Coolheaded","Compile Driver"],"picked":"Capacitor","floor":5.0},{"not_picked":["Aggregate","Loop"],"picked":"Undo","floor":7.0},{"not_picked":["Conserve Battery","Auto Shields"],"picked":"Go for the Eyes","floor":10.0},{"not_picked":["Seek","Consume"],"picked":"Ball Lightning","floor":11.0},{"not_picked":["Gash","Rebound"],"picked":"Coolheaded","floor":12.0},{"not_picked":["Hello World+1","Redo"],"picked":"Steam","floor":13.0},{"not_picked":["Go for the Eyes","Hyperbeam"],"picked":"Turbo","floor":14.0},{"not_picked":["Machine Learning+1","Echo Form+1"],"picked":"Seek","floor":16.0},{"not_picked":["Undo","Go for the Eyes"],"picked":"Double Energy","floor":18.0},{"not_picked":["Aggregate","Tempest"],"picked":"Heatsinks+1","floor":19.0},{"not_picked":["Steam","Hologram","Conserve Battery"],"picked":"SKIP","floor":24},{"not_picked":["Streamline","Hologram","Conserve Battery"],"picked":"SKIP","floor":25},{"not_picked":["Hologram","Cold Snap"],"picked":"Leap","floor":28}],"player_experience":2361567,"relics_obtained":[{"floor":7.0,"key":"Akabeko"},{"floor":9.0,"key":"MawBank"},{"floor":11.0,"key":"Frozen Egg 2"},{"floor":13.0,"key":"Incense Burner"},{"floor":20.0,"key":"Nilry\u0027s Codex"},{"floor":21.0,"key":"PreservedInsect"},{"floor":26,"key":"Ancient Tea Set"},{"floor":28,"key":"Bag of Marbles"}],"event_choices":[{"damage_healed":0.0,"max_hp_gain":0.0,"max_hp_loss":0.0,"gold_gain":0.0,"event_name":"WeMeetAgain","player_choice":"Gave Potion","floor":2.0,"gold_loss":0.0,"damage_taken":0.0,"relics_obtained":["Tiny Chest"]},{"damage_healed":0.0,"max_hp_gain":0.0,"max_hp_loss":0.0,"gold_gain":0.0,"event_name":"Dead Adventurer","player_choice":"Searched \u00271\u0027 times","floor":13.0,"gold_loss":0.0,"damage_taken":0.0},{"damage_healed":0.0,"max_hp_gain":0.0,"max_hp_loss":0.0,"gold_gain":0.0,"event_name":"Cursed Tome","player_choice":"Obtained Book","floor":20.0,"gold_loss":0.0,"damage_taken":21.0},{"damage_healed":0,"gold_gain":0,"cards_transformed":["Darkness","Consume"],"player_choice":"Became Test Subject","damage_taken":0,"max_hp_gain":0,"max_hp_loss":0,"event_name":"Drug Dealer","floor":29,"gold_loss":0,"cards_obtained":["Streamline","Hologram"]}],"is_beta":false,"boss_relics":[{"not_picked":["Busted Crown","Empty Cage"],"picked":"Pandora\u0027s Box"}],"items_purged_floors":[22],"is_endless":false,"potions_floor_spawned":[1,3,5,10,12,14,28],"killed_by":"Gremlin Leader","ascension_level":20}}