{"host":"kj5ejyofr70ax6r3","time":1614184812,"event":{"mods":["BaseMod","BetterRewards","Colored Map","Downfall","GifTheSpireLib","Minty Spire (QoL Compilation)","Replay The Spire","Shop Mod","StSLib"],"gold_per_floor":[99,115,131,131,131,131,131,148,159,159,32,32,32,32,51,152,152,152,171,189,189,207,219,219,21,33,33,33,46,60,87,101,101,101,101],"floor_reached":33,"language":"ENG","playtime":1739,"items_purged":[],"score":241,"play_id":"94438920-d2a1-4d59-bde2-5f5e5cfed3e1","local_time":"20210224104012","is_ascension_mode":false,"campfire_choices":[{"floor":1,"key":"RECALL"},{"data":"bronze:Separator","floor":6,"key":"SMITH"},{"floor":10,"key":"REST"},{"data":"bronze:GetLatest","floor":13,"key":"SMITH"}],"circlet_count":0,"master_deck":["bronze:Strike","bronze:Strike","bronze:Strike","bronze:Strike","bronze:Defend","bronze:Defend","bronze:Defend","bronze:Defend","bronze:Replicate","bronze:Goto","bronze:Separator+1","bronze:CutThrough","bronze:ClassDefault","bronze:Shield","bronze:GetLatest+1","bronze:Refactor","bronze:WildBeam","bronze:WildBeam+1","Swift Strike+1","m_BronzeSurvivor","bronze:BuggyMess","bronze:InfiniteLoop","bronze:Backtrace+1","bronze:Constructor","bronze:Repulsor","bronze:Constructor","bronze:HardenedForm","bronze:Repair+1","bronze:WhirlingStrike","bronze:WhirlingStrike+1","bronze:FollowUp","bronze:OilSpill","bronze:Frontload+1","bronze:AlphaBuild"],"relics":["bronze:BronzeCore","Replay:Rubber Ducky","Blue Doll","Shuriken","SlaversCollar","GremlinMask","MerchantsRug","Replay:Mystery Machine"],"acts_visited":["Exordium","TheCity"],"potions_floor_usage":[11,22,22,33,33],"damage_taken":[{"damage":3,"enemies":"Jaw Worm","floor":2,"turns":4},{"damage":5,"enemies":"Small Slimes","floor":3,"turns":4},{"damage":9,"enemies":"2 Louse","floor":8,"turns":3},{"damage":14,"enemies":"Large Slime","floor":9,"turns":6},{"damage":4,"enemies":"downfall:FleeingMerchant","floor":11,"turns":4},{"damage":0,"enemies":"downfall:LooterAlt","floor":15,"turns":3},{"damage":37,"enemies":"SI_SHIV_ARCHETYPE","floor":16,"turns":11},{"damage":11,"enemies":"Shell Parasite","floor":19,"turns":5},{"damage":10,"enemies":"downfall:LooterAlt2","floor":20,"turns":2},{"damage":0,"enemies":"Snecko","floor":22,"turns":3},{"damage":7,"enemies":"Centurion and Healer","floor":23,"turns":4},{"damage":0,"enemies":"downfall:FleeingMerchant","floor":25,"turns":4},{"damage":19,"enemies":"Snake Plant","floor":26,"turns":6},{"damage":12,"enemies":"Sentry and Sphere","floor":29,"turns":4},{"damage":3,"enemies":"Chosen and Byrds","floor":30,"turns":4},{"damage":1,"enemies":"Snake Plant","floor":32,"turns":4},{"damage":37,"enemies":"IC_MUSHROOM_ARCHETYPE","floor":33,"turns":7}],"seed_played":"817162824449346604","potions_obtained":[{"floor":3,"key":"SkillPotion"},{"floor":9,"key":"FearPotion"},{"floor":15,"key":"Dexterity Potion"},{"floor":16,"key":"hexamod:SoulburnPotion"},{"floor":20,"key":"Fire Potion"},{"floor":22,"key":"SpeedPotion"},{"floor":29,"key":"bronze:FreeFunctionsPotion"},{"floor":32,"key":"Swift Potion"}],"is_trial":false,"path_per_floor":["R","M","M","?","?","R","T","M","M","R","$","?","R","?","M","B",null,"R_BF","M","M","?","M","M","T","$","M","?","?","M","M","T","M","B"],"character_chosen":"THE_AUTOMATON","items_purchased":["bronze:Refactor","bronze:WildBeam","Swift Strike+1","MerchantsRug","bronze:Repair+1","bronze:WhirlingStrike"],"campfire_rested":1,"item_purchase_floors":[11,11,11,25,25,25],"current_hp_per_floor":[77,74,69,69,69,69,69,60,46,69,65,65,65,58,58,21,77,63,52,42,42,42,35,35,35,26,26,18,16,23,23,22,0,0,0],"gold":101,"neow_bonus":"TEN_PERCENT_HP_BONUS","is_daily":false,"chose_seed":false,"campfire_upgraded":2,"win_rate":0.0,"timestamp":1614184812,"path_taken":["R","M","M","?","?","R","T","M","?","R","$","?","R","?","M","BOSS","R_BF","M","M","?","?","M","T","$","M","?","?","M","?","?","M","BOSS"],"items_purchased_type":["Card","Card","Card","Relic","Card","Card"],"build_version":"2020-12-22","purchased_purges":0,"victory":false,"max_hp_per_floor":[77,77,77,77,77,77,77,77,77,77,77,77,77,77,77,77,77,82,82,82,82,82,82,82,82,82,82,82,82,82,82,82,82,82,82],"card_choices":[{"not_picked":["bronze:CutThrough","bronze:ChildClass"],"picked":"bronze:Separator","floor":2},{"not_picked":["bronze:Allocate","bronze:Philosophize"],"picked":"bronze:CutThrough","floor":3},{"not_picked":["bronze:Frontload","bronze:BronzeOrb"],"picked":"bronze:ClassDefault","floor":8},{"not_picked":["bronze:BronzeArmor","bronze:FineTuning"],"picked":"bronze:Shield","floor":9},{"not_picked":["bronze:BugBarrage","bronze:Branch"],"picked":"bronze:GetLatest","floor":11},{"not_picked":["bronze:CutThrough","bronze:OilSpill"],"picked":"bronze:BuggyMess","floor":15},{"not_picked":["bronze:ThunderWave","bronze:Assembly"],"picked":"bronze:InfiniteLoop","floor":16},{"not_picked":["bronze:Overheat","bronze:Turbo"],"picked":"bronze:Backtrace+1","floor":19},{"not_picked":["bronze:Deprecate","bronze:Invalidate"],"picked":"bronze:Constructor","floor":20},{"not_picked":["bronze:ChosenStrike","bronze:Invalidate"],"picked":"bronze:Repulsor","floor":22},{"not_picked":["bronze:Invalidate","bronze:FineTuning"],"picked":"bronze:Constructor","floor":23},{"not_picked":["bronze:Backtrace","bronze:ForceShield"],"picked":"bronze:HardenedForm","floor":25},{"not_picked":["bronze:BuggyMess","bronze:Safeguard+1"],"picked":"bronze:FollowUp","floor":26},{"not_picked":["bronze:ChildClass","bronze:BitShift"],"picked":"bronze:OilSpill","floor":29},{"not_picked":["bronze:Constructor","bronze:BugBarrage"],"picked":"bronze:Frontload+1","floor":30},{"not_picked":["bronze:Invalidate","bronze:Separator+1"],"picked":"bronze:AlphaBuild","floor":32}],"player_experience":215203,"relics_obtained":[{"floor":7,"key":"Blue Doll"},{"floor":31,"key":"Replay:Mystery Machine"}],"event_choices":[{"damage_healed":0,"gold_gain":0,"player_choice":"Box","damage_taken":0,"relics_obtained":["Replay:Rubber Ducky"],"max_hp_gain":0,"max_hp_loss":0,"event_name":"Big Fish","floor":5,"gold_loss":0,"cards_obtained":["Regret"]},{"damage_healed":0,"gold_gain":0,"player_choice":"Success","damage_taken":7,"relics_obtained":["Shuriken"],"max_hp_gain":0,"max_hp_loss":0,"event_name":"Scrap Ooze","floor":14,"gold_loss":0},{"damage_healed":0,"gold_gain":0,"player_choice":"Trade","damage_taken":0,"relics_obtained":["GremlinMask"],"max_hp_gain":0,"max_hp_loss":0,"event_name":"FaceTrader","floor":21,"gold_loss":0},{"damage_healed":0,"gold_gain":0,"player_choice":"Ignored","damage_taken":0,"max_hp_gain":0,"max_hp_loss":0,"event_name":"Ghosts","floor":27,"gold_loss":0}],"is_beta":false,"boss_relics":[{"not_picked":["Coffee Dripper","Abe\u0027s Treasure"],"picked":"SlaversCollar"}],"items_purged_floors":[],"is_endless":false,"potions_floor_spawned":[3,9,15,16,20,22,29,32],"killed_by":"IC_MUSHROOM_ARCHETYPE","ascension_level":0}}