{"host":"5tzvto3beate6p8b","time":1614190628,"event":{"mods":["BaseMod","Colored Map","DeckTracker","Minty Spire (QoL Compilation)","Relic Stats","StSLib","SuperFastMode"],"gold_per_floor":[118,135,145,145,145,172,183,183,206,206,206,239,239,249,249,326,326,340,91,108,108,108],"floor_reached":21,"language":"JPN","playtime":977,"items_purged":["Strike_G"],"score":378,"play_id":"c6f48cf6-f248-4e57-ac89-a90144be48fb","local_time":"20210225031708","is_ascension_mode":true,"campfire_choices":[{"data":"Blade Dance","floor":8,"key":"SMITH"},{"data":"Predator","floor":11,"key":"SMITH"},{"data":"Bane","floor":13,"key":"SMITH"},{"data":"Bane","floor":15,"key":"SMITH"}],"circlet_count":0,"master_deck":["AscendersBane","Strike_G","Strike_G","Strike_G","Defend_G","Defend_G","Defend_G","Defend_G","Defend_G","Survivor","Neutralize","Blade Dance+1","Deadly Poison","Predator+1","Blade Dance+1","Bane+1","Bane+1","Wraith Form v2","PiercingWail","Prepared","Deadly Poison"],"relics":["Ring of the Snake","NeowsBlessing","Oddly Smooth Stone","Vajra","Orichalcum","Runic Pyramid","Membership Card"],"acts_visited":["Exordium","TheCity"],"potions_floor_usage":[6,12,16],"damage_taken":[{"damage":0,"enemies":"Jaw Worm","floor":1,"turns":1},{"damage":0,"enemies":"2 Louse","floor":2,"turns":1},{"damage":0,"enemies":"Cultist","floor":3,"turns":1},{"damage":5,"enemies":"Gremlin Nob","floor":6,"turns":3},{"damage":0,"enemies":"3 Louse","floor":7,"turns":5},{"damage":16,"enemies":"3 Sentries","floor":12,"turns":7},{"damage":0,"enemies":"Large Slime","floor":14,"turns":3},{"damage":6,"enemies":"Slime Boss","floor":16,"turns":6},{"damage":26,"enemies":"Shell Parasite","floor":18,"turns":5},{"damage":4,"enemies":"3 Byrds","floor":20,"turns":8},{"damage":34,"enemies":"Cultist and Chosen","floor":21,"turns":5}],"seed_played":"-509572913577484275","potions_obtained":[{"floor":2,"key":"AttackPotion"},{"floor":3,"key":"Dexterity Potion"},{"floor":7,"key":"LiquidMemories"}],"is_trial":false,"path_per_floor":["M","M","M","?","?","E","M","R","T","?","R","E","R","M","R","B",null,"M","$","M","M"],"character_chosen":"THE_SILENT","items_purchased":["Membership Card","Strength Potion","Prepared"],"campfire_rested":0,"item_purchase_floors":[19,19,19],"current_hp_per_floor":[59,59,59,64,64,59,59,59,59,52,52,36,36,36,36,30,61,35,35,31,0,0],"gold":108,"neow_bonus":"THREE_ENEMY_KILL","is_daily":false,"chose_seed":false,"campfire_upgraded":4,"win_rate":0.0,"timestamp":1614190628,"path_taken":["M","M","M","?","?","E","M","R","T","?","R","E","R","?","R","BOSS","M","$","?","M"],"items_purchased_type":["Relic","Potion","Card"],"build_version":"2020-12-22","purchased_purges":1,"victory":false,"max_hp_per_floor":[66,66,66,71,71,71,71,71,71,71,71,71,71,71,71,71,71,71,71,71,71,71],"relic_stats":{"counters":[11,45],"Orichalcum":[72],"obtain_stats":[{"NeowsBlessing":0,"Oddly Smooth Stone":6,"Vajra":9,"Membership Card":19,"Orichalcum":12,"Ring of the Snake":0,"Runic Pyramid":17},{"NeowsBlessing":0,"Oddly Smooth Stone":4,"Vajra":5,"Membership Card":9,"Orichalcum":6,"Ring of the Snake":0,"Runic Pyramid":8},{"NeowsBlessing":0,"Oddly Smooth Stone":6,"Vajra":11,"Membership Card":32,"Orichalcum":18,"Ring of the Snake":0,"Runic Pyramid":27}],"Ring of the Snake":[22]},"card_choices":[{"not_picked":["Dodge and Roll","Bouncing Flask"],"picked":"Blade Dance","floor":1},{"not_picked":["Expertise","Deflect","Dodge and Roll"],"picked":"SKIP","floor":2},{"not_picked":["Slice","Bane"],"picked":"Deadly Poison","floor":3},{"not_picked":["Reflex","A Thousand Cuts"],"picked":"Predator","floor":6},{"not_picked":["Crippling Poison","Underhanded Strike"],"picked":"Blade Dance","floor":7},{"not_picked":["Cloak And Dagger","Calculated Gamble"],"picked":"Bane","floor":12},{"not_picked":["Cloak And Dagger","Riddle With Holes"],"picked":"Bane","floor":14},{"not_picked":["Bullet Time","Glass Knife"],"picked":"Wraith Form v2","floor":16},{"not_picked":["Slice","Flying Knee"],"picked":"PiercingWail","floor":18},{"not_picked":["Quick Slash","Backflip"],"picked":"Deadly Poison","floor":20}],"player_experience":872194,"relics_obtained":[{"floor":6,"key":"Oddly Smooth Stone"},{"floor":9,"key":"Vajra"},{"floor":12,"key":"Orichalcum"}],"event_choices":[{"damage_healed":0,"gold_gain":0,"player_choice":"Donut","damage_taken":0,"max_hp_gain":5,"max_hp_loss":0,"event_name":"Big Fish","floor":4,"gold_loss":0},{"damage_healed":0,"gold_gain":0,"player_choice":"Grow","damage_taken":0,"max_hp_gain":0,"max_hp_loss":0,"event_name":"Living Wall","floor":5,"gold_loss":0,"cards_upgraded":["Blade Dance"]},{"cards_removed":["Strike_G"],"damage_healed":0,"gold_gain":0,"player_choice":"Card Removal","damage_taken":7,"max_hp_gain":0,"max_hp_loss":0,"event_name":"Golden Wing","floor":10,"gold_loss":0}],"is_beta":false,"boss_relics":[{"not_picked":["Busted Crown","SacredBark"],"picked":"Runic Pyramid"}],"items_purged_floors":[19],"is_endless":false,"potions_floor_spawned":[2,3,7],"killed_by":"Cultist and Chosen","ascension_level":20}}