{"host":"5bsc0nab6whpyrbj","time":1614196984,"event":{"mods":["AchievementEnabler","BaseMod","Colored Map","Dark Map","Highlight Path","Minty Spire (QoL Compilation)"],"gold_per_floor":[11,11,11,30,205,205,228,228,228,249,249,267,267,285,285,285,285],"floor_reached":16,"language":"ENG","playtime":312,"items_purged":[],"score":92,"play_id":"8cef4ddc-e3f0-4a7e-8faf-fd5517edbf61","local_time":"20210224150304","is_ascension_mode":false,"campfire_choices":[{"floor":6.0,"key":"RECALL"},{"floor":11.0,"key":"REST"},{"data":"Streamline","floor":15.0,"key":"SMITH"}],"circlet_count":0,"master_deck":["Strike_B","Strike_B","Strike_B","Strike_B","Defend_B","Defend_B","Defend_B","Defend_B","Zap+1","Dualcast","Steam","Injury","Doubt","Go for the Eyes","Beam Cell","Streamline+1"],"relics":["Cracked Core","Golden Idol"],"acts_visited":["Exordium"],"potions_floor_usage":[16],"damage_taken":[{"damage":13.0,"enemies":"Jaw Worm","floor":1.0,"turns":3.0},{"damage":3.0,"enemies":"Small Slimes","floor":4.0,"turns":3.0},{"damage":0.0,"enemies":"2 Louse","floor":7.0,"turns":2.0},{"damage":10.0,"enemies":"Lots of Slimes","floor":10.0,"turns":5.0},{"damage":13.0,"enemies":"Red Slaver","floor":12.0,"turns":3.0},{"damage":10.0,"enemies":"Exordium Thugs","floor":14.0,"turns":5.0},{"damage":69,"enemies":"Hexaghost","floor":16,"turns":9}],"seed_played":"3057525759665836871","potions_obtained":[{"floor":1.0,"key":"SmokeBomb"},{"floor":14.0,"key":"SkillPotion"}],"is_trial":false,"path_per_floor":["M","?","?","M","?","R","M","?","T","M","R","M","$","M","R","B"],"character_chosen":"DEFECT","items_purchased":[],"campfire_rested":1,"item_purchase_floors":[],"current_hp_per_floor":[76,76,76,73,73,73,73,73,73,63,89,76,76,66,66,0,0],"gold":285,"neow_bonus":"TWENTY_PERCENT_HP_BONUS","is_daily":false,"chose_seed":false,"campfire_upgraded":1,"win_rate":0.0,"timestamp":1614196984,"path_taken":["M","?","?","?","?","R","M","?","T","M","R","?","?","M","R","BOSS"],"items_purchased_type":[],"build_version":"2020-12-22","purchased_purges":0,"victory":false,"max_hp_per_floor":[89,89,89,89,89,89,89,89,89,89,89,89,89,89,89,89,89],"card_choices":[{"not_picked":["BootSequence","Leap"],"picked":"Steam","floor":1.0},{"not_picked":["Hologram","Rebound","Barrage"],"picked":"SKIP","floor":4.0},{"not_picked":["Rip and Tear","Recycle"],"picked":"Go for the Eyes","floor":7.0},{"not_picked":["Stack","Coolheaded","Rebound"],"picked":"SKIP","floor":10.0},{"not_picked":["Redo","Storm"],"picked":"Beam Cell","floor":12.0},{"not_picked":["Compile Driver","Auto Shields"],"picked":"Streamline","floor":14.0}],"player_experience":118157,"relics_obtained":[],"event_choices":[{"damage_healed":0.0,"max_hp_gain":0.0,"max_hp_loss":0.0,"gold_gain":0.0,"event_name":"Golden Idol","player_choice":"Take Wound","floor":2.0,"gold_loss":0.0,"damage_taken":0.0,"relics_obtained":["Golden Idol"],"cards_obtained":["Injury"]},{"damage_healed":0.0,"max_hp_gain":0.0,"max_hp_loss":0.0,"gold_gain":0.0,"event_name":"Living Wall","player_choice":"Grow","floor":3.0,"gold_loss":0.0,"damage_taken":0.0,"cards_upgraded":["Zap"]},{"damage_healed":0.0,"max_hp_gain":0.0,"max_hp_loss":0.0,"gold_gain":175.0,"event_name":"Liars Game","player_choice":"AGREE","floor":5.0,"gold_loss":0.0,"damage_taken":0.0,"cards_obtained":["Doubt"]},{"damage_healed":0.0,"max_hp_gain":0.0,"max_hp_loss":0.0,"gold_gain":0.0,"event_name":"NoteForYourself","player_choice":"Ignored","floor":8.0,"gold_loss":0.0,"damage_taken":0.0}],"is_beta":false,"boss_relics":[],"items_purged_floors":[],"is_endless":false,"potions_floor_spawned":[1,14],"killed_by":"Hexaghost","ascension_level":0}}