{"host":"zdahj580pq9zy75i","time":1614178863,"event":{"mods":["AchievementEnabler","BaseMod","Bestiary","Colored Map","Minty Spire (QoL Compilation)","Relic Stats","StSLib"],"gold_per_floor":[10,10,24,41,116,154,154,170,197,197,218,61,105,125,125,210,210,235,215,226,244,29,29,49,49,95,95,95],"floor_reached":27,"language":"ENG","playtime":1207,"items_purged":["Strike_R"],"score":450,"play_id":"ceebd143-87c5-4ea3-b82e-7f5b62bd9ee8","local_time":"20210224100103","is_ascension_mode":true,"campfire_choices":[{"data":"Corruption","floor":7,"key":"SMITH"},{"data":"Bash","floor":10,"key":"SMITH"},{"floor":15,"key":"REST"},{"floor":23,"key":"REST"},{"floor":25,"key":"REST"}],"circlet_count":0,"master_deck":["AscendersBane","Strike_R","Strike_R","Strike_R","Defend_R+1","Defend_R","Defend_R","Defend_R+1","Bash+1","Brutality","Thunderclap","Shrug It Off","Cleave","Corruption+1","Armaments","Sentinel","Feel No Pain","Blood for Blood","Pommel Strike","Barricade","Shrug It Off","True Grit","Armaments+1"],"relics":["Burning Blood","CeramicFish","War Paint","Happy Flower","Runic Dome","Membership Card","Pen Nib"],"acts_visited":["Exordium","TheCity"],"potions_floor_usage":[6,13,14,16],"damage_taken":[{"damage":2,"enemies":"2 Louse","floor":1,"turns":3},{"damage":4,"enemies":"Cultist","floor":3,"turns":4},{"damage":8,"enemies":"Small Slimes","floor":4,"turns":5},{"damage":22,"enemies":"3 Sentries","floor":6,"turns":7},{"damage":9,"enemies":"Blue Slaver","floor":8,"turns":4},{"damage":12,"enemies":"Red Slaver","floor":11,"turns":5},{"damage":26,"enemies":"Lagavulin","floor":13,"turns":8},{"damage":13,"enemies":"Gremlin Gang","floor":14,"turns":4},{"damage":33,"enemies":"Slime Boss","floor":16,"turns":9},{"damage":28,"enemies":"Spheric Guardian","floor":18,"turns":7},{"damage":0,"enemies":"Chosen","floor":20,"turns":8},{"damage":24,"enemies":"Shelled Parasite and Fungi","floor":21,"turns":5},{"damage":26,"enemies":"Centurion and Healer","floor":24,"turns":6},{"damage":61,"enemies":"Gremlin Leader","floor":27,"turns":4}],"seed_played":"6427129979155611416","potions_obtained":[{"floor":1,"key":"Fruit Juice"},{"floor":3,"key":"AttackPotion"},{"floor":14,"key":"FearPotion"},{"floor":16,"key":"Dexterity Potion"},{"floor":19,"key":"SteroidPotion"},{"floor":21,"key":"Block Potion"},{"floor":24,"key":"Dexterity Potion"}],"is_trial":false,"path_per_floor":["M","?","M","M","?","E","R","M","T","R","M","$","E","M","R","B",null,"M","?","M","M","$","R","M","R","T","E"],"character_chosen":"IRONCLAD","items_purchased":["Sentinel","Feel No Pain","FearPotion","Membership Card","True Grit"],"campfire_rested":3,"item_purchase_floors":[12,12,12,22,22],"current_hp_per_floor":[72,72,74,72,61,45,45,42,42,42,36,36,16,14,38,11,63,41,41,47,29,29,53,33,57,57,0,0],"gold":95,"neow_bonus":"THREE_RARE_CARDS","is_daily":false,"chose_seed":false,"campfire_upgraded":2,"win_rate":0.0,"timestamp":1614178863,"path_taken":["M","?","?","M","?","E","R","M","T","R","M","$","E","M","R","BOSS","M","?","M","M","$","R","M","R","T","E"],"items_purchased_type":["Card","Card","Potion","Relic","Card"],"build_version":"2020-12-22","purchased_purges":1,"victory":false,"max_hp_per_floor":[75,75,75,75,75,75,75,75,75,75,75,75,75,80,80,80,80,80,80,80,80,80,80,80,80,80,80,80],"relic_stats":{"Happy Flower":[14],"counters":[14,79],"CeramicFish":90,"Pen Nib":[0],"War Paint":["Defend_R","Defend_R"],"obtain_stats":[{"Runic Dome":17,"Happy Flower":13,"CeramicFish":6,"Pen Nib":26,"Membership Card":22,"War Paint":9,"Burning Blood":0},{"Runic Dome":9,"Happy Flower":7,"CeramicFish":4,"Pen Nib":13,"Membership Card":12,"War Paint":5,"Burning Blood":0},{"Runic Dome":49,"Happy Flower":36,"CeramicFish":19,"Pen Nib":75,"Membership Card":69,"War Paint":23,"Burning Blood":0}],"Burning Blood":78},"card_choices":[{"not_picked":["Demon Form","Berserk"],"picked":"Brutality","floor":0},{"not_picked":["Combust","Flex"],"picked":"Thunderclap","floor":1},{"not_picked":["Armaments","Clash"],"picked":"Shrug It Off","floor":3},{"not_picked":["Rupture","True Grit"],"picked":"Cleave","floor":4},{"not_picked":["Iron Wave","Feel No Pain"],"picked":"Corruption","floor":6},{"not_picked":["Havoc","Reckless Charge","Headbutt"],"picked":"SKIP","floor":8},{"not_picked":["Wild Strike","Searing Blow"],"picked":"Armaments","floor":11},{"not_picked":["True Grit","Bludgeon"],"picked":"Blood for Blood","floor":13},{"not_picked":["Twin Strike","Clothesline"],"picked":"Pommel Strike","floor":14},{"not_picked":["Corruption","Brutality"],"picked":"Barricade","floor":16},{"not_picked":["Feel No Pain","Iron Wave+1"],"picked":"Shrug It Off","floor":18},{"not_picked":["Flex","Pommel Strike","Clothesline"],"picked":"SKIP","floor":20},{"not_picked":["Heavy Blade","Thunderclap","Flex"],"picked":"SKIP","floor":21},{"not_picked":["Heavy Blade","Thunderclap","Flex"],"picked":"SKIP","floor":21},{"not_picked":["Havoc","Anger+1"],"picked":"Armaments+1","floor":24}],"player_experience":798596,"relics_obtained":[{"floor":6,"key":"CeramicFish"},{"floor":9,"key":"War Paint"},{"floor":13,"key":"Happy Flower"},{"floor":26,"key":"Pen Nib"}],"event_choices":[{"cards_removed":["Strike_R"],"damage_healed":0,"gold_gain":0,"player_choice":"Offered Basic","damage_taken":0,"max_hp_gain":0,"max_hp_loss":0,"event_name":"Bonfire Elementals","floor":2,"gold_loss":0},{"damage_healed":0,"gold_gain":75,"player_choice":"Gather Gold","damage_taken":11,"max_hp_gain":0,"max_hp_loss":0,"event_name":"World of Goop","floor":5,"gold_loss":0},{"damage_healed":0,"gold_gain":0,"player_choice":"Bought 1 Potion","damage_taken":0,"max_hp_gain":0,"max_hp_loss":0,"event_name":"The Woman in Blue","floor":19,"gold_loss":0}],"is_beta":false,"boss_relics":[{"not_picked":["Sozu","Empty Cage"],"picked":"Runic Dome"}],"items_purged_floors":[22],"is_endless":false,"potions_floor_spawned":[1,3,14,16,20,21,24],"killed_by":"Gremlin Leader","ascension_level":20}}