{"host":"yawnmhdh5u4s0p8o","time":1614149915,"event":{"mods":["AchievementEnabler","Aspiration","BaseMod","BetterRewards","Colored Powertips","Conspire","Downfall","Friendly Minions","GifTheSpireLib","Gremlin Mod","Infinite Spire","Minty Spire (QoL Compilation)","Reliquary","Replay The Spire","StSLib","The Gatherer","The Necromancer"],"gold_per_floor":[113,125,125,125,143,143,158,158,158,173,204,217,228,258,258,355,355,373,123,123,123,143,154,170,199,226,226,226,226,35,51,51,150,150,161,161,178,178,194,194,211,239,239,269,269,288,388,388,388,388,388],"floor_reached":50,"language":"ENG","playtime":6395,"items_purged":[],"score":784,"play_id":"cd40070f-5d92-4c30-9bd6-aee59ca9431c","local_time":"20210224175835","is_ascension_mode":false,"campfire_choices":[{"data":"Metallicize","floor":6.0,"key":"SMITH"},{"data":"Rampage","floor":8.0,"key":"SMITH"},{"data":"Dual Wield","floor":15.0,"key":"SMITH"},{"data":"GremboGang","floor":27,"key":"SMITH"},{"floor":29,"key":"REST"},{"data":"Apotheosis","floor":32,"key":"SMITH"},{"floor":40,"key":"REST"},{"floor":45,"key":"REST"},{"floor":49,"key":"REST"}],"circlet_count":0,"master_deck":["Strike_R","Strike_R","Strike_R","Strike_R","Defend_R","Defend_R","Defend_R","Defend_R","Bash+1","Pommel Strike+1","Body Slam+1","Shrug It Off","Anger","Sword Boomerang","Metallicize+1","Rampage+1","Flex","Warcry","Shrug It Off","Dark Embrace","Clothesline","Dual Wield+1","Demon Form","Run Through+1","GremboGang+1","infinitespire:FutureSight","Carnage","Flex+1","Seeing Red","conspire:HitWhereItHurts","Apotheosis+1","Thunderclap","Replay:Many Hands","Replay:Undeath\u0027s Touch","Voices","infinitespire:OneForAll+1","Pommel Strike","Shrug It Off","Armaments","Barricade","infinitespire:Starlight","Rage","infinitespire:OneForAll+1"],"relics":["Black Blood","reliquary:FingerTrap","Guide Book","Replay:Bottled Snecko","Mango","reliquary:RedPaperclip","conspire:SpecialSausage","Champion Belt","Replay:Blank Codex","White Beast Statue","reliquary:PorcupineQuills","Ring of Chaos","ReplayTheSpireMod:Ring of Collecting","Another Sword","Replay:Bottled Steam","ReplayTheSpireMod:Ring of Addiction","Chameleon Ring","Potion Belt","Strawberry","Ginger"],"acts_visited":["Exordium","TheCity","TheBeyond"],"potions_floor_usage":[31,35,37,42,44,46,47,47,47,47,47,50],"damage_taken":[{"damage":0.0,"enemies":"Small Slimes","floor":1.0,"turns":3.0},{"damage":0.0,"enemies":"Jaw Worm","floor":2.0,"turns":3.0},{"damage":0.0,"enemies":"Cultist","floor":5.0,"turns":3.0},{"damage":5.0,"enemies":"Looter","floor":7.0,"turns":3.0},{"damage":8.0,"enemies":"3 Louse","floor":10.0,"turns":3.0},{"damage":9.0,"enemies":"3 Sentries","floor":11.0,"turns":8.0},{"damage":0.0,"enemies":"Blue Slaver","floor":12.0,"turns":3.0},{"damage":2.0,"enemies":"Exordium Wildlife","floor":13.0,"turns":4.0},{"damage":4.0,"enemies":"Gremlin Nob","floor":14.0,"turns":3.0},{"damage":20.0,"enemies":"Slime Boss","floor":16.0,"turns":12.0},{"damage":5.0,"enemies":"Shell Parasite","floor":18.0,"turns":4.0},{"damage":11.0,"enemies":"3 Byrds","floor":22.0,"turns":5.0},{"damage":16.0,"enemies":"3 Cultists","floor":23.0,"turns":6.0},{"damage":19.0,"enemies":"Sentry and Sphere","floor":24.0,"turns":5.0},{"damage":20.0,"enemies":"Book of Stabbing","floor":25.0,"turns":5.0},{"damage":0,"enemies":"Chosen and Byrds","floor":31,"turns":5},{"damage":9,"enemies":"conspire:MysteriousRune","floor":33,"turns":8},{"damage":61,"enemies":"3 Shapes","floor":35,"turns":5},{"damage":14,"enemies":"3 Darklings","floor":37,"turns":6},{"damage":14,"enemies":"4 Shapes","floor":39,"turns":5},{"damage":21,"enemies":"Maw","floor":41,"turns":7},{"damage":54,"enemies":"Nemesis","floor":42,"turns":7},{"damage":29,"enemies":"Giant Head","floor":44,"turns":6},{"damage":9,"enemies":"3 Darklings","floor":46,"turns":4},{"damage":1,"enemies":"infinitespire:Three Voidlings","floor":47,"turns":4},{"damage":45,"enemies":"Nightmare_Alpha","floor":47,"turns":8},{"damage":98,"enemies":"Donu and Deca","floor":50,"turns":10}],"seed_played":"6167345563847065819","potions_obtained":[{"floor":1.0,"key":"Milkshake"},{"floor":7.0,"key":"Adrenaline Potion"},{"floor":11.0,"key":"DuplicationPotion"},{"floor":12.0,"key":"PowerPotion"},{"floor":22.0,"key":"Fruit Juice"},{"floor":24.0,"key":"Elixir"},{"floor":31,"key":"Venom Potion"},{"floor":33,"key":"Fruit Juice"},{"floor":35,"key":"SkillPotion"},{"floor":37,"key":"GamblersBrew"},{"floor":41,"key":"ColorlessPotion"},{"floor":42,"key":"DuplicationPotion"},{"floor":43,"key":"hexamod:SoulburnPotion"},{"floor":43,"key":"Venom Potion"},{"floor":44,"key":"sneckomod:MuddlingPotion"},{"floor":46,"key":"Explosive Potion"},{"floor":47,"key":"BlessingOfTheForge"}],"is_trial":false,"path_per_floor":["M","M","?","?","M","R","M","R","T","M","E","M","M","E","R","B",null,"M","?","AVR","?","M","M","M","E","T","R","?","R","$","M","R","B",null,"M","?","M","?","M","R","M","E","T","E","R","M","?","?","R","B"],"character_chosen":"IRONCLAD","items_purchased":["reliquary:FingerTrap","reliquary:MedicineBall","Pommel Strike","Body Slam","Shrug It Off","Guide Book","Apotheosis"],"campfire_rested":4,"item_purchase_floors":[0,0,0,0,0,0,30],"current_hp_per_floor":[50,56,56,56,62,62,63,63,63,61,72,78,82,84,84,70,94,94,94,94,78,73,68,55,41,41,41,41,70,70,76,76,73,99,55,55,53,63,61,92,83,41,41,31,64,67,49,49,82,0,0],"gold":388,"neow_bonus":"","is_daily":false,"chose_seed":false,"campfire_upgraded":5,"win_rate":0.0,"timestamp":1614149915,"path_taken":["M","M","?","?","M","R","M","R","T","M","E","M","?","E","R","BOSS","M","?","AVR","?","M","M","M","E","T","R","?","R","$","M","R","BOSS","M","?","M","?","M","R","?","E","T","E","R","M","?","?","R","BOSS"],"items_purchased_type":["Relic","Relic","Card","Card","Card","Relic","Card"],"build_version":"2020-12-22","purchased_purges":0,"victory":false,"max_hp_per_floor":[80,80,80,80,80,80,80,80,80,80,94,94,94,94,94,94,94,94,94,94,94,94,99,99,99,99,99,99,99,99,99,99,99,99,104,104,104,104,104,104,104,104,104,111,111,111,111,111,111,111,111],"card_choices":[{"not_picked":["Carnage","Defy Death"],"picked":"Anger","floor":1.0},{"not_picked":["Thunderclap","Cleave"],"picked":"Sword Boomerang","floor":2.0},{"not_picked":["ReplayReversal","Flame Barrier"],"picked":"Rampage","floor":5.0},{"not_picked":["Twin Strike","Iron Wave"],"picked":"Flex","floor":7.0},{"not_picked":["Thunderclap","Anger"],"picked":"Warcry","floor":10.0},{"not_picked":["Abandon","Combust"],"picked":"Shrug It Off","floor":11.0},{"not_picked":["True Grit","Power Through"],"picked":"Dark Embrace","floor":12.0},{"not_picked":["Pommel Strike","Thunderclap"],"picked":"Clothesline","floor":13.0},{"not_picked":["Ghostly Armor","Clash"],"picked":"Dual Wield","floor":14.0},{"not_picked":["Reaper","Feed"],"picked":"Demon Form","floor":16.0},{"not_picked":["Clash+1","Searing Blow"],"picked":"Run Through+1","floor":18.0},{"not_picked":["Clash+1","ReplayTheSpireMod:Strike From Hell"],"picked":"Carnage","floor":22.0},{"not_picked":["Clothesline","Offering"],"picked":"Flex+1","floor":23.0},{"not_picked":["Burning Pact","Dark Embrace"],"picked":"Seeing Red","floor":24.0},{"not_picked":["True Grit","Run Through"],"picked":"conspire:HitWhereItHurts","floor":25},{"not_picked":["Rupture+1","Armaments"],"picked":"Thunderclap","floor":31},{"not_picked":["conspire:Purge","Impervious"],"picked":"Replay:Many Hands","floor":33},{"not_picked":["Thunderclap","Iron Wave"],"picked":"Replay:Undeath\u0027s Touch","floor":35},{"not_picked":["ReplayTheSpireMod:Stacked","Anger"],"picked":"infinitespire:OneForAll+1","floor":37},{"not_picked":["Second Wind","Warcry"],"picked":"Pommel Strike","floor":39},{"not_picked":["Cleave","Intimidate+1"],"picked":"Shrug It Off","floor":41},{"not_picked":["Run Through","Warcry+1"],"picked":"Armaments","floor":42},{"not_picked":["Hemokinesis+1","Sword Boomerang+1","Clash"],"picked":"SKIP","floor":44},{"not_picked":["Body Slam+1","Clash"],"picked":"Barricade","floor":46},{"not_picked":["ReplayTheSpireMod:??????????????????????","infinitespire:TheBestDefense"],"picked":"infinitespire:Starlight","floor":47},{"not_picked":["Body Slam","Replay:Many Hands"],"picked":"Rage","floor":47}],"player_experience":95826,"relics_obtained":[{"floor":9.0,"key":"Replay:Bottled Snecko"},{"floor":11.0,"key":"Mango"},{"floor":14.0,"key":"aspiration:HummingbirdHeart"},{"floor":21.0,"key":"Replay:Blank Codex"},{"floor":25,"key":"White Beast Statue"},{"floor":26,"key":"reliquary:PorcupineQuills"},{"floor":36,"key":"Ring of Chaos"},{"floor":36,"key":"ReplayTheSpireMod:Ring of Collecting"},{"floor":42,"key":"Another Sword"},{"floor":43,"key":"Replay:Bottled Steam"},{"floor":43,"key":"ReplayTheSpireMod:Ring of Addiction"},{"floor":43,"key":"Chameleon Ring"},{"floor":43,"key":"Potion Belt"},{"floor":44,"key":"Strawberry"},{"floor":47,"key":"Ginger"}],"event_choices":[{"damage_healed":0.0,"max_hp_gain":0.0,"max_hp_loss":0.0,"gold_gain":0.0,"cards_transformed":["Strike_R"],"event_name":"Transmorgrifier","player_choice":"Transformed","floor":4.0,"gold_loss":0.0,"damage_taken":0.0,"cards_obtained":["Metallicize"]},{"damage_healed":0.0,"max_hp_gain":0.0,"max_hp_loss":0.0,"gold_gain":0.0,"event_name":"Cursed Tome","player_choice":"Obtained Book","floor":21.0,"gold_loss":0.0,"damage_taken":16.0},{"damage_healed":0,"gold_gain":0,"player_choice":"Ignored","damage_taken":0,"max_hp_gain":0,"max_hp_loss":0,"event_name":"Beggar","floor":28,"gold_loss":0},{"damage_healed":0,"gold_gain":0,"player_choice":"Copied","damage_taken":0,"max_hp_gain":0,"max_hp_loss":0,"event_name":"Duplicator","floor":48,"gold_loss":0,"cards_obtained":["infinitespire:OneForAll"]}],"is_beta":false,"boss_relics":[{"not_picked":["infinitespire:Burning Sword","Runic Dome"],"picked":"reliquary:RedPaperclip"},{"not_picked":["Velvet Choker","reliquary:RedCape"],"picked":"Black Blood"}],"items_purged_floors":[],"is_endless":false,"potions_floor_spawned":[1,7,11,12,22,24,31,33,35,37,39,41,42,44,46,47,47],"killed_by":"Donu and Deca","ascension_level":0}}