{"host":"2d69zsihwnsihkt1","time":1614128551,"event":{"mods":["AchievementEnabler","Act Like it!","BaseMod","Better Altar","Better Note","Better Skull","Bossed Relics","Colored Map","Colored Powertips","Curses Come First","Displayed Cursed Tome","Googly Eyes","Hermit","Minty Spire (QoL Compilation)","Rare Cards Sparkle","Relic Stats","Replay The Spire","Robot Space Explorer","Shapeshifter Mod","Shop Mod","StSLib","The Forsaken","The Hayseed","The Runesmith"],"gold_per_floor":[116,132,132,132,144,144,144,144,171,225,249,288,288,311,311,435,435,459,473,473,602,621,621,621,621],"floor_reached":24,"language":"ENG","playtime":6702,"items_purged":[],"score":265,"play_id":"fae914a2-f6df-48aa-bcb2-059e3a485e8d","local_time":"20210223190231","is_ascension_mode":true,"campfire_choices":[{"data":"Enlightenment","floor":6,"key":"SMITH"},{"floor":8,"key":"REST"},{"data":"theForsaken:DefensiveStance","floor":13,"key":"SMITH"},{"floor":23,"key":"REST"}],"circlet_count":0,"master_deck":["theForsaken:TheForsaken_Strike","theForsaken:TheForsaken_Strike","theForsaken:TheForsaken_Strike","theForsaken:TheForsaken_Strike","theForsaken:TheForsaken_Defend","theForsaken:TheForsaken_Defend","theForsaken:TheForsaken_Defend","theForsaken:Smite","theForsaken:Penitence","Enlightenment+1","theForsaken:SolarFlare","theForsaken:DefensiveStance+1","theForsaken:CorruptDeck","theForsaken:AncientWords","theForsaken:SpreadingPlague","ReplayTheSpireMod:Splinters","theForsaken:BountifulSunlight"],"relics":["theForsaken:JudgementScales","Golden Idol","Toy Ornithopter","Lantern","Onion Ring","Ring of Chaos","Blood Vial"],"acts_visited":["Exordium","TheCity"],"potions_floor_usage":[12,16,18],"damage_taken":[{"damage":3,"enemies":"2 Louse","floor":1,"turns":3},{"damage":0,"enemies":"Cultist","floor":2,"turns":4},{"damage":2,"enemies":"Jaw Worm","floor":5,"turns":3},{"damage":8,"enemies":"Exordium Wildlife","floor":11,"turns":4},{"damage":1,"enemies":"3 Sentries","floor":12,"turns":7},{"damage":0,"enemies":"Gremlin Gang","floor":14,"turns":3},{"damage":58,"enemies":"Hexaghost","floor":16,"turns":13},{"damage":14,"enemies":"Spheric Guardian","floor":18,"turns":7},{"damage":35,"enemies":"Shell Parasite","floor":19,"turns":11},{"damage":34,"enemies":"Centurion and Healer","floor":22,"turns":8},{"damage":32,"enemies":"Snake Plant","floor":24,"turns":2}],"seed_played":"-1697233949505570328","potions_obtained":[{"floor":1,"key":"DistilledChaos"},{"floor":2,"key":"EssenceOfSteel"},{"floor":16,"key":"Block Potion"}],"is_trial":false,"path_per_floor":["M","M","$","?","M","R","?","R","T","T","M","E","R","M","R_BF","B",null,"M","M","?","?","M","R","M"],"character_chosen":"THE_FORSAKEN","items_purchased":[],"campfire_rested":2,"item_purchase_floors":[],"current_hp_per_floor":[58,61,61,61,59,59,43,62,62,62,54,64,64,64,64,22,54,51,22,22,22,11,30,0,0],"gold":621,"neow_bonus":"RANDOM_COLORLESS","is_daily":false,"chose_seed":false,"campfire_upgraded":2,"win_rate":0.0,"timestamp":1614128551,"path_taken":["M","M","$","?","?","R","?","R","T","?","M","E","R","M","R_BF","BOSS","M","M","?","?","?","R","?"],"items_purchased_type":[],"build_version":"2020-12-22","purchased_purges":0,"victory":false,"max_hp_per_floor":[65,65,65,65,65,65,65,65,65,65,65,65,65,65,65,65,65,65,65,65,65,65,65,65,65],"relic_stats":{"Blood Vial":4,"counters":[11,65],"Golden Idol":81,"obtain_stats":[{"Blood Vial":21,"Lantern":10,"Golden Idol":7,"Onion Ring":12,"Ring of Chaos":17,"theForsaken:JudgementScales":0,"Toy Ornithopter":9},{"Blood Vial":9,"Lantern":3,"Golden Idol":3,"Onion Ring":5,"Ring of Chaos":7,"theForsaken:JudgementScales":0,"Toy Ornithopter":3},{"Blood Vial":55,"Lantern":10,"Golden Idol":10,"Onion Ring":21,"Ring of Chaos":37,"theForsaken:JudgementScales":0,"Toy Ornithopter":10}],"Toy Ornithopter":11},"card_choices":[{"not_picked":["Purity","Impatience"],"picked":"Enlightenment","floor":0},{"not_picked":["theForsaken:BottledPlague","theForsaken:ScorchingSunlight","theForsaken:WordOfPower"],"picked":"SKIP","floor":1},{"not_picked":["theForsaken:WordsOfPestilence","theForsaken:PanicDive"],"picked":"theForsaken:SolarFlare","floor":2},{"not_picked":["theForsaken:Preservation","theForsaken:StoreUp","theForsaken:NobleSacrifice"],"picked":"SKIP","floor":5},{"not_picked":["theForsaken:WardingHymn","theForsaken:RainingSunlight","theForsaken:Devotion"],"picked":"SKIP","floor":11},{"not_picked":["theForsaken:Enfeeble","theForsaken:QuickAttack"],"picked":"theForsaken:AncientWords","floor":12},{"not_picked":["theForsaken:CorruptedWord","theForsaken:ShieldBash","theForsaken:ScorchingSunlight"],"picked":"SKIP","floor":14},{"not_picked":["theForsaken:DarkRift","theForsaken:DesperatePlea"],"picked":"theForsaken:SpreadingPlague","floor":16},{"not_picked":["theForsaken:Parry+1","theForsaken:Eulogy+1","theForsaken:Backlash"],"picked":"SKIP","floor":18},{"not_picked":["theForsaken:InspiringBlow","theForsaken:Parry","theForsaken:HorrifyingStrike+1"],"picked":"SKIP","floor":19},{"not_picked":["theForsaken:BindingThorns","theForsaken:RainingSunlight"],"picked":"theForsaken:BountifulSunlight","floor":21},{"not_picked":["theForsaken:SolarFlare","theForsaken:QuickAttack","theForsaken:Eulogy"],"picked":"SKIP","floor":22}],"player_experience":1885006,"relics_obtained":[{"floor":9,"key":"Toy Ornithopter"},{"floor":10,"key":"Lantern"},{"floor":12,"key":"Onion Ring"},{"floor":21,"key":"Blood Vial"}],"event_choices":[{"damage_healed":0,"gold_gain":0,"player_choice":"2 cards matched","damage_taken":0,"max_hp_gain":0,"max_hp_loss":0,"event_name":"Match and Keep!","floor":4,"gold_loss":0,"cards_obtained":["theForsaken:DefensiveStance","theForsaken:CorruptDeck"]},{"damage_healed":0,"gold_gain":0,"player_choice":"Take Damage","damage_taken":16,"relics_obtained":["Golden Idol"],"max_hp_gain":0,"max_hp_loss":0,"event_name":"Golden Idol","floor":7,"gold_loss":0},{"cards_removed":["theForsaken:TheForsaken_Defend"],"damage_healed":0,"gold_gain":0,"player_choice":"Purged","damage_taken":0,"max_hp_gain":0,"max_hp_loss":0,"event_name":"Purifier","floor":15,"gold_loss":0},{"damage_healed":0,"gold_gain":0,"player_choice":"Ignored","damage_taken":0,"max_hp_gain":0,"max_hp_loss":0,"event_name":"Ghosts","floor":20,"gold_loss":0}],"is_beta":false,"boss_relics":[{"not_picked":["Runic Pyramid","Kintsugi"],"picked":"Ring of Chaos"}],"items_purged_floors":[],"is_endless":false,"potions_floor_spawned":[1,2,16],"killed_by":"Snake Plant","ascension_level":7}}