{"host":"nptej036rrbiurf5","time":1614142110,"event":{"mods":["BaseMod","Colored Map","Colored Powertips","DeckTracker","Minty Spire (QoL Compilation)","StSLib","SuperFastMode"],"gold_per_floor":[114,114,84,95,113,141,141,141,189,225,225,258,258,271,271,360,360,376,426,442,466,39,39,39,54,78,78,93,93,93],"floor_reached":29,"language":"KOR","playtime":518,"items_purged":["Ball Lightning"],"score":486,"play_id":"10cc7246-9ea2-40bb-ba30-bdae6de0ec66","local_time":"20210224134830","is_ascension_mode":true,"campfire_choices":[{"floor":11.0,"key":"REST"},{"floor":13.0,"key":"REST"},{"data":"Lockon","floor":15.0,"key":"SMITH"},{"data":"Aggregate","floor":23,"key":"SMITH"}],"circlet_count":0,"master_deck":["AscendersBane","Zap+1","Dualcast","Sweeping Beam+1","Compile Driver","Ball Lightning","Lockon+1","Ball Lightning","Leap","Cold Snap","Aggregate","Steam","Reboot","Meteor Strike","Sunder","Chill","Leap","BootSequence","Reinforced Body","Meteor Strike","Turbo","Stack","Self Repair","Aggregate+1","Chaos+1"],"relics":["Cracked Core","NeowsBlessing","War Paint","DataDisk","Golden Idol","Dream Catcher","Lantern","Oddly Smooth Stone","Pandora\u0027s Box","DollysMirror","Blue Candle"],"acts_visited":["Exordium","TheCity"],"potions_floor_usage":[24],"damage_taken":[{"damage":0.0,"enemies":"Small Slimes","floor":1.0,"turns":1.0},{"damage":0.0,"enemies":"Jaw Worm","floor":4.0,"turns":1.0},{"damage":0.0,"enemies":"Cultist","floor":5.0,"turns":1.0},{"damage":32.0,"enemies":"Gremlin Nob","floor":6.0,"turns":4.0},{"damage":17.0,"enemies":"Lagavulin","floor":10.0,"turns":5.0},{"damage":8.0,"enemies":"Gremlin Nob","floor":12.0,"turns":3.0},{"damage":0.0,"enemies":"Large Slime","floor":14.0,"turns":3.0},{"damage":25.0,"enemies":"Hexaghost","floor":16.0,"turns":9.0},{"damage":17,"enemies":"Shell Parasite","floor":18,"turns":4},{"damage":4,"enemies":"3 Byrds","floor":20,"turns":4},{"damage":0,"enemies":"Snecko","floor":21,"turns":3},{"damage":3,"enemies":"Cultist and Chosen","floor":25,"turns":5},{"damage":0,"enemies":"Chosen and Byrds","floor":28,"turns":4},{"damage":48,"enemies":"Masked Bandits","floor":29,"turns":3}],"seed_played":"1206857930260615948","potions_obtained":[{"floor":3.0,"key":"EssenceOfSteel"},{"floor":3.0,"key":"Regen Potion"},{"floor":6.0,"key":"LiquidBronze"},{"floor":18,"key":"PotionOfCapacity"}],"is_trial":false,"path_per_floor":["M","?","?","M","M","E","?","?","T","E","R","E","R","M","R","B",null,"M","?","M","M","$","R","$","M","T","T","M","?"],"character_chosen":"DEFECT","items_purchased":["Self Repair","DollysMirror","Fruit Juice"],"campfire_rested":2,"item_purchase_floors":[22,22,22],"current_hp_per_floor":[64,59,59,59,59,39,18,18,18,1,20,12,31,31,31,6,50,33,33,29,29,29,29,34,38,38,38,45,0,0],"gold":93,"neow_bonus":"THREE_ENEMY_KILL","is_daily":false,"chose_seed":false,"campfire_upgraded":2,"win_rate":0.0,"timestamp":1614142110,"path_taken":["M","?","?","M","?","E","?","?","T","E","R","E","R","M","R","BOSS","M","?","M","M","$","R","$","M","T","?","?","?"],"items_purchased_type":["Card","Relic","Potion"],"build_version":"2020-12-22","purchased_purges":1,"victory":false,"max_hp_per_floor":[71,71,71,71,71,71,71,64,64,64,64,64,64,64,64,64,64,64,64,64,64,64,64,69,69,69,69,69,69,69],"card_choices":[{"not_picked":["Gash","Barrage"],"picked":"Sweeping Beam","floor":1.0},{"not_picked":["Force Field","Streamline"],"picked":"Compile Driver","floor":4.0},{"not_picked":["Genetic Algorithm","Undo"],"picked":"Ball Lightning","floor":5.0},{"not_picked":["Storm","Undo"],"picked":"Lockon","floor":6.0},{"not_picked":["Leap","Hyperbeam"],"picked":"Ball Lightning","floor":10.0},{"not_picked":["Loop","Heatsinks"],"picked":"Leap","floor":11.0},{"not_picked":["Hello World","Steam"],"picked":"Cold Snap","floor":12.0},{"not_picked":["Leap","Rip and Tear"],"picked":"Aggregate","floor":13.0},{"not_picked":["Barrage","Streamline"],"picked":"Steam","floor":14.0},{"not_picked":["Rainbow","Machine Learning"],"picked":"Reboot","floor":16.0},{"not_picked":["Beam Cell","Barrage","Rip and Tear+1"],"picked":"SKIP","floor":18},{"not_picked":["Storm","Lockon"],"picked":"Turbo","floor":20},{"not_picked":["Cold Snap","Rebound"],"picked":"Stack","floor":21},{"not_picked":["Cold Snap+1","Leap+1"],"picked":"Chaos+1","floor":25},{"not_picked":["Hologram","Storm","Streamline"],"picked":"SKIP","floor":28}],"player_experience":1025883,"relics_obtained":[{"floor":6.0,"key":"DataDisk"},{"floor":9.0,"key":"Dream Catcher"},{"floor":10.0,"key":"Lantern"},{"floor":12.0,"key":"Oddly Smooth Stone"},{"floor":27,"key":"Blue Candle"}],"event_choices":[{"damage_healed":0.0,"max_hp_gain":0.0,"max_hp_loss":0.0,"gold_gain":0.0,"event_name":"Scrap Ooze","player_choice":"Success","floor":2.0,"gold_loss":0.0,"damage_taken":5.0,"relics_obtained":["War Paint"]},{"damage_healed":0.0,"max_hp_gain":0.0,"max_hp_loss":0.0,"gold_gain":0.0,"event_name":"The Woman in Blue","player_choice":"Bought 2 Potions","floor":3.0,"gold_loss":0.0,"damage_taken":0.0},{"damage_healed":0.0,"max_hp_gain":0.0,"max_hp_loss":0.0,"gold_gain":0.0,"event_name":"Shining Light","player_choice":"Entered Light","floor":7.0,"gold_loss":0.0,"damage_taken":21.0,"cards_upgraded":["Strike_B","Sweeping Beam"]},{"damage_healed":0.0,"max_hp_gain":0.0,"max_hp_loss":7.0,"gold_gain":0.0,"event_name":"Golden Idol","player_choice":"Lose Max HP","floor":8.0,"gold_loss":0.0,"damage_taken":0.0,"relics_obtained":["Golden Idol"]},{"damage_healed":0,"gold_gain":50,"player_choice":"Stole From Cult","damage_taken":0,"max_hp_gain":0,"max_hp_loss":0,"event_name":"Nest","floor":19,"gold_loss":0},{"damage_healed":0,"gold_gain":0,"player_choice":"Fought Bandits","damage_taken":0,"max_hp_gain":0,"max_hp_loss":0,"event_name":"Masked Bandits","floor":29,"gold_loss":0}],"is_beta":false,"boss_relics":[{"not_picked":["Sozu","Snecko Eye"],"picked":"Pandora\u0027s Box"}],"items_purged_floors":[22],"is_endless":false,"potions_floor_spawned":[5,6,18],"killed_by":"Masked Bandits","ascension_level":20}}