{"host":"f97mkdti7dx29mjq","time":1614209855,"event":{"mods":["BaseMod","Colored Powertips","Minty Spire (QoL Compilation)","Quick Restart","Rare Cards Sparkle","StSLib"],"gold_per_floor":[134,178,216,216,277,375,84,144,144,174,174,209,262,437,437,437,437],"floor_reached":16,"language":"ENG","playtime":789,"items_purged":[],"score":116,"play_id":"4fad2f85-a998-4a63-9de6-241989fc195c","local_time":"20210224183735","is_ascension_mode":true,"campfire_choices":[{"data":"1","floor":11,"key":"LIFT"},{"data":"2","floor":15,"key":"LIFT"}],"circlet_count":0,"master_deck":["Strike_R","Strike_R","Strike_R","Strike_R","Strike_R","Defend_R","Defend_R","Defend_R","Defend_R","Bash","HandOfGreed","Armaments","Metallicize","Pommel Strike","Rupture","Thunderclap","Headbutt","Rampage","Doubt"],"relics":["Burning Blood","Golden Idol","Eternal Feather","Girya","Darkstone Periapt","Frozen Egg 2","Nunchaku"],"acts_visited":["Exordium"],"potions_floor_usage":[6,16,16,16],"damage_taken":[{"damage":1,"enemies":"Cultist","floor":1,"turns":3},{"damage":6,"enemies":"Jaw Worm","floor":2,"turns":3},{"damage":3,"enemies":"Small Slimes","floor":3,"turns":7},{"damage":17,"enemies":"3 Sentries","floor":6,"turns":13},{"damage":2,"enemies":"3 Louse","floor":8,"turns":6},{"damage":14,"enemies":"Exordium Wildlife","floor":12,"turns":3},{"damage":20,"enemies":"Gremlin Nob","floor":13,"turns":4},{"damage":49,"enemies":"The Guardian","floor":16,"turns":6}],"seed_played":"2691586532124754033","potions_obtained":[{"floor":1,"key":"Strength Potion"},{"floor":3,"key":"DuplicationPotion"},{"floor":8,"key":"FearPotion"},{"floor":12,"key":"Dexterity Potion"}],"is_trial":false,"path_per_floor":["M","M","M","?","?","E","$","M","T","?","R","M","E","?","R","B"],"character_chosen":"IRONCLAD","items_purchased":["Girya"],"campfire_rested":0,"item_purchase_floors":[7],"current_hp_per_floor":[72,72,72,54,54,43,43,47,47,47,56,48,34,40,49,0,0],"gold":437,"neow_bonus":"RANDOM_COLORLESS_2","is_daily":false,"chose_seed":false,"campfire_upgraded":0,"win_rate":0.0,"timestamp":1614209855,"path_taken":["M","M","M","?","?","E","$","M","T","?","R","M","E","?","R","BOSS"],"items_purchased_type":["Relic"],"build_version":"2020-12-22","purchased_purges":0,"victory":false,"max_hp_per_floor":[72,72,72,72,72,72,72,72,72,72,72,72,72,78,78,78,78],"card_choices":[{"not_picked":["Secret Weapon","Thinking Ahead"],"picked":"HandOfGreed","floor":0},{"not_picked":["Intimidate","Heavy Blade"],"picked":"Armaments","floor":1},{"not_picked":["Havoc","Twin Strike"],"picked":"Metallicize","floor":2},{"not_picked":["Immolate","Uppercut"],"picked":"Pommel Strike","floor":3},{"not_picked":["Shockwave","Clash"],"picked":"Rupture","floor":6},{"not_picked":["Flex","Intimidate"],"picked":"Thunderclap","floor":8},{"not_picked":["Shrug It Off","Pummel"],"picked":"Headbutt","floor":12},{"not_picked":["Anger","True Grit"],"picked":"Rampage","floor":13}],"player_experience":204303,"relics_obtained":[{"floor":6,"key":"Eternal Feather"},{"floor":9,"key":"Darkstone Periapt"},{"floor":13,"key":"Nunchaku"}],"event_choices":[{"damage_healed":0,"gold_gain":0,"player_choice":"Take Damage","damage_taken":18,"relics_obtained":["Golden Idol"],"max_hp_gain":0,"max_hp_loss":0,"event_name":"Golden Idol","floor":4,"gold_loss":0},{"damage_healed":0,"gold_gain":61,"player_choice":"Gained Gold","damage_taken":0,"max_hp_gain":0,"max_hp_loss":0,"event_name":"Golden Wing","floor":5,"gold_loss":0},{"damage_healed":0,"gold_gain":30,"player_choice":"Searched \u00273\u0027 times","damage_taken":0,"relics_obtained":["Frozen Egg 2"],"max_hp_gain":0,"max_hp_loss":0,"event_name":"Dead Adventurer","floor":10,"gold_loss":0},{"damage_healed":0,"gold_gain":175,"player_choice":"AGREE","damage_taken":0,"max_hp_gain":0,"max_hp_loss":0,"event_name":"Liars Game","floor":14,"gold_loss":0,"cards_obtained":["Doubt"]}],"is_beta":false,"boss_relics":[],"items_purged_floors":[],"is_endless":false,"potions_floor_spawned":[1,3,8,12],"killed_by":"The Guardian","ascension_level":1}}