{"host":"dzvdy2cvkhifjmvi","time":1614150537,"event":{"mods":["BaseMod","Downfall","Infinite Spire","Marisa????????","Minty Spire (QoL Compilation)","Replay The Spire","StSLib","The Cursed","The Disciple","The Servant 0.9.4"],"gold_per_floor":[99,111,126,140,151,167,167,197,197,217,231,304,216,241,273,383,395,307,334,366,398,420,417,429,441,453,483,495,523,553,575,487,499,526,538,538,538],"floor_reached":35,"language":"ENG","playtime":3356,"items_purged":[],"score":271,"play_id":"b17a56d7-3d8c-4988-b3a6-107c3e956998","local_time":"20210224000857","is_ascension_mode":false,"campfire_choices":[{"data":"Slimebound:Split","floor":1,"key":"SMITH"},{"floor":13,"key":"RECALL"},{"data":"Slimebound:FirmFortitude","floor":18,"key":"SMITH"},{"data":"Slimebound:SplitLeeching","floor":32,"key":"SMITH"}],"circlet_count":0,"master_deck":["Slimebound:Tackle+1","Slimebound:Defend_Slimebound","Slimebound:Defend_Slimebound","Slimebound:Defend_Slimebound","Slimebound:Split+1","Slimebound:CorrosiveSpit","Slimebound:GoopSpray","Slimebound:Gluttony","Slimebound:SplitAcid","Slimebound:SamplingLick","Slimebound:PressTheAttack+1","Slimebound:SplitLeeching+1","Slimebound:RallyTheTroops+1","Slimebound:LeadByExample","Slimebound:RollThrough","Slimebound:SplitBruiser","Slimebound:Schlurp","Slimebound:FirmFortitude+1","Slimebound:LeadByExample","Slimebound:ProtectTheBoss","Slimebound:RejuvenatingLick+1","Slimebound:SplitLeeching+1","Slimebound:ProtectTheBoss+1"],"relics":["Slimebound:AbsorbEndCombat","Bottled Tornado","Whetstone","MawBank","downfall:HeartBlessingGreen","Replay:Drink Me","downfall:HeartBlessingRed","Bottled Flame","downfall:HeartBlessingBlue"],"acts_visited":["Exordium","TheCity"],"potions_floor_usage":[8,16],"damage_taken":[{"damage":1,"enemies":"Jaw Worm","floor":2,"turns":3},{"damage":0,"enemies":"Small Slimes","floor":3,"turns":3},{"damage":1,"enemies":"2 Louse","floor":4,"turns":3},{"damage":5,"enemies":"downfall:LooterAlt","floor":5,"turns":4},{"damage":13,"enemies":"Exordium Thugs","floor":6,"turns":6},{"damage":44,"enemies":"Gremlin Nob","floor":8,"turns":5},{"damage":0,"enemies":"Large Slime","floor":10,"turns":4},{"damage":0,"enemies":"Blue Slaver","floor":11,"turns":3},{"damage":4,"enemies":"2 Fungi Beasts","floor":14,"turns":3},{"damage":23,"enemies":"Gremlin Gang","floor":15,"turns":5},{"damage":14,"enemies":"WA_ARCHETYPE_RETAIN","floor":16,"turns":6},{"damage":20,"enemies":"downfall:LooterAlt2","floor":19,"turns":5},{"damage":3,"enemies":"3 Byrds","floor":20,"turns":4},{"damage":9,"enemies":"Snecko","floor":21,"turns":6},{"damage":26,"enemies":"Sentry and Sphere","floor":22,"turns":6},{"damage":1,"enemies":"downfall:FleeingMerchant","floor":23,"turns":4},{"damage":6,"enemies":"Shelled Parasite and Fungi","floor":27,"turns":7},{"damage":6,"enemies":"Snecko","floor":29,"turns":5},{"damage":7,"enemies":"Snake Plant","floor":30,"turns":4},{"damage":0,"enemies":"Sentry and Sphere","floor":31,"turns":6},{"damage":30,"enemies":"3 Cultists","floor":34,"turns":7},{"damage":47,"enemies":"IC_MUSHROOM_ARCHETYPE","floor":35,"turns":8}],"seed_played":"-169123337812394114","potions_obtained":[{"floor":6,"key":"Adrenaline Potion"},{"floor":11,"key":"GamblersBrew"},{"floor":14,"key":"SkillPotion"},{"floor":15,"key":"infinitespire:BlackPotion"},{"floor":16,"key":"AttackPotion"},{"floor":19,"key":"AttackPotion"},{"floor":29,"key":"DistilledChaos"},{"floor":30,"key":"Slimebound:SlimedPotion"}],"is_trial":false,"path_per_floor":["R","M","M","M","M","M","T","E","?","M","M","?","R","M","M","B",null,"R","M","M","M","M","$","T","PTL","PTL","M","AVR","M","M","M","R","?","M","B"],"character_chosen":"SLIMEBOUND","items_purchased":[],"campfire_rested":0,"item_purchase_floors":[],"current_hp_per_floor":[71,71,71,71,68,59,59,23,23,27,31,31,31,29,14,4,54,54,38,39,36,18,21,21,21,21,23,23,19,14,20,30,51,29,0,0,0],"gold":538,"neow_bonus":"TEN_PERCENT_HP_BONUS","is_daily":false,"chose_seed":false,"campfire_upgraded":3,"win_rate":0.0,"timestamp":1614150537,"path_taken":["R","M","M","M","M","M","T","E","?","M","M","?","R","M","M","BOSS","R","M","M","M","M","$","T","PTL","PTL","M","AVR","M","M","M","R","?","M","BOSS"],"items_purchased_type":[],"build_version":"2020-12-22","purchased_purges":0,"victory":false,"max_hp_per_floor":[71,71,71,71,71,71,71,71,71,71,71,71,71,71,71,71,54,54,54,54,54,54,54,54,54,54,54,54,54,54,54,64,64,64,64,64,64],"card_choices":[{"not_picked":["Slimebound:LeadByExample","Slimebound:Dissolve"],"picked":"Slimebound:GoopSpray","floor":2},{"not_picked":["Slimebound:Equalize","Slimebound:ItLooksTasty"],"picked":"Slimebound:Gluttony","floor":3},{"not_picked":["Slimebound:FlameTackle","Slimebound:ItLooksTasty"],"picked":"Slimebound:SplitAcid","floor":4},{"not_picked":["Slimebound:Prepare","Slimebound:LivingWall"],"picked":"Slimebound:SamplingLick","floor":5},{"not_picked":["Slimebound:FlameTackle","Slimebound:LeechEnergy"],"picked":"Slimebound:PressTheAttack","floor":6},{"not_picked":["Slimebound:Gluttony","Slimebound:MassRepurpose"],"picked":"Slimebound:SplitLeeching","floor":8},{"not_picked":["Slimebound:GrowthPunch","Slimebound:Gluttony","Slimebound:TongueLash"],"picked":"SKIP","floor":10},{"not_picked":["Slimebound:HauntingLick","Slimebound:ItLooksTasty"],"picked":"Slimebound:LeadByExample","floor":11},{"not_picked":["Slimebound:GoopSpray","Slimebound:SplitMire"],"picked":"Slimebound:RollThrough","floor":12},{"not_picked":["Slimebound:SplitAcid","Slimebound:Prepare"],"picked":"Slimebound:SplitBruiser","floor":12},{"not_picked":["Slimebound:RejuvenatingLick","Slimebound:Equalize","Slimebound:LivingWall"],"picked":"SKIP","floor":14},{"not_picked":["Slimebound:Grow","Slimebound:FinishingTackle"],"picked":"Slimebound:Schlurp","floor":15},{"not_picked":["Slimebound:OozeBath","Slimebound:MassFeed"],"picked":"Slimebound:FirmFortitude","floor":16},{"not_picked":["Slimebound:LivingWall+1","Slimebound:PressTheAttack","Slimebound:LeechingTouch"],"picked":"SKIP","floor":19},{"not_picked":["Slimebound:ComboTackle","Slimebound:FinishingTackle","Slimebound:ItLooksTasty"],"picked":"SKIP","floor":20},{"not_picked":["Slimebound:ItLooksTasty","Slimebound:SplitAcid","Slimebound:ComboTackle+1"],"picked":"SKIP","floor":21},{"not_picked":["Slimebound:RainOfGoop+1","Slimebound:AcidTongue+1"],"picked":"Slimebound:LeadByExample","floor":22},{"not_picked":["Slimebound:ItLooksTasty+1","Slimebound:PressTheAttack"],"picked":"Slimebound:ProtectTheBoss","floor":23},{"not_picked":["Slimebound:ItLooksTasty","Slimebound:PrepareCrush"],"picked":"Slimebound:RejuvenatingLick+1","floor":27},{"not_picked":["Slimebound:Prepare+1","Slimebound:GoopTackle+1"],"picked":"Slimebound:SplitLeeching+1","floor":29},{"not_picked":["Slimebound:SplitBruiser","Slimebound:SplitLeeching","Slimebound:HauntingLick"],"picked":"SKIP","floor":30},{"not_picked":["Slimebound:RejuvenatingLick","Slimebound:SplitLeeching"],"picked":"Slimebound:ProtectTheBoss+1","floor":31},{"not_picked":["Slimebound:ItLooksTasty","Slimebound:GoopTackle+1","Slimebound:SlimeBrawl"],"picked":"SKIP","floor":34}],"player_experience":1415458,"relics_obtained":[{"floor":7,"key":"Bottled Tornado"},{"floor":8,"key":"Whetstone"},{"floor":12,"key":"MawBank"}],"event_choices":[{"damage_healed":21,"gold_gain":0,"player_choice":"Heal","damage_taken":0,"max_hp_gain":0,"max_hp_loss":0,"event_name":"The Library","floor":33,"gold_loss":0}],"is_beta":false,"boss_relics":[{"not_picked":["Fusion Hammer","Busted Crown"],"picked":"Replay:Drink Me"}],"items_purged_floors":[],"is_endless":false,"potions_floor_spawned":[6,11,14,15,16,19,21,27,29,30],"killed_by":"IC_MUSHROOM_ARCHETYPE","ascension_level":0}}