{"host":"by8i6f8xc0ywpsd5","time":1614180338,"event":{"mods":["BaseMod","Colored Map","Minty Spire (QoL Compilation)","Relic Stats"],"gold_per_floor":[111,125,0,16,26,26,51,51,75,75,91,91,101,101,101,191,191,209,99,115,115,130,130,145,160,160,160,160,285,298,338,338,429,429,443,443,17,38,371,398,427,108,134,161,178,202,202,221,221,221,221,221,221,7,34,34],"floor_reached":57,"language":"ENG","playtime":3974,"items_purged":["Strike_R","Strike_R","Strike_R"],"score":2949,"play_id":"f8dd9be8-be03-4f46-bfbf-c5a0a44f9254","local_time":"20210224172538","is_ascension_mode":true,"campfire_choices":[{"data":"Bash","floor":6.0,"key":"SMITH"},{"data":"Twin Strike","floor":8.0,"key":"SMITH"},{"data":"Barricade","floor":15.0,"key":"SMITH"},{"data":"Feed","floor":23.0,"key":"SMITH"},{"data":"Metallicize","floor":27,"key":"SMITH"},{"data":"Battle Trance","floor":32,"key":"SMITH"},{"floor":47,"key":"RECALL"},{"data":"Impervious","floor":49,"key":"SMITH"},{"data":"Impervious","floor":53,"key":"SMITH"}],"circlet_count":0,"master_deck":["AscendersBane","Strike_R","Defend_R+1","Defend_R","Defend_R+1","Defend_R","Bash+1","Flame Barrier","Twin Strike+1","Twin Strike","True Grit","Barricade+1","Pommel Strike","Body Slam","Feed+1","Second Wind+1","Shrug It Off","Ghostly","Ghostly","Ghostly","Metallicize+1","Battle Trance+1","Body Slam","Metallicize","Shrug It Off","CurseOfTheBell","Impervious+1","Impervious+1","Exhume","Armaments+1","Shockwave","Entrench"],"relics":["Burning Blood","Bronze Scales","Vajra","Velvet Choker","Gremlin Horn","Du-Vu Doll","Mercury Hourglass","Ancient Tea Set","Calling Bell","PreservedInsect","Letter Opener","Bird Faced Urn","WingedGreaves","Toolbox","Molten Egg 2","Happy Flower","DollysMirror","Pear","Red Skull","Incense Burner"],"acts_visited":["Exordium","TheCity","TheBeyond","TheEnding"],"potions_floor_usage":[31,44,50,56],"damage_taken":[{"damage":2.0,"enemies":"Cultist","floor":1.0,"turns":4.0},{"damage":0.0,"enemies":"Small Slimes","floor":2.0,"turns":4.0},{"damage":10.0,"enemies":"2 Louse","floor":4.0,"turns":3.0},{"damage":1.0,"enemies":"Looter","floor":5.0,"turns":4.0},{"damage":60.0,"enemies":"3 Sentries","floor":7.0,"turns":13.0},{"damage":3.0,"enemies":"Blue Slaver","floor":11.0,"turns":3.0},{"damage":6.0,"enemies":"Red Slaver","floor":13.0,"turns":3.0},{"damage":23.0,"enemies":"Hexaghost","floor":16.0,"turns":14.0},{"damage":12.0,"enemies":"Shell Parasite","floor":18.0,"turns":5.0},{"damage":13.0,"enemies":"3 Byrds","floor":20.0,"turns":3.0},{"damage":1.0,"enemies":"Centurion and Healer","floor":22.0,"turns":10.0},{"damage":7,"enemies":"Cultist and Chosen","floor":24,"turns":9},{"damage":4,"enemies":"Chosen and Byrds","floor":25,"turns":8},{"damage":1,"enemies":"Colosseum Slavers","floor":29,"turns":6},{"damage":11,"enemies":"Colosseum Nobs","floor":29,"turns":7},{"damage":3,"enemies":"Centurion and Healer","floor":30,"turns":10},{"damage":12,"enemies":"Book of Stabbing","floor":31,"turns":6},{"damage":22,"enemies":"Collector","floor":33,"turns":11},{"damage":0,"enemies":"3 Shapes","floor":35,"turns":6},{"damage":2,"enemies":"Orb Walker","floor":38,"turns":6},{"damage":20,"enemies":"Nemesis","floor":40,"turns":9},{"damage":0,"enemies":"Giant Head","floor":41,"turns":6},{"damage":0,"enemies":"Reptomancer","floor":44,"turns":6},{"damage":0,"enemies":"Sphere and 2 Shapes","floor":45,"turns":3},{"damage":0,"enemies":"Maw","floor":48,"turns":10},{"damage":0,"enemies":"Donu and Deca","floor":50,"turns":16},{"damage":7,"enemies":"Awakened One","floor":51,"turns":13},{"damage":16,"enemies":"Shield and Spear","floor":55,"turns":11},{"damage":93,"enemies":"The Heart","floor":56,"turns":14}],"seed_played":"7625314645077315876","potions_obtained":[{"floor":2.0,"key":"BloodPotion"},{"floor":11.0,"key":"SkillPotion"},{"floor":13.0,"key":"Fire Potion"},{"floor":16.0,"key":"Swift Potion"},{"floor":29,"key":"Strength Potion"},{"floor":30,"key":"GamblersBrew"},{"floor":31,"key":"FearPotion"},{"floor":40,"key":"SneckoOil"},{"floor":44,"key":"ElixirPotion"},{"floor":48,"key":"SkillPotion"},{"floor":55,"key":"LiquidBronze"}],"is_trial":false,"path_per_floor":["M","M","$","M","M","R","E","R","T","?","M","?","M","?","R","B",null,"M","?","M","?","M","R","M","M","T","R","?","?","M","E","R","B",null,"M","?","$","M","?","E","E","$","T","E","M","T","R","M","R","B","B",null,"R","$","E","B",null],"character_chosen":"IRONCLAD","items_purchased":["Twin Strike","Impervious","Toolbox","DollysMirror","Exhume","Entrench"],"campfire_rested":0,"item_purchase_floors":[3,37,37,42,42,54],"current_hp_per_floor":[79,82,82,78,82,82,28,28,28,33,36,10,27,27,27,10,62,56,56,49,39,42,42,45,50,50,50,50,49,56,50,50,38,56,66,66,66,70,70,56,70,70,70,84,88,88,88,92,92,96,100,100,100,100,94,13],"gold":34,"neow_bonus":"TEN_PERCENT_HP_BONUS","is_daily":false,"chose_seed":false,"campfire_upgraded":8,"win_rate":0.0,"timestamp":1614180338,"path_taken":["M","?","?","M","M","R","E","R","T","?","M","?","M","?","R","BOSS","M","?","?","?","M","R","M","M","T","R","?","?","M","E","R","BOSS","M","?","?","M","?","E","E","$","T","E","?","?","R","M","R","BOSS","BOSS","R","$","E","BOSS"],"items_purchased_type":["Card","Card","Relic","Relic","Card","Card"],"build_version":"2020-12-22","purchased_purges":3,"victory":true,"max_hp_per_floor":[82,82,82,82,82,82,82,82,82,87,87,87,87,79,79,79,79,79,79,79,39,42,42,46,50,50,50,50,54,58,58,58,62,62,66,66,66,70,70,70,74,74,74,84,88,88,88,92,92,96,100,100,100,100,100,100],"relic_stats":{"Gremlin Horn":[17,20],"Happy Flower":[24],"counters":[29,223],"Bronze Scales":[832],"Bird Faced Urn":[30],"PreservedInsect":318,"Letter Opener":[252],"obtain_stats":[{"Pear":44,"Gremlin Horn":26,"Happy Flower":41,"Golden Idol":14,"Vajra":9,"Velvet Choker":17,"PreservedInsect":34,"Incense Burner":55,"Letter Opener":34,"Ancient Tea Set":31,"Burning Blood":0,"Mercury Hourglass":29,"Du-Vu Doll":29,"Calling Bell":34,"DollysMirror":42,"Bronze Scales":7,"Bird Faced Urn":34,"Toolbox":37,"Molten Egg 2":40,"WingedGreaves":36,"Red Skull":46},{"Pear":23,"Gremlin Horn":13,"Happy Flower":22,"Golden Idol":7,"Vajra":5,"Velvet Choker":8,"PreservedInsect":18,"Incense Burner":28,"Letter Opener":18,"Ancient Tea Set":17,"Burning Blood":0,"Mercury Hourglass":15,"Du-Vu Doll":15,"Calling Bell":18,"DollysMirror":22,"Bronze Scales":5,"Bird Faced Urn":18,"Toolbox":19,"Molten Egg 2":21,"WingedGreaves":19,"Red Skull":24},{"Pear":156,"Gremlin Horn":83,"Happy Flower":150,"Golden Idol":34,"Vajra":28,"Velvet Choker":48,"PreservedInsect":123,"Incense Burner":209,"Letter Opener":123,"Ancient Tea Set":112,"Burning Blood":0,"Mercury Hourglass":96,"Du-Vu Doll":96,"Calling Bell":123,"DollysMirror":150,"Bronze Scales":28,"Bird Faced Urn":123,"Toolbox":129,"Molten Egg 2":144,"WingedGreaves":129,"Red Skull":159}],"Burning Blood":120,"Mercury Hourglass":[433]},"card_choices":[{"not_picked":["Warcry","Headbutt"],"picked":"Flame Barrier","floor":1.0},{"not_picked":["Flame Barrier","Pommel Strike"],"picked":"Twin Strike","floor":2.0},{"not_picked":["Bloodletting","Havoc"],"picked":"True Grit","floor":4.0},{"not_picked":["Flex","Sword Boomerang"],"picked":"Barricade","floor":5.0},{"not_picked":["Juggernaut","Whirlwind"],"picked":"Pommel Strike","floor":7.0},{"not_picked":["Flex","Blood for Blood"],"picked":"Body Slam","floor":11.0},{"not_picked":["Clash","Body Slam","Pommel Strike"],"picked":"SKIP","floor":13.0},{"not_picked":["Barricade","Berserk"],"picked":"Feed","floor":16.0},{"not_picked":["Sword Boomerang","Thunderclap"],"picked":"Second Wind","floor":18.0},{"not_picked":["Thunderclap+1","Headbutt"],"picked":"Shrug It Off","floor":20.0},{"not_picked":["Sword Boomerang","Dark Embrace","Headbutt"],"picked":"SKIP","floor":22.0},{"not_picked":["Sword Boomerang","Dark Embrace","Headbutt"],"picked":"SKIP","floor":22.0},{"not_picked":["Second Wind","Thunderclap","Flex"],"picked":"SKIP","floor":24},{"not_picked":["Perfected Strike+1","Twin Strike"],"picked":"Metallicize","floor":25},{"not_picked":["Reaper","Clash"],"picked":"Body Slam","floor":29},{"not_picked":["Warcry","Uppercut"],"picked":"Metallicize","floor":30},{"not_picked":["Uppercut","Fiend Fire"],"picked":"Shrug It Off","floor":31},{"not_picked":["Thunderclap+1","Twin Strike","Body Slam"],"picked":"SKIP","floor":35},{"not_picked":["Blood for Blood","Flex","Thunderclap+1"],"picked":"SKIP","floor":38},{"not_picked":["Dropkick+1","Wild Strike+1","Infernal Blade"],"picked":"SKIP","floor":40},{"not_picked":["Heavy Blade+1","Blood for Blood+1","True Grit"],"picked":"SKIP","floor":41},{"not_picked":["Reaper+1","Anger+1","Perfected Strike+1"],"picked":"SKIP","floor":44},{"not_picked":["Reaper+1","Anger+1","Perfected Strike+1"],"picked":"SKIP","floor":44},{"not_picked":["Shrug It Off","Clash+1"],"picked":"Armaments+1","floor":45},{"not_picked":["Limit Break","Clash+1"],"picked":"Shockwave","floor":48},{"not_picked":["Havoc+1","Sever Soul+1","Wild Strike+1"],"picked":"SKIP","floor":55}],"player_experience":1785217,"relics_obtained":[{"floor":7.0,"key":"Bronze Scales"},{"floor":9.0,"key":"Vajra"},{"floor":26,"key":"Gremlin Horn"},{"floor":29,"key":"Du-Vu Doll"},{"floor":29,"key":"Mercury Hourglass"},{"floor":31,"key":"Ancient Tea Set"},{"floor":34,"key":"PreservedInsect"},{"floor":34,"key":"Letter Opener"},{"floor":34,"key":"Bird Faced Urn"},{"floor":40,"key":"Molten Egg 2"},{"floor":41,"key":"Happy Flower"},{"floor":44,"key":"Pear"},{"floor":46,"key":"Red Skull"},{"floor":55,"key":"Incense Burner"}],"event_choices":[{"damage_healed":0.0,"max_hp_gain":5.0,"max_hp_loss":0.0,"gold_gain":0.0,"event_name":"Big Fish","player_choice":"Donut","floor":10.0,"gold_loss":0.0,"damage_taken":0.0},{"damage_healed":0.0,"max_hp_gain":0.0,"max_hp_loss":0.0,"gold_gain":0.0,"event_name":"Shining Light","player_choice":"Entered Light","floor":12.0,"gold_loss":0.0,"damage_taken":26.0,"cards_upgraded":["Defend_R","Defend_R"]},{"damage_healed":0.0,"max_hp_gain":0.0,"max_hp_loss":8.0,"gold_gain":0.0,"event_name":"Golden Idol","player_choice":"Lose Max HP","floor":14.0,"gold_loss":0.0,"damage_taken":0.0,"relics_obtained":["Golden Idol"]},{"cards_removed":["Strike_R"],"damage_healed":0.0,"max_hp_gain":0.0,"max_hp_loss":0.0,"gold_gain":0.0,"event_name":"Designer","player_choice":"Upgrade and Remove","floor":19.0,"gold_loss":110.0,"damage_taken":0.0,"cards_upgraded":["Second Wind"]},{"damage_healed":0.0,"max_hp_gain":0.0,"max_hp_loss":40.0,"gold_gain":0.0,"event_name":"Ghosts","player_choice":"Became a Ghost","floor":21.0,"gold_loss":0.0,"damage_taken":0.0,"cards_obtained":["Ghostly","Ghostly","Ghostly"]},{"damage_healed":0,"gold_gain":0,"player_choice":"Read","damage_taken":0,"max_hp_gain":0,"max_hp_loss":0,"event_name":"The Library","floor":28,"gold_loss":0,"cards_obtained":["Battle Trance"]},{"damage_healed":0,"gold_gain":0,"player_choice":"Fight","damage_taken":0,"max_hp_gain":0,"max_hp_loss":0,"event_name":"Colosseum","floor":29,"gold_loss":0},{"damage_healed":0,"gold_gain":0,"player_choice":"Fought Nobs","damage_taken":0,"max_hp_gain":0,"max_hp_loss":0,"event_name":"Colosseum","floor":29,"gold_loss":0},{"damage_healed":0,"gold_gain":0,"player_choice":"Gave Potion","damage_taken":0,"relics_obtained":["WingedGreaves"],"max_hp_gain":0,"max_hp_loss":0,"event_name":"WeMeetAgain","floor":36,"gold_loss":0},{"damage_healed":0,"gold_gain":333,"player_choice":"Gave Idol","damage_taken":0,"max_hp_gain":0,"max_hp_loss":0,"event_name":"The Moai Head","floor":39,"relics_lost":["Golden Idol"],"gold_loss":0}],"is_beta":false,"boss_relics":[{"not_picked":["Astrolabe","SlaversCollar"],"picked":"Velvet Choker"},{"not_picked":["Philosopher\u0027s Stone","Coffee Dripper"],"picked":"Calling Bell"}],"items_purged_floors":[3,37,54],"is_endless":false,"potions_floor_spawned":[2,11,13,16,29,29,30,31,33,40,44,48,55],"ascension_level":20}}