{"host":"p1xsuo25udtrkbq2","time":1614151958,"event":{"mods":["BaseMod","Colored Map","Googly Eyes","Highlight Path","Minty Spire (QoL Compilation)","Quick Restart","Rare Cards Sparkle","Slay the Relics Exporter","StSLib","everything is the same but u backflip on backflip"],"gold_per_floor":[110,130,205,225,238,238,10,10,10,22,22,50,69,104,104,175,175,160,160],"floor_reached":18,"language":"ENG","playtime":1010,"items_purged":[],"score":301,"play_id":"df57d664-270b-49f9-9dc9-faa7d4b233e8","local_time":"20210224023238","is_ascension_mode":true,"campfire_choices":[{"floor":6.0,"key":"REST"},{"data":"Fiend Fire","floor":8.0,"key":"SMITH"},{"floor":15.0,"key":"REST"}],"circlet_count":0,"master_deck":["AscendersBane","Strike_R","Strike_R","Strike_R","Strike_R","Strike_R","Defend_R","Defend_R","Defend_R","Defend_R","Bash","Demon Form","Wild Strike","Heavy Blade","Seeing Red","Metallicize","Fiend Fire+1","Feel No Pain","Bloodletting","Parasite","Anger","Offering","Spot Weakness","Twin Strike","Reaper"],"relics":["Burning Blood","Kunai","Prayer Wheel","Bottled Flame","Snecko Eye"],"acts_visited":["Exordium","TheCity"],"potions_floor_usage":[16],"damage_taken":[{"damage":8.0,"enemies":"Jaw Worm","floor":1.0,"turns":4.0},{"damage":1.0,"enemies":"2 Louse","floor":2.0,"turns":3.0},{"damage":10.0,"enemies":"Small Slimes","floor":4.0,"turns":4.0},{"damage":25.0,"enemies":"3 Louse","floor":5.0,"turns":4.0},{"damage":31.0,"enemies":"Exordium Thugs","floor":10.0,"turns":6.0},{"damage":27.0,"enemies":"Lagavulin","floor":12.0,"turns":7.0},{"damage":10.0,"enemies":"Large Slime","floor":13.0,"turns":6.0},{"damage":31.0,"enemies":"3 Sentries","floor":14.0,"turns":5.0},{"damage":21,"enemies":"Hexaghost","floor":16,"turns":7},{"damage":11,"enemies":"2 Thieves","floor":18,"turns":2}],"seed_played":"4138057059719186502","potions_obtained":[{"floor":4.0,"key":"BloodPotion"},{"floor":10.0,"key":"EssenceOfSteel"},{"floor":12.0,"key":"SkillPotion"}],"is_trial":false,"path_per_floor":["M","M","?","M","M","R","$","R","T","M","?","E","M","E","R","B",null,"M"],"character_chosen":"IRONCLAD","items_purchased":["Fiend Fire","Feel No Pain"],"campfire_rested":2,"item_purchase_floors":[7,7],"current_hp_per_floor":[66,71,60,56,37,59,59,59,59,34,52,46,42,17,39,24,62,51,51],"gold":160,"neow_bonus":"ONE_RANDOM_RARE_CARD","is_daily":false,"chose_seed":false,"campfire_upgraded":1,"win_rate":0.0,"timestamp":1614151958,"path_taken":["M","M","?","M","M","R","$","R","T","M","?","E","M","E","R","BOSS","M"],"items_purchased_type":["Card","Card"],"build_version":"2020-12-22","purchased_purges":0,"victory":false,"max_hp_per_floor":[75,75,75,75,75,75,75,75,75,75,75,75,75,75,75,75,75,75,75],"card_choices":[{"not_picked":["Warcry","Carnage"],"picked":"Wild Strike","floor":1.0},{"not_picked":["Twin Strike","Inflame"],"picked":"Heavy Blade","floor":2.0},{"not_picked":["Warcry","Pommel Strike"],"picked":"Seeing Red","floor":4.0},{"not_picked":["Sever Soul","Wild Strike"],"picked":"Metallicize","floor":5.0},{"not_picked":["Cleave","Heavy Blade"],"picked":"Bloodletting","floor":10.0},{"not_picked":["Rage","Havoc"],"picked":"Anger","floor":12.0},{"not_picked":["Warcry","Twin Strike"],"picked":"Offering","floor":13.0},{"not_picked":["Clothesline","Anger"],"picked":"Spot Weakness","floor":13.0},{"not_picked":["Body Slam","Entrench"],"picked":"Twin Strike","floor":14.0},{"not_picked":["Berserk","Immolate"],"picked":"Reaper","floor":16}],"player_experience":1149718,"relics_obtained":[{"floor":9.0,"key":"Kunai"},{"floor":12.0,"key":"Prayer Wheel"},{"floor":14.0,"key":"Bottled Flame"}],"event_choices":[{"damage_healed":0.0,"max_hp_gain":0.0,"max_hp_loss":0.0,"gold_gain":75.0,"event_name":"World of Goop","player_choice":"Gather Gold","floor":3.0,"gold_loss":0.0,"damage_taken":11.0},{"damage_healed":18.0,"max_hp_gain":0.0,"max_hp_loss":0.0,"gold_gain":0.0,"event_name":"Mushrooms","player_choice":"Healed and dodged fight","floor":11.0,"gold_loss":0.0,"damage_taken":0.0,"cards_obtained":["Parasite"]}],"is_beta":false,"boss_relics":[{"not_picked":["Philosopher\u0027s Stone","Sozu"],"picked":"Snecko Eye"}],"items_purged_floors":[],"is_endless":false,"potions_floor_spawned":[4,10,12,13],"killed_by":"2 Thieves","ascension_level":15}}