{"host":"d02vqrhhew441p6s","time":1614205200,"event":{"mods":["BaseMod","Duelist Mod","Hubris","Infinite Spire","Minty Spire (QoL Compilation)","StSLib"],"gold_per_floor":[135,135,147,160,11,37,54,84,84,99,117,137,151,178,178,273,273,289,21,37,56,73,73,106,106,106,106,134,49,77,92,92,187,187,203,219,219,234,248,248,248],"floor_reached":40,"language":"ENG","playtime":2369,"items_purged":[],"score":1108,"play_id":"5c2f322f-942a-4124-97a4-99450a3be171","local_time":"20210224232000","is_ascension_mode":true,"campfire_choices":[{"data":"theDuelist:IcyCrevasse","floor":15,"key":"SMITH"},{"data":"theDuelist:RainbowKuriboh","floor":23,"key":"SMITH"},{"data":"theDuelist:IrisEarthMother","floor":25,"key":"SMITH"},{"data":"theDuelist:VoidExpansion","floor":32,"key":"SMITH"}],"circlet_count":0,"master_deck":["AscendersBane","theDuelist:CastleWalls","theDuelist:CastleWalls","theDuelist:DarkMagician","theDuelist:MysticalElf","theDuelist:MysticalElf","theDuelist:NeoMagic","theDuelist:NeoMagic","theDuelist:ExodiaHead","theDuelist:Sparks+1","theDuelist:ExodiaRL","theDuelist:Nameless:Magic:PotDuality+1","theDuelist:MagicSparks+1","theDuelist:IrisEarthMother+1","Finesse","theDuelist:IcyCrevasse+1","theDuelist:ExodiaLL","theDuelist:Sparks+1","theDuelist:FrontierWiseman","theDuelist:BlueBloodedOni","theDuelist:ThousandEyesRestrict","theDuelist:RainbowKuriboh+1","theDuelist:Wildfire+4","theDuelist:InjectionFairy+1","theDuelist:InvitationDarkSleep","theDuelist:TheCreator","theDuelist:DarkMagicianGirl","theDuelist:BlizzardWarrior+1","theDuelist:GrandSpellbookTower+1","theDuelist:PowerKaishin+1","Apotheosis+1","theDuelist:Sangan","theDuelist:VoidExpansion+1","Master of Strategy","theDuelist:LightningRodLord","theDuelist:RainbowKuriboh+1","theDuelist:ExodiaLA","theDuelist:RainbowOverdragon+1","theDuelist:LordD","theDuelist:ExodiaRA"],"relics":["theDuelist:MillenniumPuzzle","theDuelist:CardPoolRelic","theDuelist:CardPoolBasicRelic","theDuelist:BoosterPackPoolRelic","theDuelist:CardPoolAddRelic","theDuelist:CardPoolMinusRelic","theDuelist:CardPoolSaveRelic","theDuelist:CardPoolOptionsRelic","theDuelist:SpellcasterOrb","hubris:PeanutButter","theDuelist:ZoneToken","Paper Frog","Omamori","hubris:BlackHole","theDuelist:MillenniumRing","Sundial","hubris:BottledHeart","Potion Belt","Toy Ornithopter","theDuelist:StoneExxod","Coffee Dripper"],"acts_visited":["Exordium","TheCity","TheBeyond"],"potions_floor_usage":[6,10,16,40,40],"damage_taken":[{"damage":4,"enemies":"Small Slimes","floor":1,"turns":5},{"damage":2,"enemies":"Cultist","floor":3,"turns":6},{"damage":0,"enemies":"Jaw Worm","floor":4,"turns":4},{"damage":0,"enemies":"Gremlin Nob","floor":6,"turns":3},{"damage":0,"enemies":"Blue Slaver","floor":7,"turns":3},{"damage":10,"enemies":"3 Sentries","floor":8,"turns":6},{"damage":0,"enemies":"Looter","floor":10,"turns":4},{"damage":0,"enemies":"Large Slime","floor":11,"turns":4},{"damage":0,"enemies":"3 Louse","floor":12,"turns":1},{"damage":0,"enemies":"Looter","floor":13,"turns":3},{"damage":0,"enemies":"Lagavulin","floor":14,"turns":5},{"damage":0,"enemies":"The Guardian","floor":16,"turns":9},{"damage":9,"enemies":"3 Byrds","floor":18,"turns":3},{"damage":0,"enemies":"Spheric Guardian","floor":20,"turns":2},{"damage":0,"enemies":"Shelled Parasite and Fungi","floor":21,"turns":2},{"damage":0,"enemies":"Snecko","floor":22,"turns":2},{"damage":0,"enemies":"Gremlin Leader","floor":24,"turns":5},{"damage":0,"enemies":"Slavers","floor":28,"turns":1},{"damage":0,"enemies":"Book of Stabbing","floor":30,"turns":4},{"damage":0,"enemies":"Cultist and Chosen","floor":31,"turns":2},{"damage":0,"enemies":"Champ","floor":33,"turns":5},{"damage":0,"enemies":"Orb Walker","floor":35,"turns":3},{"damage":0,"enemies":"3 Shapes","floor":36,"turns":3},{"damage":0,"enemies":"Spire Growth","floor":38,"turns":3},{"damage":0,"enemies":"3 Darklings","floor":39,"turns":1},{"damage":9,"enemies":"Reptomancer","floor":40,"turns":6}],"seed_played":"-518581564012355491","potions_obtained":[{"floor":3,"key":"DistilledChaos"},{"floor":6,"key":"theDuelist:FireBottle"},{"floor":11,"key":"theDuelist:SummonFuryPotion"},{"floor":12,"key":"PowerPotion"},{"floor":20,"key":"theDuelist:StunPotion"},{"floor":28,"key":"SpeedPotion"},{"floor":30,"key":"theDuelist:TokenPotionB"},{"floor":35,"key":"Block Potion"},{"floor":39,"key":"Dexterity Potion"}],"is_trial":false,"path_per_floor":["M","?","M","M","$","E","M","E","T","M","M","M","M","E","R","B",null,"M","$","M","M","M","R","E","R","T","?","E","?","E","M","R","B",null,"M","M","?","M","M","E"],"character_chosen":"THE_DUELIST","items_purchased":["theDuelist:SpellcasterOrb","theDuelist:InvitationDarkSleep","theDuelist:TheCreator","theDuelist:DarkMagicianGirl"],"campfire_rested":0,"item_purchase_floors":[5,19,19,19],"current_hp_per_floor":[68,68,66,66,66,66,66,56,56,56,56,56,56,56,56,56,74,65,65,70,75,75,75,80,80,80,1,1,1,1,1,1,1,1,1,1,1,1,1,0,0],"gold":248,"neow_bonus":"ONE_RANDOM_RARE_CARD","is_daily":false,"chose_seed":false,"campfire_upgraded":4,"win_rate":0.0,"timestamp":1614205200,"path_taken":["M","?","M","M","$","E","M","E","T","M","M","M","M","E","R","BOSS","M","?","M","M","M","R","E","R","T","?","E","?","E","M","R","BOSS","M","M","?","M","M","E"],"items_purchased_type":["Relic","Card","Card","Card"],"build_version":"2020-12-22","purchased_purges":0,"victory":false,"max_hp_per_floor":[80,80,80,80,80,80,80,80,80,80,80,80,80,80,80,80,80,80,80,80,80,80,80,80,80,80,1,1,1,1,1,1,1,1,1,1,1,1,1,1,1],"card_choices":[{"not_picked":["theDuelist:DarkMagician","theDuelist:FairyBox","theDuelist:CallAtlanteans","theDuelist:SangaThunder"],"picked":"theDuelist:ExodiaRL","floor":1},{"not_picked":["theDuelist:InfernoFireBlast","theDuelist:MagicalBlast","theDuelist:CircleFireKings","theDuelist:GiantTrunade"],"picked":"theDuelist:Wildfire","floor":3},{"not_picked":["theDuelist:RainbowDarkDragon","theDuelist:RainbowMagician","theDuelist:QueenDragunDjinn","theDuelist:YellowBelliedOni"],"picked":"theDuelist:IrisEarthMother","floor":4},{"not_picked":["Mayhem","Mind Blast","Sadistic Nature"],"picked":"Finesse","floor":6},{"not_picked":["theDuelist:BlizzardWarrior","theDuelist:DarkMagicianGirl","theDuelist:WhiteMagicalHat","theDuelist:InjectionFairy"],"picked":"theDuelist:IcyCrevasse","floor":7},{"not_picked":["theDuelist:CosmicHorrorGangiel","theDuelist:MythicalBeast","theDuelist:Relinquished","theDuelist:CharcoalInpachi"],"picked":"theDuelist:ExodiaLL","floor":8},{"not_picked":["theDuelist:SpellShatteringArrow","theDuelist:BlizzardWarrior","theDuelist:SangaThunder","theDuelist:NeoMagic","theDuelist:FogKing"],"picked":"SKIP","floor":10},{"not_picked":["theDuelist:RainbowMagician","theDuelist:ThousandEyesRestrict"],"picked":"theDuelist:GrandSpellbookTower","floor":11},{"not_picked":["theDuelist:SangaThunder","theDuelist:NeoMagic","theDuelist:Mudballman","theDuelist:MysticalElf"],"picked":"theDuelist:FrontierWiseman","floor":12},{"not_picked":["theDuelist:CrystalWingDragon","theDuelist:GreyGreedOni","theDuelist:PurplePainOni","theDuelist:RedHeadedOni"],"picked":"theDuelist:BlueBloodedOni","floor":13},{"not_picked":["theDuelist:LegendaryFlameLord","theDuelist:GateGuardian","theDuelist:IrisEarthMother","theDuelist:Relinquished"],"picked":"theDuelist:ThousandEyesRestrict","floor":14},{"not_picked":["theDuelist:RainbowDarkDragon","theDuelist:IrisEarthMother","theDuelist:RainbowMagician","theDuelist:RainbowOverdragon"],"picked":"theDuelist:RainbowKuriboh","floor":16},{"not_picked":["theDuelist:BlizzardWarrior","theDuelist:MysticalElf","theDuelist:AncientElf","theDuelist:GuardianAngel"],"picked":"theDuelist:InjectionFairy+1","floor":18},{"not_picked":["theDuelist:SpellShatteringArrow","theDuelist:NeoMagic+1","theDuelist:InjectionFairy","theDuelist:CosmicHorrorGangiel+1"],"picked":"theDuelist:BlizzardWarrior+1","floor":20},{"not_picked":["theDuelist:BlizzardWarrior","theDuelist:InjectionFairy","theDuelist:SpellShatteringArrow","theDuelist:FlyingSaucer"],"picked":"theDuelist:PowerKaishin+1","floor":21},{"not_picked":["Dark Shackles","Discovery","HandOfGreed"],"picked":"Apotheosis+1","floor":22},{"not_picked":["theDuelist:Fissure","theDuelist:GaiaMidNightSun","theDuelist:Mudora","theDuelist:BattleOx+1"],"picked":"theDuelist:Sangan","floor":24},{"not_picked":["theDuelist:MagiciansRod","theDuelist:InariFire","theDuelist:StatueAnguishPattern+1"],"picked":"theDuelist:VoidExpansion","floor":28},{"not_picked":["Discovery","Magnetism","Panacea"],"picked":"Master of Strategy","floor":30},{"not_picked":["theDuelist:EarthEffigy","theDuelist:DestroyerGolem","theDuelist:PotGreed","theDuelist:RedHeadedOni"],"picked":"theDuelist:LightningRodLord","floor":31},{"not_picked":["theDuelist:RainbowDarkDragon","theDuelist:IrisEarthMother+1","theDuelist:RainbowMagician+1","theDuelist:RainbowOverdragon+1"],"picked":"theDuelist:RainbowKuriboh+1","floor":33},{"not_picked":["theDuelist:SangaThunder","theDuelist:DarkMagician+1","theDuelist:SkilledDarkMagician+1","theDuelist:BlizzardWarrior"],"picked":"theDuelist:ExodiaLA","floor":35},{"not_picked":["theDuelist:EvilswarmHeliotrope+1","theDuelist:GemElephant","theDuelist:MillenniumGolem","theDuelist:MudGolem+1"],"picked":"theDuelist:RainbowOverdragon+1","floor":36},{"not_picked":["theDuelist:LegendaryFlameLord","theDuelist:FogKing","theDuelist:Mudballman+1","theDuelist:Yami+1"],"picked":"theDuelist:LordD","floor":38},{"not_picked":["theDuelist:LegendaryFlameLord+1","theDuelist:MindAir+1","theDuelist:GuardianAngel+1","theDuelist:DarkMagicianGirl"],"picked":"theDuelist:ExodiaRA","floor":39}],"player_experience":578049,"relics_obtained":[{"floor":6,"key":"hubris:PeanutButter"},{"floor":8,"key":"theDuelist:ZoneToken"},{"floor":9,"key":"Paper Frog"},{"floor":14,"key":"Omamori"},{"floor":24,"key":"theDuelist:MillenniumRing"},{"floor":26,"key":"Sundial"},{"floor":28,"key":"Potion Belt"},{"floor":30,"key":"theDuelist:StoneExxod"}],"event_choices":[{"total_magic_score":114,"gold_gain":0,"duelist":true,"damage_taken":0,"relics_obtained":[],"points":4,"max_hp_gain":0,"max_hp_loss":0,"spent_points":{"magic":4,"greed":0,"war":0,"power":0,"hunger":0},"event_name":"Nameless Tomb","floor":2,"gold_loss":0,"magic_reward":4,"cards_obtained":["theDuelist:Nameless:Magic:PotDuality"]},{"damage_healed":0,"gold_gain":0,"player_choice":"Obtained Relic","damage_taken":0,"relics_obtained":["Toy Ornithopter"],"max_hp_gain":0,"max_hp_loss":0,"event_name":"Addict","floor":29,"gold_loss":85}],"is_beta":false,"boss_relics":[{"not_picked":["theDuelist:GamblerChip","Tiny House"],"picked":"hubris:BlackHole"},{"not_picked":["theDuelist:MillenniumKey","Astrolabe"],"picked":"Coffee Dripper"}],"items_purged_floors":[],"is_endless":false,"potions_floor_spawned":[3,6,11,12,13,20,28,30,35,39],"killed_by":"Reptomancer","ascension_level":11}}