{"host":"aycnbidq9d24owrh","time":1614137363,"event":{"mods":["Bard","BaseMod","BetterRewards","Colored Map","Downfall","Infinite Spire","Minty Spire (QoL Compilation)","Replay The Spire","Shop Mod","Spire Arcade","StSLib","The Cursed","The Disciple","The Hierophant","The Jungle","The Runesmith","TheBandit"],"gold_per_floor":[111,123,123,143,143,143,162,179,179,179,206,224,224,224,224,321,321,331,331,351,365,24,41,54,54,81,81,97,457,467,486,486,585,585,604,604,604,16,36,36,36],"floor_reached":40,"language":"ENG","playtime":1034,"items_purged":[],"score":467,"play_id":"c665e9cb-8f68-498b-93e2-e8844aba4869","local_time":"20210223192923","is_ascension_mode":false,"campfire_choices":[{"data":"Perfected Strike","floor":6,"key":"SMITH"},{"floor":13,"key":"REST"},{"data":"Shockwave","floor":15,"key":"SMITH"},{"data":"Infernal Blade","floor":25,"key":"SMITH"},{"floor":32,"key":"REST"}],"circlet_count":0,"master_deck":["Strike_R","Strike_R","Strike_R","Strike_R","Strike_R+1","Defend_R","Defend_R","Defend_R","Defend_R+1","Bash","Shockwave+1","Perfected Strike+1","Sword Boomerang","Perfected Strike+1","Sword Boomerang","Pommel Strike","Pummel","Blood for Blood","Reaper+1","Clash","Twin Strike","ReplayTheSpireMod:Limb From Limb","Pommel Strike","Panache+1","Shrug It Off+1","Infernal Blade+1","Anger","Perfected Strike","ReplayTheSpireMod:LeadingStrike","Demonic Infusion","Pummel+1","Madness","Madness","Flex+1","Perfected Strike+1"],"relics":["Burning Blood","Regal Pillow","Pen Nib","Sozu","Guide Book","infinitespire:Lucky Rock","Question Card","Ring of Chaos","Juzu Bracelet","Mummified Hand","Sling"],"acts_visited":["Exordium","TheCity","TheBeyond"],"potions_floor_usage":[11,16,16],"damage_taken":[{"damage":13,"enemies":"infinitespire:Voidling","floor":1,"turns":4},{"damage":5,"enemies":"Small Slimes","floor":2,"turns":3},{"damage":0,"enemies":"2 Louse","floor":4,"turns":3},{"damage":10,"enemies":"Looter","floor":7,"turns":2},{"damage":5,"enemies":"2 Fungi Beasts","floor":8,"turns":3},{"damage":10,"enemies":"Gremlin Nob","floor":11,"turns":3},{"damage":7,"enemies":"3 Louse","floor":12,"turns":3},{"damage":22,"enemies":"Fading Forest","floor":16,"turns":11},{"damage":7,"enemies":"Shell Parasite","floor":18,"turns":2},{"damage":6,"enemies":"Chosen","floor":20,"turns":3},{"damage":8,"enemies":"3 Cultists","floor":21,"turns":3},{"damage":4,"enemies":"Shelled Parasite and Fungi","floor":23,"turns":3},{"damage":10,"enemies":"Snake Plant","floor":24,"turns":2},{"damage":5,"enemies":"Cultist and Chosen","floor":28,"turns":4},{"damage":12,"enemies":"3 Cultists","floor":30,"turns":4},{"damage":2,"enemies":"Snake Plant","floor":31,"turns":4},{"damage":80,"enemies":"Automaton","floor":33,"turns":7},{"damage":0,"enemies":"3 Shapes","floor":35,"turns":2},{"damage":57,"enemies":"3 Darklings","floor":39,"turns":5},{"damage":40,"enemies":"Nemesis","floor":40,"turns":2}],"seed_played":"-7595621520346419835","potions_obtained":[{"floor":1,"key":"Block Potion"},{"floor":2,"key":"hexamod:SoulburnPotion"},{"floor":4,"key":"ColorlessPotion"}],"is_trial":false,"path_per_floor":["M","M","?","M","?","R","M","M","T","?","E","M","R","?","R","B",null,"M","?","M","M","$","M","M","R","T","?","M","?","M","M","R","B",null,"M","?","?","$","M","E"],"character_chosen":"IRONCLAD","items_purchased":["Panache","Guide Book","Juzu Bracelet","Mummified Hand","Sling","Flex+1"],"campfire_rested":2,"item_purchase_floors":[22,22,38,38,38,38],"current_hp_per_floor":[73,74,74,80,80,80,76,77,77,61,57,56,80,80,80,64,80,79,79,79,77,77,79,75,75,75,75,76,40,34,38,77,13,80,80,80,70,70,19,0,0],"gold":36,"neow_bonus":"THREE_CARDS","is_daily":false,"chose_seed":false,"campfire_upgraded":3,"win_rate":0.0,"timestamp":1614137363,"path_taken":["M","?","?","M","?","R","M","M","T","?","E","M","R","?","R","BOSS","M","?","M","M","$","M","M","R","T","?","M","?","M","M","R","BOSS","M","?","?","$","M","E"],"items_purchased_type":["Card","Relic","Relic","Relic","Relic","Card"],"build_version":"2020-12-22","purchased_purges":0,"victory":false,"max_hp_per_floor":[80,80,80,80,80,80,80,80,80,80,80,80,80,80,80,80,80,80,80,80,80,80,80,80,80,80,80,80,80,80,80,80,80,80,80,80,80,80,80,80,80],"card_choices":[{"not_picked":["Iron Wave","Shrug It Off"],"picked":"Shockwave","floor":0},{"not_picked":["Searing Blow","Massacre"],"picked":"Perfected Strike","floor":1},{"not_picked":["Rampage","Rupture"],"picked":"Sword Boomerang","floor":2},{"not_picked":["Headbutt","Heavy Blade"],"picked":"Perfected Strike","floor":4},{"not_picked":["Rupture","Dark Embrace"],"picked":"Sword Boomerang","floor":7},{"not_picked":["Headbutt","Rupture"],"picked":"Pommel Strike","floor":8},{"not_picked":["Headbutt","Shrug It Off"],"picked":"Pummel","floor":11},{"not_picked":["Headbutt","ReplayTheSpireMod:Muscle Training"],"picked":"Blood for Blood","floor":12},{"not_picked":["Bludgeon","Limit Break"],"picked":"Reaper","floor":16},{"not_picked":["Ghostly Armor+1","Flex"],"picked":"Clash","floor":18},{"not_picked":["Perfected Strike","Headbutt"],"picked":"ReplayTheSpireMod:Limb From Limb","floor":20},{"not_picked":["Heavy Blade","Body Slam"],"picked":"Pommel Strike","floor":21},{"not_picked":["Flex","Anger"],"picked":"Shrug It Off+1","floor":23},{"not_picked":["Bloodletting+1","Shrug It Off"],"picked":"Infernal Blade","floor":24},{"not_picked":["Sword Boomerang","Thunderclap","ReplayTheSpireMod:Strike From Hell"],"picked":"Anger","floor":28},{"not_picked":["Dropkick","Fiend Fire","Flex"],"picked":"Perfected Strike","floor":30},{"not_picked":["Replay:Undeath\u0027s Touch","Clothesline","Perfected Strike"],"picked":"ReplayTheSpireMod:LeadingStrike","floor":31},{"not_picked":["Barricade","Corruption","Demon Form"],"picked":"Demonic Infusion","floor":33},{"not_picked":["Sword Boomerang","Power Through","ReplayTheSpireMod:Stacked"],"picked":"Pummel+1","floor":35},{"not_picked":["ReplayTheSpireMod:Strike From Hell+1","Twin Strike","Fire Breathing+1"],"picked":"Perfected Strike+1","floor":39}],"player_experience":8365,"relics_obtained":[{"floor":9,"key":"Regal Pillow"},{"floor":11,"key":"Pen Nib"},{"floor":26,"key":"infinitespire:Lucky Rock"}],"event_choices":[{"damage_healed":0,"gold_gain":0,"player_choice":"Grow","damage_taken":0,"max_hp_gain":0,"max_hp_loss":0,"event_name":"Living Wall","floor":3,"gold_loss":0,"cards_upgraded":["Perfected Strike"]},{"damage_healed":0,"gold_gain":0,"player_choice":"Ignored","damage_taken":0,"max_hp_gain":0,"max_hp_loss":0,"event_name":"Golden Wing","floor":5,"gold_loss":0},{"damage_healed":0,"gold_gain":0,"player_choice":"Entered Light","damage_taken":16,"max_hp_gain":0,"max_hp_loss":0,"event_name":"Shining Light","floor":10,"gold_loss":0,"cards_upgraded":["Strike_R","Defend_R"]},{"damage_healed":0,"gold_gain":0,"player_choice":"Leave","damage_taken":0,"max_hp_gain":0,"max_hp_loss":0,"event_name":"The Cleric","floor":14,"gold_loss":0},{"damage_healed":0,"gold_gain":0,"player_choice":"Read","damage_taken":0,"max_hp_gain":0,"max_hp_loss":0,"event_name":"The Library","floor":19,"gold_loss":0,"cards_obtained":["Twin Strike"]},{"damage_healed":0,"gold_gain":0,"player_choice":"Opened","damage_taken":0,"relics_obtained":["Question Card"],"max_hp_gain":0,"max_hp_loss":0,"event_name":"The Mausoleum","floor":27,"gold_loss":0},{"damage_healed":0,"gold_gain":360,"player_choice":"GOLD GOLD GOLD GOLD ","damage_taken":36,"max_hp_gain":0,"max_hp_loss":0,"event_name":"Knowing Skull","floor":29,"potions_obtained":[],"gold_loss":0,"cards_obtained":[]},{"damage_healed":0,"gold_gain":0,"player_choice":"Ignored","damage_taken":0,"max_hp_gain":0,"max_hp_loss":0,"event_name":"Tomb of Lord Red Mask","floor":36,"gold_loss":0},{"damage_healed":0,"gold_gain":0,"player_choice":"Embrace Madness","damage_taken":10,"max_hp_gain":0,"max_hp_loss":0,"event_name":"Winding Halls","floor":37,"gold_loss":0,"cards_obtained":["Madness","Madness"]}],"is_beta":false,"boss_relics":[{"not_picked":["Coffee Dripper","Replay:Fungal Core"],"picked":"Sozu"},{"not_picked":["Honey Jar","Replay:Grab Bag"],"picked":"Ring of Chaos"}],"items_purged_floors":[],"is_endless":false,"potions_floor_spawned":[1,2,4,20,23,30,31,35],"killed_by":"Nemesis","ascension_level":0}}