{"host":"fhwr1fuluf6086fh","time":1614144487,"event":{"mods":["2.2 Compatiblity","Act Like it!","BaseMod","Colored Map","Downfall","Elementarium","Minty Spire (QoL Compilation)","StSLib"],"gold_per_floor":[111,123,143,162,262,278,304,304,380,380,393,45,70,89,89,186,186,196,211,224,224,244,244,270,304,304,304,330,347,372,128,128,231,231,246,35,49,69,69,69,103,21,21,32,32,65,65,80,80,80],"floor_reached":51,"language":"ENG","playtime":5134,"items_purged":["downfall:Bewildered","Strike_P","Strike_P"],"score":920,"play_id":"8c98b6cb-6bb9-4f5c-aa33-c1078d976ae5","local_time":"20210224002807","is_ascension_mode":true,"campfire_choices":[{"floor":8,"key":"RECALL"},{"data":"Eruption","floor":10,"key":"SMITH"},{"data":"Defend_P","floor":15,"key":"SMITH"},{"data":"Fasting2","floor":23,"key":"SMITH"},{"data":"FlurryOfBlows","floor":27,"key":"SMITH"},{"data":"FlurryOfBlows","floor":32,"key":"SMITH"},{"data":"Meditate","floor":40,"key":"SMITH"},{"data":"FlurryOfBlows","floor":45,"key":"SMITH"},{"data":"Vigilance","floor":49,"key":"SMITH"}],"circlet_count":0,"master_deck":["Defend_P+1","Defend_P","Defend_P","Defend_P","Eruption+1","Vigilance+1","SignatureMove","Vault","FlurryOfBlows","Prostrate","MasterReality","Fasting2+1","Tantrum","Consecrate","Halt","LikeWater+1","LikeWater+1","Protect","Scrawl","Weave","FlurryOfBlows+1","FlurryOfBlows+1","EmptyBody+1","Consecrate","EmptyFist+1","InnerPeace","Vault","Halt+1","Establishment+1","Meditate+1","Blind","Protect","DeceiveReality+1","Madness","Madness","FlurryOfBlows+1","Study+1","FlyingSleeves+1","SandsOfTime","EmptyBody+1"],"relics":["HolyWater","Eternal Feather","Frozen Egg 2","Pen Nib","Calipers","Omamori","Red Mask","Incense Burner","Pantograph","Happy Flower","Lantern","Coffee Dripper","Ancient Tea Set","Blood Vial","Vajra"],"acts_visited":["Exordium","TheCity","TheBeyond"],"potions_floor_usage":[2,16,16,16,24,33,33,46,50,50],"damage_taken":[{"damage":1,"enemies":"Jaw Worm","floor":1,"turns":4},{"damage":0,"enemies":"Cultist","floor":2,"turns":2},{"damage":0,"enemies":"Small Slimes","floor":3,"turns":4},{"damage":7,"enemies":"3 Louse","floor":4,"turns":6},{"damage":0,"enemies":"Exordium Wildlife","floor":6,"turns":3},{"damage":0,"enemies":"Gremlin Nob","floor":7,"turns":2},{"damage":0,"enemies":"Looter","floor":11,"turns":2},{"damage":11,"enemies":"3 Sentries","floor":13,"turns":6},{"damage":0,"enemies":"Exordium Thugs","floor":14,"turns":3},{"damage":0,"enemies":"The Guardian","floor":16,"turns":7},{"damage":0,"enemies":"3 Byrds","floor":18,"turns":4},{"damage":8,"enemies":"Spheric Guardian","floor":19,"turns":5},{"damage":0,"enemies":"Chosen and Byrds","floor":20,"turns":3},{"damage":1,"enemies":"Shelled Parasite and Fungi","floor":22,"turns":2},{"damage":4,"enemies":"Book of Stabbing","floor":24,"turns":7},{"damage":10,"enemies":"Masked Bandits","floor":25,"turns":3},{"damage":4,"enemies":"Gremlin Leader","floor":28,"turns":5},{"damage":2,"enemies":"Cultist and Chosen","floor":29,"turns":3},{"damage":7,"enemies":"Slavers","floor":30,"turns":5},{"damage":9,"enemies":"Champ","floor":33,"turns":8},{"damage":9,"enemies":"3 Shapes","floor":35,"turns":3},{"damage":0,"enemies":"Orb Walker","floor":37,"turns":1},{"damage":0,"enemies":"4 Shapes","floor":38,"turns":5},{"damage":2,"enemies":"Reptomancer","floor":41,"turns":7},{"damage":1,"enemies":"Sphere and 2 Shapes","floor":44,"turns":2},{"damage":20,"enemies":"Nemesis","floor":46,"turns":3},{"damage":6,"enemies":"3 Darklings","floor":48,"turns":4},{"damage":6,"enemies":"Awakened One","floor":50,"turns":7}],"seed_played":"-4236737106663961467","potions_obtained":[{"floor":2,"key":"Fruit Juice"},{"floor":7,"key":"sneckomod:MuddlingPotion"},{"floor":11,"key":"FearPotion"},{"floor":13,"key":"champ:CounterPotion"},{"floor":16,"key":"Ancient Potion"},{"floor":18,"key":"Regen Potion"},{"floor":22,"key":"AttackPotion"},{"floor":24,"key":"SpeedPotion"},{"floor":29,"key":"CultistPotion"},{"floor":35,"key":"Energy Potion"},{"floor":38,"key":"Weak Potion"},{"floor":48,"key":"Explosive Potion"}],"is_trial":false,"path_per_floor":["M","M","M","M","?","M","E","R","T","R","M","$","E","M","R","B",null,"M","M","M","?","M","R","E","?","T","R","E","M","E","$","R","B",null,"M","$","M","M","?","R","E","$","T","M","R","E","?","M","R","B",null],"character_chosen":"WATCHER","items_purchased":["Pen Nib","Halt","LikeWater+1","Lantern","Blind","Study+1"],"campfire_rested":0,"item_purchase_floors":[12,12,12,31,36,42],"current_hp_per_floor":[71,76,76,69,69,69,69,77,77,77,77,77,66,66,77,77,77,77,69,69,55,54,69,80,70,70,82,78,76,69,69,82,73,82,73,73,73,73,63,82,80,80,80,81,82,62,62,58,82,76],"gold":80,"neow_bonus":"TRANSFORM_TWO_CARDS","is_daily":false,"chose_seed":false,"campfire_upgraded":8,"win_rate":0.0,"timestamp":1614144487,"path_taken":["M","M","M","M","?","M","E","R","T","R","M","$","E","M","R","BOSS","M","M","?","?","M","R","E","?","T","R","E","M","E","$","R","BOSS","M","$","M","M","?","R","E","$","T","M","R","E","?","M","R","BOSS"],"items_purchased_type":["Relic","Card","Card","Relic","Card","Card"],"build_version":"2020-12-22","purchased_purges":3,"victory":true,"max_hp_per_floor":[72,77,77,77,77,77,77,77,77,77,77,77,77,77,77,77,77,77,77,77,82,82,82,82,82,82,82,82,82,82,82,82,82,82,82,82,82,82,82,82,82,82,82,82,82,82,82,82,82,82],"card_choices":[{"not_picked":["CutThroughFate","PathToVictory"],"picked":"FlurryOfBlows","floor":1},{"not_picked":["WaveOfTheHand","Evaluate"],"picked":"Prostrate","floor":2},{"not_picked":["FlyingSleeves","Indignation"],"picked":"MasterReality","floor":3},{"not_picked":["JustLucky","Crescendo"],"picked":"Fasting2","floor":4},{"not_picked":["ThirdEye","Crescendo"],"picked":"Tantrum","floor":6},{"not_picked":["EmptyMind","Study"],"picked":"Consecrate","floor":7},{"not_picked":["PathToVictory","FollowUp"],"picked":"Halt","floor":11},{"not_picked":["ReachHeaven","FollowUp"],"picked":"LikeWater+1","floor":13},{"not_picked":["WindmillStrike","CrushJoints"],"picked":"Protect","floor":14},{"not_picked":["Brilliance","ConjureBlade"],"picked":"Scrawl","floor":16},{"not_picked":["Evaluate","BattleHymn+1"],"picked":"Weave","floor":18},{"not_picked":["Consecrate","ThirdEye"],"picked":"FlurryOfBlows","floor":19},{"not_picked":["Prostrate","Fasting2+1"],"picked":"FlurryOfBlows","floor":20},{"not_picked":["ThirdEye","TalkToTheHand"],"picked":"EmptyBody+1","floor":22},{"not_picked":["Conclude","ThirdEye"],"picked":"Consecrate","floor":24},{"not_picked":["FlurryOfBlows","FlyingSleeves"],"picked":"EmptyFist+1","floor":25},{"not_picked":["Perseverance+1","CrushJoints"],"picked":"InnerPeace","floor":28},{"not_picked":["EmptyBody","WindmillStrike"],"picked":"Vault","floor":29},{"not_picked":["FollowUp+1","CrushJoints"],"picked":"Halt+1","floor":30},{"not_picked":["LessonLearned","Brilliance"],"picked":"Establishment+1","floor":33},{"not_picked":["Protect+1","EmptyBody+1"],"picked":"Meditate","floor":35},{"not_picked":["Crescendo+1","JustLucky"],"picked":"Protect","floor":37},{"not_picked":["TalkToTheHand","BowlingBash"],"picked":"DeceiveReality+1","floor":38},{"not_picked":["Protect+1","Vengeance+1"],"picked":"FlurryOfBlows","floor":41},{"not_picked":["Crescendo","WheelKick+1"],"picked":"FlyingSleeves+1","floor":44},{"not_picked":["EmptyFist","Swivel+1"],"picked":"SandsOfTime","floor":46},{"not_picked":["FollowUp","BowlingBash"],"picked":"EmptyBody+1","floor":48}],"player_experience":1054475,"relics_obtained":[{"floor":7,"key":"Eternal Feather"},{"floor":9,"key":"Frozen Egg 2"},{"floor":13,"key":"Calipers"},{"floor":24,"key":"Omamori"},{"floor":25,"key":"Red Mask"},{"floor":26,"key":"Incense Burner"},{"floor":28,"key":"Pantograph"},{"floor":30,"key":"Happy Flower"},{"floor":41,"key":"Ancient Tea Set"},{"floor":43,"key":"Blood Vial"},{"floor":46,"key":"Vajra"}],"event_choices":[{"damage_healed":0,"gold_gain":100,"player_choice":"Pray","damage_taken":0,"max_hp_gain":0,"max_hp_loss":0,"event_name":"Golden Shrine","floor":5,"gold_loss":0},{"damage_healed":0,"gold_gain":0,"player_choice":"Shed Blood","damage_taken":19,"max_hp_gain":5,"max_hp_loss":0,"event_name":"Forgotten Altar","floor":21,"gold_loss":0},{"damage_healed":0,"gold_gain":0,"player_choice":"Fought Bandits","damage_taken":0,"max_hp_gain":0,"max_hp_loss":0,"event_name":"Masked Bandits","floor":25,"gold_loss":0},{"damage_healed":0,"gold_gain":0,"player_choice":"Embrace Madness","damage_taken":10,"max_hp_gain":0,"max_hp_loss":0,"event_name":"Winding Halls","floor":39,"gold_loss":0,"cards_obtained":["Madness","Madness"]},{"cards_removed":["Halt"],"damage_healed":0,"gold_gain":0,"player_choice":"Removed Skill","damage_taken":0,"max_hp_gain":0,"max_hp_loss":0,"event_name":"Falling","floor":47,"gold_loss":0}],"is_beta":false,"boss_relics":[{"not_picked":["SacredBark","SlaversCollar"],"picked":"HolyWater"},{"not_picked":["bronze:MakeshiftBattery","Runic Pyramid"],"picked":"Coffee Dripper"}],"items_purged_floors":[12,31,36],"is_endless":false,"potions_floor_spawned":[2,7,11,13,16,18,22,24,29,35,38,44,48],"ascension_level":1}}