{"host":"eydwxg59205c3vtl","time":1614146386,"event":{"mods":["2.2 Compatiblity","BaseMod","Colored Map","Colored Powertips","Hubris","Minty Spire (QoL Compilation)","StSLib","The Jungle","The Necromancer"],"gold_per_floor":[119,119,119,119,129,129,24,57,57,57,22,22,47,64,64,139,139,151,164,164,189,203,231,231,231,231,231,241,69,103,119,119,119,119],"floor_reached":33,"language":"ENG","playtime":888,"items_purged":["Regret"],"score":690,"play_id":"4c5afe58-90af-461c-9e05-12280dfd2195","local_time":"20210224005946","is_ascension_mode":true,"campfire_choices":[{"data":"Negative_Energy_Sphere","floor":6.0,"key":"SMITH"},{"data":"Negative_Energy_Burst","floor":10.0,"key":"SMITH"},{"data":"Negative_Energy_Mist","floor":12.0,"key":"SMITH"},{"data":"Negative_Energy_Mist","floor":15.0,"key":"SMITH"},{"data":"Bite","floor":24,"key":"SMITH"},{"floor":27,"key":"REST"},{"data":"Siphon_Strength","floor":32,"key":"SMITH"}],"circlet_count":0,"master_deck":["AscendersBane","Defend_W+1","Defend_W","Defend_W","Defend_W","Negative_Energy_Arrows","Bone_Wall","Acid_Javelin","Negative_Energy_Sphere+1","Negative_Energy_Mist+1","Negative_Energy_Burst+1","Negative_Energy_Mist+1","Shade_Step","Hellfire","Negative_Energy_Javelin","Bite+1","Bite","Bite","Bite","Bite","Negative_Energy_Mist","Siphon_Strength+1"],"relics":["Vampire_Amulet","NeowsBlessing","Pantograph","Eternal Feather","Letter Opener","hubris:BottledRain","Mercury Hourglass","Runic Pyramid","Red Mask","hubris:CrystalStatue","hubris:SphereOfDissonance","Nunchaku","Strawberry"],"acts_visited":["Exordium","TheCity"],"potions_floor_usage":[16,21,23,30,33],"damage_taken":[{"damage":0.0,"enemies":"Jaw Worm","floor":1.0,"turns":1.0},{"damage":0.0,"enemies":"2 Louse","floor":5.0,"turns":1.0},{"damage":0.0,"enemies":"Lagavulin","floor":8.0,"turns":3.0},{"damage":26.0,"enemies":"3 Sentries","floor":13.0,"turns":6.0},{"damage":0.0,"enemies":"Small Slimes","floor":14.0,"turns":2.0},{"damage":58,"enemies":"Slime Boss","floor":16,"turns":9},{"damage":24,"enemies":"Shell Parasite","floor":18,"turns":4},{"damage":14,"enemies":"Chosen","floor":19,"turns":4},{"damage":10,"enemies":"Masked Bandits","floor":21,"turns":2},{"damage":16,"enemies":"Snake Plant","floor":22,"turns":6},{"damage":23,"enemies":"Book of Stabbing","floor":23,"turns":7},{"damage":1,"enemies":"Snecko","floor":28,"turns":3},{"damage":0,"enemies":"Slavers","floor":30,"turns":4},{"damage":0,"enemies":"Cultist and Chosen","floor":31,"turns":3},{"damage":75,"enemies":"Champ","floor":33,"turns":11}],"seed_played":"-2580856105726224610","potions_obtained":[{"floor":1.0,"key":"CultistPotion"},{"floor":8.0,"key":"Strength Potion"},{"floor":14.0,"key":"CultistPotion"},{"floor":19,"key":"Swift Potion"},{"floor":23,"key":"SmokeBomb"},{"floor":28,"key":"LiquidMemories"},{"floor":31,"key":"Weak Potion"}],"is_trial":false,"path_per_floor":["M","?","?","?","M","R","$","E","T","R","?","R","E","M","R","B",null,"M","M","?","?","M","E","R","?","T","R","M","$","E","M","R","B"],"character_chosen":"NECROMANCER","items_purchased":["Negative_Energy_Mist","Nunchaku"],"campfire_rested":1,"item_purchase_floors":[7,29],"current_hp_per_floor":[66,45,45,19,23,29,29,31,31,40,57,66,46,50,59,21,59,37,25,25,25,25,12,24,18,18,44,49,49,56,56,56,0,0],"gold":119,"neow_bonus":"THREE_ENEMY_KILL","is_daily":false,"chose_seed":false,"campfire_upgraded":6,"win_rate":0.0,"timestamp":1614146386,"path_taken":["M","?","?","?","M","R","$","E","T","R","?","R","E","M","R","BOSS","M","M","?","?","M","E","R","?","T","R","M","$","E","?","R","BOSS"],"items_purchased_type":["Card","Relic"],"build_version":"2020-12-22","purchased_purges":1,"victory":false,"max_hp_per_floor":[71,71,71,71,71,71,71,71,71,71,71,71,71,71,71,71,71,71,71,49,49,49,49,49,49,49,49,49,49,56,56,56,56,56],"card_choices":[{"not_picked":["Negative_Energy_Mist","Bones_to_Steel"],"picked":"Acid_Javelin","floor":1.0},{"not_picked":["Negative_Energy_Mist","Chill_Blood"],"picked":"Negative_Energy_Sphere","floor":5.0},{"not_picked":["Skeleton_Dragon","Negative_Energy_Sphere"],"picked":"Negative_Energy_Burst","floor":8.0},{"not_picked":["Blood_Whip","Bones_to_Steel"],"picked":"Negative_Energy_Mist","floor":13.0},{"not_picked":["Bone_Spikes","Blood_Whip"],"picked":"Shade_Step","floor":14.0},{"not_picked":["Reap_The_Weak","Blood_Wake"],"picked":"Hellfire","floor":16},{"not_picked":["Blood_Curse","Bones_to_Steel","Necromantic_Selection"],"picked":"SKIP","floor":18},{"not_picked":["Bone_Shift","Bone_Armor"],"picked":"Negative_Energy_Javelin","floor":19},{"not_picked":["Negative_Energy_Shield","Blood_Wake"],"picked":"Negative_Energy_Mist","floor":22},{"not_picked":["Vampiric_Strike","Negative_Energy_Javelin","Bone_Bullets"],"picked":"SKIP","floor":23},{"not_picked":["Negative_Energy_Sphere","Bones_to_Steel","Deaths_Shadow"],"picked":"SKIP","floor":28},{"not_picked":["Exploit","Scare"],"picked":"Siphon_Strength","floor":30},{"not_picked":["Hellfire","Shackles_Of_Pain","Death_March_Dance"],"picked":"SKIP","floor":31}],"player_experience":635468,"relics_obtained":[{"floor":8.0,"key":"Letter Opener"},{"floor":9.0,"key":"hubris:BottledRain"},{"floor":13.0,"key":"Mercury Hourglass"},{"floor":21,"key":"Red Mask"},{"floor":23,"key":"hubris:CrystalStatue"},{"floor":26,"key":"hubris:SphereOfDissonance"},{"floor":30,"key":"Strawberry"}],"event_choices":[{"damage_healed":0.0,"max_hp_gain":0.0,"max_hp_loss":0.0,"gold_gain":0.0,"event_name":"Shining Light","player_choice":"Entered Light","floor":2.0,"gold_loss":0.0,"damage_taken":21.0,"cards_upgraded":["Defend_W","Strike_W"]},{"damage_healed":0.0,"max_hp_gain":0.0,"max_hp_loss":0.0,"gold_gain":0.0,"event_name":"Big Fish","player_choice":"Box","floor":3.0,"gold_loss":0.0,"damage_taken":0.0,"relics_obtained":["Pantograph"],"cards_obtained":["Regret"]},{"damage_healed":0.0,"max_hp_gain":0.0,"max_hp_loss":0.0,"gold_gain":0.0,"event_name":"Scrap Ooze","player_choice":"Success","floor":4.0,"gold_loss":0.0,"damage_taken":26.0,"relics_obtained":["Eternal Feather"]},{"damage_healed":17.0,"max_hp_gain":0.0,"max_hp_loss":0.0,"gold_gain":0.0,"event_name":"The Cleric","player_choice":"Healed","floor":11.0,"gold_loss":35.0,"damage_taken":0.0},{"damage_healed":0,"gold_gain":0,"player_choice":"Became a vampire","damage_taken":0,"max_hp_gain":0,"max_hp_loss":22,"event_name":"Vampires","floor":20,"gold_loss":0,"cards_obtained":["Bite","Bite","Bite","Bite","Bite"]},{"damage_healed":0,"gold_gain":0,"player_choice":"Fought Bandits","damage_taken":0,"max_hp_gain":0,"max_hp_loss":0,"event_name":"Masked Bandits","floor":21,"gold_loss":0},{"damage_healed":0,"gold_gain":0,"player_choice":"","damage_taken":6,"max_hp_gain":0,"max_hp_loss":0,"event_name":"Knowing Skull","floor":25,"potions_obtained":[],"gold_loss":0,"cards_obtained":[]}],"is_beta":false,"boss_relics":[{"not_picked":["Sozu","hubris:ScarierMask"],"picked":"Runic Pyramid"}],"items_purged_floors":[7],"is_endless":false,"potions_floor_spawned":[1,8,14,19,23,28,31],"killed_by":"Champ","ascension_level":19}}