{"host":"p4yrwepmrl4g8pul","time":1614168270,"event":{"mods":["Act Like it!","BaseMod","BetterRewards","Colored Map","Custom Start","Downfall","Gensokyo","Marisa£®ÏF”Í°°ƒß¿Ì…≥£©","Minty Spire (QoL Compilation)","Quick Restart","Rare Cards Sparkle","Reimu£®≤©¿ˆ¡È√Œ£©","Remilia£®¿Ÿ√◊¿Ú—«£©","Remove Card Discount Mod","Shop Mod","StSLib"],"gold_per_floor":[111,125,144,61,61,61,111,111,137,137,167,182,196,222,122,200,200,219,236,250,350,489,503,554,554,569,599,500,527,577,592,592,670,670,681,691,691,716,733,733,733,749,762,252,271,271,288,305,305,305],"floor_reached":51,"language":"ZHS","playtime":1647,"items_purged":["Strike_Lin:ReiMu","Strike_Lin:ReiMu","Strike_Lin:ReiMu","Strike_Lin:ReiMu","NB:ReiMu","FoulBorder2:ReiMu","Defend_Lin:ReiMu","Defend_Lin:ReiMu","Defend_Lin:ReiMu","SpringWay:ReiMu","Defend_Lin:ReiMu+1","downfall:Aged","Enchanting:ReiMu"],"score":1951,"play_id":"0d5943fa-7cb1-449a-8779-d3da25c17d4e","local_time":"20210224200430","is_ascension_mode":true,"campfire_choices":[{"data":"Stagnation:ReiMu","floor":10.0,"key":"SMITH"},{"data":"RainPray2:ReiMu","floor":15.0,"key":"SMITH"},{"data":"PrayRite:ReiMu","floor":25.0,"key":"SMITH"},{"data":"AlertArray:ReiMu","floor":32.0,"key":"SMITH"},{"data":"RainPray2:ReiMu","floor":40.0,"key":"SMITH"},{"data":"WonderfulDomain:ReiMu","floor":46.0,"key":"SMITH"},{"data":"PrayRite:ReiMu","floor":49.0,"key":"SMITH"}],"circlet_count":0,"master_deck":["AscendersBane","Stagnation:ReiMu+1","CollectionFlower2:ReiMu+1","SpiritualOutbreak2:ReiMu+1","RainPray2:ReiMu+1","PrayRite:ReiMu+1","WonderfulDomain:ReiMu+1","RainPray2:ReiMu+1","WonderfulDomain:ReiMu+1","AlertArray:ReiMu+1","PrayRite:ReiMu+1","PrayRite:ReiMu+1"],"relics":["FlyPower:ReiMu","Blood Vial","SkyOrb:ReiMu","Calipers","ScarletDevilRocket","downfall:HeartBlessingGreen","DonationBox:ReiMu","Anchor","Lantern","MerchantsRug","Strawberry","Cursed Key","Mastiff:ReiMu","PureWhite:ReiMu","DollysMirror"],"acts_visited":["Exordium","TheCity","TheBeyond"],"potions_floor_usage":[50,50,50],"damage_taken":[{"damage":0.0,"enemies":"Small Slimes","floor":1.0,"turns":4.0},{"damage":11.0,"enemies":"Cultist","floor":2.0,"turns":5.0},{"damage":18.0,"enemies":"Jaw Worm","floor":3.0,"turns":7.0},{"damage":0.0,"enemies":"downfall:FleeingMerchant","floor":4.0,"turns":4.0},{"damage":0.0,"enemies":"Lagavulin","floor":9.0,"turns":3.0},{"damage":0.0,"enemies":"Gremlin Nob","floor":11.0,"turns":4.0},{"damage":2.0,"enemies":"Red Slaver","floor":12.0,"turns":3.0},{"damage":3.0,"enemies":"Exordium Thugs","floor":13.0,"turns":2.0},{"damage":0.0,"enemies":"Lagavulin","floor":14.0,"turns":4.0},{"damage":35.0,"enemies":"IC_STATUS_ARCHETYPE","floor":16.0,"turns":9.0},{"damage":0.0,"enemies":"3 Byrds","floor":18.0,"turns":2.0},{"damage":1.0,"enemies":"Shell Parasite","floor":19.0,"turns":3.0},{"damage":2.0,"enemies":"Cultist and Chosen","floor":20.0,"turns":4.0},{"damage":0.0,"enemies":"downfall:LadyInBlue","floor":21.0,"turns":3.0},{"damage":0.0,"enemies":"downfall:FleeingMerchant","floor":22.0,"turns":4.0},{"damage":0.0,"enemies":"Centurion and Healer","floor":23.0,"turns":4.0},{"damage":0.0,"enemies":"Shelled Parasite and Fungi","floor":26.0,"turns":2.0},{"damage":0.0,"enemies":"Slavers","floor":27.0,"turns":4.0},{"damage":0.0,"enemies":"Gremlin Leader","floor":29.0,"turns":2.0},{"damage":0.0,"enemies":"Chosen and Byrds","floor":31.0,"turns":2.0},{"damage":0.0,"enemies":"WA_ARCHETYPE_CALM","floor":33.0,"turns":2.0},{"damage":0.0,"enemies":"3 Shapes","floor":35.0,"turns":2.0},{"damage":0.0,"enemies":"Orb Walker","floor":36.0,"turns":2.0},{"damage":0.0,"enemies":"Spire Growth","floor":39.0,"turns":3.0},{"damage":0.0,"enemies":"4 Shapes","floor":42.0,"turns":1.0},{"damage":0.0,"enemies":"Maw","floor":43.0,"turns":3.0},{"damage":0.0,"enemies":"Writhing Mass","floor":45.0,"turns":2.0},{"damage":0.0,"enemies":"Jaw Worm Horde","floor":47.0,"turns":1.0},{"damage":0.0,"enemies":"Sphere and 2 Shapes","floor":48.0,"turns":1.0},{"damage":0,"enemies":"SI_POISON_ARCHETYPE","floor":50,"turns":1}],"seed_played":"-8654338971612652872","potions_obtained":[{"floor":1.0,"key":"SkillPotion"},{"floor":3.0,"key":"FairyPotion"},{"floor":9.0,"key":"BottledKami:ReiMu"},{"floor":13.0,"key":"ZuzhouPotion:ReiMu"},{"floor":16.0,"key":"EntropicBrew"},{"floor":21.0,"key":"LiquidMemories"},{"floor":21.0,"key":"Regen Potion"},{"floor":29.0,"key":"ZuzhouPotion:ReiMu"},{"floor":35.0,"key":"FearPotion"},{"floor":39.0,"key":"Fire Potion"},{"floor":48.0,"key":"SkillPotion"}],"is_trial":false,"path_per_floor":["M","M","M","$","?","?","T","?","E","R","E","M","M","E","R","B",null,"M","M","M","?","$","M","T","R","M","E","$","E","?","M","R","B",null,"M","M","T","T","M","R","T","M","M","$","M","R","M","M","R","B",null],"character_chosen":"REIMU","items_purchased":["Enchanting:ReiMu","Anchor","AlertArray:ReiMu","MerchantsRug","PureWhite:ReiMu","DollysMirror"],"campfire_rested":0,"item_purchase_floors":[4,22,28,28,44,44],"current_hp_per_floor":[56,47,31,33,33,33,33,33,35,35,37,37,36,38,38,5,46,48,49,49,51,60,60,60,60,60,60,60,67,67,67,67,67,67,67,67,67,67,67,67,67,67,67,67,67,67,67,67,67,67],"gold":305,"neow_bonus":"RANDOM_COMMON_RELIC","is_daily":false,"chose_seed":false,"campfire_upgraded":7,"win_rate":0.0,"timestamp":1614168270,"path_taken":["M","M","M","$","?","?","T","?","E","R","E","M","M","E","R","BOSS","M","M","M","?","$","M","T","R","?","E","$","E","?","M","R","BOSS","M","M","?","?","?","R","T","M","M","$","M","R","M","M","R","BOSS"],"items_purchased_type":["Card","Relic","Card","Relic","Relic","Relic"],"build_version":"2020-12-22","purchased_purges":13,"victory":true,"max_hp_per_floor":[60,60,60,60,60,60,60,60,60,60,60,60,60,60,60,60,60,60,60,60,60,60,60,60,60,60,60,60,67,67,67,67,67,67,67,67,67,67,67,67,67,67,67,67,67,67,67,67,67,67],"card_choices":[{"not_picked":["AirStrike:ReiMu","Enchanting:ReiMu"],"picked":"FoulBorder2:ReiMu","floor":1.0},{"not_picked":["Dreaming2:ReiMu","DoubleButterfly:ReiMu"],"picked":"CollectionFlower2:ReiMu","floor":2.0},{"not_picked":["FoulBorder2:ReiMu","MountainWay:ReiMu"],"picked":"SpiritualOutbreak2:ReiMu","floor":3.0},{"not_picked":["EmergencyTakeOff:ReiMu","OrbThrow:ReiMu"],"picked":"SpringWay:ReiMu","floor":4.0},{"not_picked":["Conquer:ReiMu","SubAcupoint:ReiMu","RunawayExorcism:ReiMu"],"picked":"SKIP","floor":9.0},{"not_picked":["BarrageOfMoneybags:ReiMu","LearningPray:ReiMu"],"picked":"RainPray2:ReiMu","floor":11.0},{"not_picked":["OrbThrow:ReiMu","SubcavityInstant:ReiMu","Conquer:ReiMu"],"picked":"SKIP","floor":12.0},{"not_picked":["SubAcupoint:ReiMu","BarrageOfMoneybags:ReiMu","YinYangSange:ReiMu"],"picked":"SKIP","floor":13.0},{"not_picked":["FantasyBorder:ReiMu","FineLineFantasy:ReiMu","KyokaiOfKami:ReiMu"],"picked":"SKIP","floor":14.0},{"not_picked":["CardOfSanctity:ReiMu","CleanRite:ReiMu"],"picked":"PrayRite:ReiMu","floor":16.0},{"not_picked":["Dreaming2:ReiMu","PayForSelf:ReiMu","AirStrike:ReiMu"],"picked":"SKIP","floor":18.0},{"not_picked":["MountainWay:ReiMu","CollectionFlower2:ReiMu","Meditation:ReiMu"],"picked":"SKIP","floor":19.0},{"not_picked":["UniversalSpiritual:ReiMu","InherentArray:ReiMu+1","Intuition:ReiMu"],"picked":"SKIP","floor":20.0},{"not_picked":["MountainWay:ReiMu","YinYangSign:ReiMu"],"picked":"WonderfulDomain:ReiMu","floor":21.0},{"not_picked":["BarrageOfMoneybags:ReiMu","FoulBorder2:ReiMu"],"picked":"RainPray2:ReiMu","floor":23.0},{"not_picked":["FoulBorder2:ReiMu","ForcedLanding:ReiMu"],"picked":"WonderfulDomain:ReiMu+1","floor":26.0},{"not_picked":["HakureiPhantom:ReiMu","YinYangSign:ReiMu+1","WonderfulDomain:ReiMu"],"picked":"SKIP","floor":27.0},{"not_picked":["PrepareRite:ReiMu","KamiSacrifice:ReiMu","FantasyMoon:ReiMu"],"picked":"SKIP","floor":29.0},{"not_picked":["SafetyPray:ReiMu","WonderfulDomain:ReiMu","Enchanting:ReiMu"],"picked":"SKIP","floor":31.0},{"not_picked":["Dreaming2:ReiMu+1","AlertArray:ReiMu","Conquer:ReiMu+1"],"picked":"SKIP","floor":35.0},{"not_picked":["SpringWay:ReiMu","TightArray:ReiMu+1","Gathering:ReiMu"],"picked":"SKIP","floor":36.0},{"not_picked":["FineLineFantasy:ReiMu+1","AlertArray:ReiMu","ShadowOfCrow2:ReiMu"],"picked":"SKIP","floor":39.0},{"not_picked":["BarrageOfMoneybags:ReiMu","LovePray:ReiMu","CareerPray:ReiMu"],"picked":"SKIP","floor":42.0},{"not_picked":["SpringWay:ReiMu","Enchanting:ReiMu+1","Intuition:ReiMu"],"picked":"SKIP","floor":43.0},{"not_picked":["PhosphorusFlame:ReiMu","SubAcupoint:ReiMu","Meditation:ReiMu"],"picked":"SKIP","floor":45.0},{"not_picked":["SafetyPray:ReiMu","Crusade:ReiMu"],"picked":"PrayRite:ReiMu","floor":47.0},{"not_picked":["PhosphorusFlame:ReiMu","Enchanting:ReiMu","PayForSelf:ReiMu+1"],"picked":"SKIP","floor":48.0}],"player_experience":824832,"relics_obtained":[{"floor":7.0,"key":"SkyOrb:ReiMu"},{"floor":9.0,"key":"Calipers"},{"floor":11.0,"key":"Bottled Lightning"},{"floor":14.0,"key":"ScarletDevilRocket"},{"floor":21.0,"key":"Potion Belt"},{"floor":24.0,"key":"Lantern"},{"floor":27.0,"key":"MawBank"},{"floor":29.0,"key":"Strawberry"},{"floor":38.0,"key":"Mastiff:ReiMu"}],"event_choices":[{"cards_removed":["downfall:Malfunctioning"],"damage_healed":0.0,"max_hp_gain":0.0,"max_hp_loss":0.0,"gold_gain":0.0,"event_name":"Living Wall","player_choice":"Forget","floor":8.0,"gold_loss":0.0,"damage_taken":0.0}],"is_beta":false,"boss_relics":[{"not_picked":["Velvet Choker","bronze:MakeshiftBattery"],"picked":"DonationBox:ReiMu"},{"not_picked":["SacredBark","CrownOfHeavens:ReiMu"],"picked":"Cursed Key"}],"items_purged_floors":[4,4,4,4,4,4,4,22,22,28,28,44,44],"is_endless":false,"potions_floor_spawned":[1,3,9,13,14,16,20,21,29,35,39,48],"ascension_level":20}}