{"host":"1e3ivg30op4goso1","time":1614201502,"event":{"mods":["AchievementEnabler","Ascension Unlocker","BaseMod","Colored Map","Minty Spire (QoL Compilation)","Permanent Neow","Quick Restart","Relic Filter","StSLib","SuperFastMode"],"gold_per_floor":[113,113,288,303,303,303,323,348,348,361,361,371,371,66,66,162,162,173,192,208,307,307,307,307,319,344,344,274,291,321,333,333,333,333],"floor_reached":33,"language":"ENG","playtime":2028,"items_purged":[],"score":426,"play_id":"3fb3cb45-1e5e-4927-ab54-003aa51f59c5","local_time":"20210224161822","is_ascension_mode":true,"campfire_choices":[{"data":"Leg Sweep","floor":6.0,"key":"SMITH"},{"floor":13.0,"key":"REST"},{"floor":15.0,"key":"DIG"},{"floor":23.0,"key":"DIG"},{"data":"Choke","floor":27.0,"key":"SMITH"},{"floor":32.0,"key":"DIG"}],"circlet_count":0,"master_deck":["AscendersBane","Defend_G","Defend_G","Defend_G","Defend_G","Defend_G","Survivor","Neutralize","Leg Sweep+1","Doubt","Crippling Poison","Bullet Time","Dash","Choke+1","Unload","Blur","Bite","Bite","Bite","Bite","Bite","Underhanded Strike","Doubt","Eviscerate","Tactician"],"relics":["Snecko Eye","Question Card","InkBottle","Ninja Scroll","Shovel","Anchor","Cursed Key","Strawberry","Pen Nib","Bottled Lightning","Oddly Smooth Stone"],"acts_visited":["Exordium","TheCity"],"potions_floor_usage":[33,33,33],"damage_taken":[{"damage":1.0,"enemies":"Jaw Worm","floor":1.0,"turns":4.0},{"damage":3.0,"enemies":"2 Louse","floor":4.0,"turns":4.0},{"damage":10.0,"enemies":"Cultist","floor":7.0,"turns":5.0},{"damage":28.0,"enemies":"Lagavulin","floor":8.0,"turns":14.0},{"damage":4.0,"enemies":"Large Slime","floor":10.0,"turns":8.0},{"damage":10.0,"enemies":"Blue Slaver","floor":12.0,"turns":3.0},{"damage":18.0,"enemies":"Hexaghost","floor":16.0,"turns":11.0},{"damage":4.0,"enemies":"Shell Parasite","floor":18.0,"turns":5.0},{"damage":4.0,"enemies":"3 Byrds","floor":19.0,"turns":4.0},{"damage":9.0,"enemies":"Shelled Parasite and Fungi","floor":20.0,"turns":6.0},{"damage":14.0,"enemies":"Snake Plant","floor":25.0,"turns":6.0},{"damage":0.0,"enemies":"Snecko","floor":29.0,"turns":2.0},{"damage":17.0,"enemies":"Book of Stabbing","floor":30.0,"turns":6.0},{"damage":0.0,"enemies":"Chosen and Byrds","floor":31.0,"turns":4.0},{"damage":59,"enemies":"Collector","floor":33,"turns":10}],"seed_played":"6638929360213154801","potions_obtained":[{"floor":1.0,"key":"LiquidBronze"},{"floor":4.0,"key":"Ancient Potion"},{"floor":10.0,"key":"Fire Potion"},{"floor":12.0,"key":"LiquidBronze"},{"floor":18.0,"key":"AttackPotion"},{"floor":30.0,"key":"Weak Potion"}],"is_trial":false,"path_per_floor":["M","?","?","M","?","R","M","E","T","M","?","M","R","$","R","B",null,"M","M","M","?","?","R","?","M","T","R","$","M","E","M","R","B"],"character_chosen":"THE_SILENT","items_purchased":["Shovel","Eviscerate"],"campfire_rested":1,"item_purchase_floors":[14,28],"current_hp_per_floor":[62,62,62,59,59,59,49,21,21,17,17,7,28,28,28,10,55,51,47,38,38,38,45,45,45,45,45,45,51,40,46,46,0,0],"gold":333,"neow_bonus":"BOSS_RELIC","is_daily":false,"chose_seed":false,"campfire_upgraded":2,"win_rate":0.0,"timestamp":1614201502,"path_taken":["M","?","?","M","?","R","M","E","T","?","?","M","R","$","R","BOSS","M","M","M","?","?","R","?","?","T","R","$","M","E","M","R","BOSS"],"items_purchased_type":["Relic","Card"],"build_version":"2020-12-22","purchased_purges":0,"victory":false,"max_hp_per_floor":[70,70,70,70,70,70,70,70,70,70,70,70,70,70,70,70,70,70,70,70,70,70,77,53,53,53,53,53,53,53,53,53,53,53],"card_choices":[{"not_picked":["Quick Slash","Deadly Poison"],"picked":"Leg Sweep","floor":1.0},{"not_picked":["Deadly Poison","Well Laid Plans","Caltrops"],"picked":"Crippling Poison","floor":4.0},{"not_picked":["Deflect","Blade Dance","Slice"],"picked":"Bullet Time","floor":7.0},{"not_picked":["Caltrops","Outmaneuver","Terror"],"picked":"Dash","floor":8.0},{"not_picked":["Slice","Distraction","Dagger Throw","Poisoned Stab"],"picked":"SKIP","floor":10.0},{"not_picked":["Slice","Deadly Poison","Die Die Die"],"picked":"Choke","floor":12.0},{"not_picked":["Glass Knife","After Image","Burst"],"picked":"Unload","floor":16.0},{"not_picked":["Finisher+1","Flechettes","Deflect","Dagger Spray"],"picked":"SKIP","floor":18.0},{"not_picked":["Deadly Poison","Noxious Fumes","Expertise","Dodge and Roll"],"picked":"SKIP","floor":19.0},{"not_picked":["Quick Slash","Acrobatics","Backflip+1"],"picked":"Blur","floor":20.0},{"not_picked":["Dash","Backstab+1","PiercingWail"],"picked":"Underhanded Strike","floor":25.0},{"not_picked":["Escape Plan","Quick Slash+1","Deadly Poison+1","Dash"],"picked":"SKIP","floor":29.0},{"not_picked":["Dagger Throw","Adrenaline","Backflip","Heel Hook"],"picked":"SKIP","floor":30.0},{"not_picked":["Deadly Poison","Prepared","Infinite Blades"],"picked":"Tactician","floor":31.0}],"player_experience":25220,"relics_obtained":[{"floor":8.0,"key":"InkBottle"},{"floor":9.0,"key":"Ninja Scroll"},{"floor":15.0,"key":"Anchor"},{"floor":23.0,"key":"Strawberry"},{"floor":26.0,"key":"Pen Nib"},{"floor":30.0,"key":"Bottled Lightning"},{"floor":32.0,"key":"Oddly Smooth Stone"}],"event_choices":[{"damage_healed":0.0,"max_hp_gain":0.0,"max_hp_loss":0.0,"gold_gain":0.0,"event_name":"Big Fish","player_choice":"Box","floor":2.0,"gold_loss":0.0,"damage_taken":0.0,"relics_obtained":["Question Card"],"cards_obtained":["Regret"]},{"damage_healed":0.0,"max_hp_gain":0.0,"max_hp_loss":0.0,"gold_gain":175.0,"event_name":"Liars Game","player_choice":"AGREE","floor":3.0,"gold_loss":0.0,"damage_taken":0.0,"cards_obtained":["Doubt"]},{"damage_healed":0.0,"max_hp_gain":0.0,"max_hp_loss":0.0,"gold_gain":0.0,"event_name":"The Woman in Blue","player_choice":"Bought 0 Potions","floor":5.0,"gold_loss":0.0,"damage_taken":0.0},{"damage_healed":0.0,"max_hp_gain":0.0,"max_hp_loss":0.0,"gold_gain":0.0,"event_name":"Shining Light","player_choice":"Ignored","floor":11.0,"gold_loss":0.0,"damage_taken":0.0},{"damage_healed":0.0,"max_hp_gain":0.0,"max_hp_loss":0.0,"gold_gain":99.0,"event_name":"Nest","player_choice":"Stole From Cult","floor":21.0,"gold_loss":0.0,"damage_taken":0.0},{"cards_removed":["Regret"],"damage_healed":0.0,"max_hp_gain":0.0,"max_hp_loss":0.0,"gold_gain":0.0,"event_name":"Back to Basics","player_choice":"Elegance","floor":22.0,"gold_loss":0.0,"damage_taken":0.0},{"damage_healed":0.0,"max_hp_gain":0.0,"max_hp_loss":24.0,"gold_gain":0.0,"event_name":"Vampires","player_choice":"Became a vampire","floor":24.0,"gold_loss":0.0,"damage_taken":0.0,"cards_obtained":["Bite","Bite","Bite","Bite","Bite"]}],"is_beta":false,"boss_relics":[{"not_picked":["Coffee Dripper","Fusion Hammer"],"picked":"Cursed Key"}],"items_purged_floors":[],"is_endless":false,"potions_floor_spawned":[1,4,10,12,18,30,31],"killed_by":"Collector","ascension_level":10}}