{"host":"rsokn1b2nrspb1iw","time":1614152374,"event":{"mods":["BaseMod","Better Altar","Better Match","Better Note","Better Sensory Stone","Better Skull","Better Third Choice","Better Vampires","BetterRewards","Block Reminder","Colored Map","Colored Powertips","Curses Come First","Custom Start","GifTheSpireLib","Hermit","Minty Spire (QoL Compilation)","Quick Restart","Rare Cards Sparkle","Relic Stats","Spire Birthday Party","StSLib","Unceasing Turn Reminder"],"gold_per_floor":[112,112,128,49,64,89,89,89,89,89,89,132,132,146,146,269,269,293,309,309,309,4,42,66,66,66,101,101,101,114,148,160,297,309,345,59,122,122,138,138,161,161,161,161,175,175,24,24,24,24,24,24,24,63,63],"floor_reached":56,"language":"ENG","playtime":1809,"items_purged":[],"score":1234,"play_id":"ba2a38f3-ef94-4501-a422-fbd00bd119be","local_time":"20210224003934","is_ascension_mode":false,"campfire_choices":[{"data":"Storm","floor":10,"key":"SMITH"},{"floor":13,"key":"REST"},{"floor":15,"key":"REST"},{"data":"Static Discharge","floor":25,"key":"SMITH"},{"floor":32,"key":"RECALL"},{"floor":40,"key":"REST"},{"floor":42,"key":"REST"},{"floor":46,"key":"REST"},{"floor":49,"key":"REST"},{"floor":52,"key":"REST"}],"circlet_count":0,"master_deck":["Defend_B","Defend_B","Defend_B","Defend_B","Zap","Dualcast","Panacea","Static Discharge+1","Capacitor","Storm+1","Seek","CurseOfTheBell","Electrodynamics","Electrodynamics","Ball Lightning+1","Static Discharge","Bite","Bite","Bite","Bite","Loop","Capacitor+1","Defragment+1"],"relics":["Cracked Core","Anchor","Calipers","Golden Idol","Lizard Tail","Bottled Lightning","Calling Bell","Bag of Marbles","Bird Faced Urn","Kunai","DollysMirror","Tiny Chest","Peace Pipe","MawBank","Fusion Hammer","TungstenRod","Prayer Wheel","Frozen Egg 2","Mummified Hand","Oddly Smooth Stone"],"acts_visited":["Exordium","TheCity","TheBeyond","TheEnding"],"potions_floor_usage":[31,55,55],"damage_taken":[{"damage":1,"enemies":"2 Louse","floor":1,"turns":3},{"damage":0,"enemies":"Jaw Worm","floor":3,"turns":3},{"damage":0,"enemies":"Small Slimes","floor":5,"turns":4},{"damage":16,"enemies":"Lagavulin","floor":6,"turns":5},{"damage":35,"enemies":"Gremlin Nob","floor":12,"turns":5},{"damage":10,"enemies":"Looter","floor":14,"turns":3},{"damage":46,"enemies":"Hexaghost","floor":16,"turns":9},{"damage":20,"enemies":"Spheric Guardian","floor":18,"turns":4},{"damage":9,"enemies":"Chosen","floor":19,"turns":5},{"damage":0,"enemies":"Gremlin Leader","floor":23,"turns":6},{"damage":27,"enemies":"Snake Plant","floor":24,"turns":4},{"damage":41,"enemies":"Slavers","floor":27,"turns":2},{"damage":12,"enemies":"Centurion and Healer","floor":30,"turns":5},{"damage":15,"enemies":"Gremlin Leader","floor":31,"turns":6},{"damage":70,"enemies":"Automaton","floor":33,"turns":8},{"damage":20,"enemies":"3 Darklings","floor":35,"turns":2},{"damage":0,"enemies":"Mind Bloom Boss Battle","floor":37,"turns":4},{"damage":7,"enemies":"Orb Walker","floor":39,"turns":3},{"damage":34,"enemies":"Writhing Mass","floor":41,"turns":4},{"damage":25,"enemies":"Spire Growth","floor":45,"turns":4},{"damage":95,"enemies":"Time Eater","floor":50,"turns":8},{"damage":65,"enemies":"Shield and Spear","floor":54,"turns":4},{"damage":91,"enemies":"The Heart","floor":55,"turns":5}],"seed_played":"4486673312918389478","potions_obtained":[{"floor":5,"key":"EssenceOfSteel"},{"floor":6,"key":"Block Potion"},{"floor":12,"key":"Ancient Potion"},{"floor":14,"key":"Block Potion"},{"floor":16,"key":"DuplicationPotion"},{"floor":27,"key":"FocusPotion"},{"floor":39,"key":"LiquidMemories"}],"is_trial":false,"path_per_floor":["M","?","M","$","M","E","?","?","T","R","?","E","R","M","R","B",null,"M","M","$","?","$","E","M","R","T","E","?","?","M","E","R","B",null,"M","$","?","T","M","R","M","R","T","?","M","R","$","?","R","B",null,"R","$","E","B",null],"character_chosen":"DEFECT","items_purchased":["Capacitor","DollysMirror","Tiny Chest","TungstenRod","FairyPotion","FocusPotion"],"campfire_rested":7,"item_purchase_floors":[4,22,22,36,47,47],"current_hp_per_floor":[74,74,74,74,74,58,58,63,63,63,63,28,52,42,66,20,80,60,57,57,57,57,67,50,50,50,17,17,43,49,56,56,16,80,61,61,80,80,77,80,58,80,80,80,63,80,80,80,80,17,80,80,80,33,9],"gold":63,"neow_bonus":"RANDOM_COMMON_RELIC","is_daily":false,"chose_seed":false,"campfire_upgraded":2,"win_rate":0.0,"timestamp":1614152374,"path_taken":["M","?","M","$","M","E","?","?","T","R","?","E","R","M","R","BOSS","M","M","$","?","$","E","M","R","T","E","?","?","M","E","R","BOSS","M","$","?","?","M","R","M","R","T","?","M","R","$","?","R","BOSS","R","$","E","BOSS"],"items_purchased_type":["Card","Relic","Relic","Relic","Potion","Potion"],"build_version":"2020-12-22","purchased_purges":0,"victory":true,"max_hp_per_floor":[75,75,75,75,75,75,75,80,80,80,80,80,80,80,80,80,80,80,80,80,80,80,80,80,80,80,80,80,80,80,80,80,80,80,80,80,80,80,80,80,80,80,80,80,80,80,80,80,80,80,80,80,80,80,80],"relic_stats":{"Peace Pipe":1,"Lizard Tail":0,"counters":[23,106],"Golden Idol":188,"Mummified Hand":[30],"Bird Faced Urn":[141],"Tiny Chest":1,"Prayer Wheel":3,"Kunai":[6],"MawBank":60,"obtain_stats":[{"Calipers":6,"Golden Idol":7,"Oddly Smooth Stone":54,"Frozen Egg 2":38,"MawBank":31,"Calling Bell":17,"Blood Vial":23,"Peace Pipe":27,"Anchor":0,"Lizard Tail":9,"DollysMirror":22,"Mummified Hand":43,"Bird Faced Urn":17,"Tiny Chest":22,"Prayer Wheel":37,"Fusion Hammer":34,"Bag of Marbles":17,"Bottled Lightning":12,"Kunai":17,"Cracked Core":0,"TungstenRod":36},{"Calipers":4,"Golden Idol":4,"Oddly Smooth Stone":22,"Frozen Egg 2":17,"MawBank":14,"Calling Bell":7,"Blood Vial":10,"Peace Pipe":12,"Anchor":0,"Lizard Tail":4,"DollysMirror":9,"Mummified Hand":19,"Bird Faced Urn":7,"Tiny Chest":9,"Prayer Wheel":17,"Fusion Hammer":15,"Bag of Marbles":7,"Bottled Lightning":5,"Kunai":7,"Cracked Core":0,"TungstenRod":16},{"Calipers":15,"Golden Idol":15,"Oddly Smooth Stone":101,"Frozen Egg 2":78,"MawBank":64,"Calling Bell":32,"Blood Vial":47,"Peace Pipe":53,"Anchor":0,"Lizard Tail":15,"DollysMirror":41,"Mummified Hand":85,"Bird Faced Urn":32,"Tiny Chest":41,"Prayer Wheel":78,"Fusion Hammer":72,"Bag of Marbles":32,"Bottled Lightning":20,"Kunai":32,"Cracked Core":0,"TungstenRod":74}],"TungstenRod":53},"card_choices":[{"not_picked":["Steam","Turbo","Cold Snap"],"picked":"SKIP","floor":1},{"not_picked":["Purity","Mind Blast"],"picked":"Panacea","floor":2},{"not_picked":["Fusion","Storm"],"picked":"Static Discharge","floor":3},{"not_picked":["Ball Lightning","BootSequence"],"picked":"Storm","floor":5},{"not_picked":["Amplify","Go for the Eyes","Leap"],"picked":"SKIP","floor":6},{"not_picked":["Compile Driver","Hologram","Cold Snap"],"picked":"SKIP","floor":12},{"not_picked":["Sweeping Beam","Rip and Tear","Leap"],"picked":"SKIP","floor":14},{"not_picked":["Echo Form","Buffer"],"picked":"Seek","floor":16},{"not_picked":["Steam","Conserve Battery","Turbo+1"],"picked":"SKIP","floor":18},{"not_picked":["Melter","Gash","Recycle"],"picked":"SKIP","floor":19},{"not_picked":["Amplify","Hello World"],"picked":"Ball Lightning+1","floor":23},{"not_picked":["Steam","Barrage","Stack"],"picked":"SKIP","floor":24},{"not_picked":["Chill","Rainbow"],"picked":"Static Discharge","floor":27},{"not_picked":["Redo","Hologram","Go for the Eyes"],"picked":"SKIP","floor":30},{"not_picked":["Turbo+1","Ball Lightning"],"picked":"Loop","floor":31},{"not_picked":["Steam+1","Stack","Hologram"],"picked":"SKIP","floor":35},{"not_picked":["Leap","Barrage+1"],"picked":"Capacitor+1","floor":37},{"not_picked":["Rip and Tear+1","Redo"],"picked":"Defragment+1","floor":39},{"not_picked":["Streamline+1","Heatsinks+1","Beam Cell"],"picked":"SKIP","floor":39},{"not_picked":["Hologram+1","Rebound+1","Leap+1"],"picked":"SKIP","floor":41},{"not_picked":["Steam+1","Rip and Tear","Beam Cell+1"],"picked":"SKIP","floor":41},{"not_picked":["Blizzard+1","Multi-Cast","Melter+1"],"picked":"SKIP","floor":45},{"not_picked":["Genetic Algorithm","Gash","Compile Driver"],"picked":"SKIP","floor":45},{"not_picked":["Coolheaded+1","Sunder","Leap"],"picked":"SKIP","floor":54}],"player_experience":197761,"relics_obtained":[{"floor":6,"key":"Calipers"},{"floor":9,"key":"Lizard Tail"},{"floor":12,"key":"Bottled Lightning"},{"floor":17,"key":"Bag of Marbles"},{"floor":17,"key":"Bird Faced Urn"},{"floor":17,"key":"Kunai"},{"floor":23,"key":"Blood Vial"},{"floor":27,"key":"Peace Pipe"},{"floor":31,"key":"MawBank"},{"floor":37,"key":"Prayer Wheel"},{"floor":38,"key":"Frozen Egg 2"},{"floor":43,"key":"Mummified Hand"},{"floor":54,"key":"Oddly Smooth Stone"}],"event_choices":[{"damage_healed":0,"gold_gain":1,"player_choice":"1","damage_taken":0,"max_hp_gain":0,"max_hp_loss":0,"event_name":"betterStone:BetterStone","floor":2,"gold_loss":0},{"damage_healed":0,"gold_gain":0,"player_choice":"Take Wound","damage_taken":0,"relics_obtained":["Golden Idol"],"max_hp_gain":0,"max_hp_loss":0,"event_name":"Golden Idol","floor":7,"gold_loss":0,"cards_obtained":["Injury"]},{"damage_healed":0,"gold_gain":0,"player_choice":"Donut","damage_taken":0,"max_hp_gain":5,"max_hp_loss":0,"event_name":"Big Fish","floor":8,"gold_loss":0},{"cards_removed":["Injury"],"damage_healed":0,"gold_gain":0,"player_choice":"Purged","damage_taken":0,"max_hp_gain":0,"max_hp_loss":0,"event_name":"Purifier","floor":11,"gold_loss":0},{"cards_removed":["Static Discharge"],"damage_healed":0,"gold_gain":0,"player_choice":"Take \u0026 Give","damage_taken":0,"max_hp_gain":0,"max_hp_loss":0,"event_name":"betterNote:BetterNote","floor":21,"gold_loss":0,"cards_obtained":["Electrodynamics"]},{"damage_healed":0,"gold_gain":0,"player_choice":"Became a vampire (Vial)","damage_taken":0,"max_hp_gain":0,"max_hp_loss":0,"event_name":"Vampires","floor":28,"relics_lost":["Blood Vial"],"gold_loss":0,"cards_obtained":["Bite","Bite","Bite","Bite"]},{"damage_healed":26,"gold_gain":0,"player_choice":"Heal","damage_taken":0,"max_hp_gain":0,"max_hp_loss":0,"event_name":"The Library","floor":29,"gold_loss":0},{"damage_healed":0,"gold_gain":0,"player_choice":"Fight","damage_taken":0,"max_hp_gain":0,"max_hp_loss":0,"event_name":"MindBloom","floor":37,"gold_loss":0},{"damage_healed":0,"gold_gain":0,"player_choice":"Ignored","damage_taken":0,"max_hp_gain":0,"max_hp_loss":0,"event_name":"Tomb of Lord Red Mask","floor":44,"gold_loss":0},{"damage_healed":0,"gold_gain":0,"player_choice":"Ignored","damage_taken":0,"max_hp_gain":0,"max_hp_loss":0,"event_name":"Mysterious Sphere","floor":48,"gold_loss":0}],"is_beta":false,"boss_relics":[{"not_picked":["Sozu","SacredBark"],"picked":"Calling Bell"},{"not_picked":["Snecko Eye","Astrolabe"],"picked":"Fusion Hammer"}],"items_purged_floors":[],"is_endless":false,"potions_floor_spawned":[5,6,12,14,16,18,24,27,39],"ascension_level":0}}