{"host":"Sean","time":1614177186,"event":{"mods":["BaseMod","Block Reminder","Colored Map","Colored Powertips","Highlight Path","Minty Spire (QoL Compilation)","Permanent Neow","Relic Stats"],"gold_per_floor":[113,113,124,134,146,146,175,175,175,175,191,191,191,220,220,320,320,336,350,31,106,116,170,186,186,186,219,219,17,17,32,32,136,136,154,188,199,235,270,297,297,297,297,327,327,358,368,368,368,368,368],"floor_reached":50,"language":"ENG","playtime":3035,"items_purged":[],"score":971,"play_id":"a738927f-9446-4db6-ad25-d103078543c9","local_time":"20210224143306","is_ascension_mode":true,"campfire_choices":[{"data":"Predator","floor":6.0,"key":"SMITH"},{"data":"All Out Attack","floor":8.0,"key":"SMITH"},{"data":"Flying Knee","floor":12.0,"key":"SMITH"},{"floor":15.0,"key":"REST"},{"floor":25,"key":"REST"},{"data":"Malaise","floor":32,"key":"SMITH"},{"floor":41,"key":"REST"},{"data":"A Thousand Cuts","floor":45,"key":"SMITH"},{"floor":49,"key":"RECALL"}],"circlet_count":0,"master_deck":["AscendersBane","Strike_G+1","Strike_G+1","Strike_G+1","Strike_G+1","Defend_G+1","Defend_G+1","Defend_G+1","Defend_G+1","Defend_G+1","Survivor+1","Neutralize+1","Flying Knee+1","Predator+1","Blade Dance+1","Die Die Die+1","All Out Attack+1","PiercingWail+1","Calculated Gamble+1","Malaise+1","Eviscerate+1","Underhanded Strike+1","HandOfGreed+1","Flechettes+1","Backflip+1","PiercingWail+1","A Thousand Cuts+1","Reflex+1","Backflip+1","PiercingWail+1","Terror+1","Choke+1","Writhe","Leg Sweep+1"],"relics":["Ring of the Serpent","Bronze Scales","Matryoshka","Juzu Bracelet","Bottled Flame","PreservedInsect","Boot","Snecko Eye","Orichalcum","The Courier","Eternal Feather","Paper Crane","InkBottle","StrikeDummy","FossilizedHelix","Vajra","Gambling Chip","Mark of the Bloom"],"acts_visited":["Exordium","TheCity","TheBeyond"],"potions_floor_usage":[23,33,40,44,50],"damage_taken":[{"damage":0.0,"enemies":"2 Louse","floor":1.0,"turns":3.0},{"damage":1.0,"enemies":"Small Slimes","floor":3.0,"turns":4.0},{"damage":0.0,"enemies":"Cultist","floor":4.0,"turns":3.0},{"damage":0.0,"enemies":"2 Fungi Beasts","floor":5.0,"turns":3.0},{"damage":22.0,"enemies":"3 Sentries","floor":7.0,"turns":6.0},{"damage":0.0,"enemies":"Lots of Slimes","floor":11.0,"turns":1.0},{"damage":0.0,"enemies":"Gremlin Nob","floor":14.0,"turns":2.0},{"damage":11.0,"enemies":"Hexaghost","floor":16.0,"turns":9.0},{"damage":17.0,"enemies":"Spheric Guardian","floor":18.0,"turns":4.0},{"damage":0.0,"enemies":"3 Byrds","floor":19.0,"turns":3.0},{"damage":5,"enemies":"Cultist and Chosen","floor":22,"turns":5},{"damage":13,"enemies":"Slavers","floor":23,"turns":4},{"damage":9,"enemies":"Shelled Parasite and Fungi","floor":24,"turns":4},{"damage":7,"enemies":"Book of Stabbing","floor":27,"turns":5},{"damage":0,"enemies":"Centurion and Healer","floor":31,"turns":4},{"damage":36,"enemies":"Collector","floor":33,"turns":11},{"damage":2,"enemies":"3 Darklings","floor":35,"turns":5},{"damage":5,"enemies":"3 Shapes","floor":36,"turns":6},{"damage":0,"enemies":"Transient","floor":37,"turns":5},{"damage":13,"enemies":"3 Darklings","floor":38,"turns":3},{"damage":11,"enemies":"4 Shapes","floor":39,"turns":9},{"damage":22,"enemies":"Giant Head","floor":40,"turns":6},{"damage":12,"enemies":"Reptomancer","floor":44,"turns":5},{"damage":33,"enemies":"Giant Head","floor":46,"turns":6},{"damage":0,"enemies":"Spire Growth","floor":47,"turns":4},{"damage":38,"enemies":"Awakened One","floor":50,"turns":11}],"seed_played":"-1413795836668472697","potions_obtained":[{"floor":7.0,"key":"LiquidMemories"},{"floor":11.0,"key":"Poison Potion"},{"floor":16.0,"key":"Regen Potion"},{"floor":23,"key":"EssenceOfSteel"},{"floor":24,"key":"SteroidPotion"},{"floor":33,"key":"EssenceOfSteel"},{"floor":37,"key":"CultistPotion"},{"floor":40,"key":"CunningPotion"},{"floor":46,"key":"SkillPotion"},{"floor":47,"key":"Ancient Potion"}],"is_trial":false,"path_per_floor":["M","?","M","M","M","R","E","R","T","?","M","R","?","E","R","B",null,"M","M","$","?","M","E","M","R","T","E","?","$","?","M","R","B",null,"M","M","M","M","M","E","R","?","T","E","R","E","M","?","R","B"],"character_chosen":"THE_SILENT","items_purchased":["HandOfGreed","Orichalcum","StrikeDummy"],"campfire_rested":3,"item_purchase_floors":[20,20,29],"current_hp_per_floor":[63,49,48,48,48,48,26,26,26,26,26,26,8,8,29,18,57,40,40,40,33,28,27,18,39,39,32,32,32,25,25,40,4,54,52,47,47,34,23,1,40,58,58,46,64,31,31,31,31,0,0],"gold":368,"neow_bonus":"RANDOM_COMMON_RELIC","is_daily":false,"chose_seed":false,"campfire_upgraded":5,"win_rate":0.0,"timestamp":1614177186,"path_taken":["M","?","M","M","M","R","E","R","T","?","M","R","?","E","R","BOSS","M","M","$","?","M","E","M","R","T","E","?","$","?","M","R","BOSS","M","M","M","M","M","E","R","?","T","E","R","E","M","?","R","BOSS"],"items_purchased_type":["Card","Relic","Relic"],"build_version":"2020-12-18","purchased_purges":0,"victory":false,"max_hp_per_floor":[70,70,70,70,70,70,70,70,70,70,70,70,70,70,70,70,70,70,70,70,70,70,70,70,70,70,70,70,70,70,70,70,70,70,70,70,70,70,70,70,70,70,70,70,70,70,70,70,70,70,70],"relic_stats":{"Mark of the Bloom":18,"counters":[26,131],"Bronze Scales":[422],"Gambling Chip":[10],"Snecko Eye":[204,235,242,218],"Eternal Feather":51,"PreservedInsect":427,"Juzu Bracelet":2,"Orichalcum":[276],"Boot":[63],"obtain_stats":[{"Mark of the Bloom":48,"Vajra":44,"Eternal Feather":26,"PreservedInsect":13,"The Courier":23,"Juzu Bracelet":9,"Orichalcum":20,"Paper Crane":26,"Boot":14,"Bottled Flame":9,"Matryoshka":7,"Bronze Scales":0,"Gambling Chip":46,"Snecko Eye":17,"StrikeDummy":29,"InkBottle":27,"Ring of the Serpent":34,"FossilizedHelix":40,"Ring of the Snake":0},{"Mark of the Bloom":25,"Vajra":23,"Eternal Feather":13,"PreservedInsect":6,"The Courier":12,"Juzu Bracelet":5,"Orichalcum":10,"Paper Crane":13,"Boot":7,"Bottled Flame":5,"Matryoshka":5,"Bronze Scales":0,"Gambling Chip":24,"Snecko Eye":8,"StrikeDummy":14,"InkBottle":14,"Ring of the Serpent":16,"FossilizedHelix":22,"Ring of the Snake":0},{"Mark of the Bloom":120,"Vajra":110,"Eternal Feather":51,"PreservedInsect":20,"The Courier":47,"Juzu Bracelet":19,"Orichalcum":38,"Paper Crane":51,"Boot":22,"Bottled Flame":19,"Matryoshka":19,"Bronze Scales":0,"Gambling Chip":116,"Snecko Eye":31,"StrikeDummy":56,"InkBottle":56,"Ring of the Serpent":71,"FossilizedHelix":105,"Ring of the Snake":0}],"InkBottle":[29]},"card_choices":[{"not_picked":["Backflip","Leg Sweep"],"picked":"Flying Knee","floor":1.0},{"not_picked":["Underhanded Strike","Deadly Poison"],"picked":"Predator","floor":3.0},{"not_picked":["Prepared","Dagger Throw"],"picked":"Blade Dance","floor":4.0},{"not_picked":["Catalyst","Crippling Poison"],"picked":"Die Die Die","floor":5.0},{"not_picked":["Deflect","Predator"],"picked":"All Out Attack","floor":7.0},{"not_picked":["Deadly Poison","Heel Hook"],"picked":"PiercingWail","floor":11.0},{"not_picked":["Flechettes","Eviscerate"],"picked":"Calculated Gamble","floor":14.0},{"not_picked":["Doppelganger","Storm of Steel"],"picked":"Malaise","floor":16.0},{"not_picked":["Sucker Punch","Reflex"],"picked":"Eviscerate","floor":18.0},{"not_picked":["Sucker Punch+1","Flying Knee"],"picked":"Underhanded Strike","floor":19.0},{"not_picked":["Backstab","Blade Dance"],"picked":"Flechettes+1","floor":22},{"not_picked":["Prepared","Poisoned Stab+1"],"picked":"Backflip","floor":23},{"not_picked":["Setup+1","Flechettes"],"picked":"PiercingWail","floor":24},{"not_picked":["Deadly Poison+1","Flying Knee","Backstab"],"picked":"SKIP","floor":27},{"not_picked":["Cloak And Dagger","All Out Attack","Heel Hook"],"picked":"SKIP","floor":31},{"not_picked":["Storm of Steel","Night Terror"],"picked":"A Thousand Cuts","floor":33},{"not_picked":["Sucker Punch","Dodge and Roll","Bane"],"picked":"SKIP","floor":35},{"not_picked":["Burst","PiercingWail"],"picked":"Reflex+1","floor":36},{"not_picked":["Flying Knee","Riddle With Holes"],"picked":"Backflip+1","floor":37},{"not_picked":["Outmaneuver","Predator"],"picked":"PiercingWail+1","floor":38},{"not_picked":["Heel Hook+1","Dagger Throw+1"],"picked":"Terror","floor":39},{"not_picked":["Terror+1","Noxious Fumes"],"picked":"Choke","floor":40},{"not_picked":["Bullet Time","Escape Plan+1"],"picked":"Leg Sweep+1","floor":44},{"not_picked":["Backflip","Quick Slash","Deflect"],"picked":"SKIP","floor":46},{"not_picked":["Blade Dance","Flying Knee","Dagger Throw"],"picked":"SKIP","floor":47}],"player_experience":603050,"relics_obtained":[{"floor":7.0,"key":"Matryoshka"},{"floor":9.0,"key":"Juzu Bracelet"},{"floor":9.0,"key":"Bottled Flame"},{"floor":14.0,"key":"Boot"},{"floor":23,"key":"The Courier"},{"floor":26,"key":"Eternal Feather"},{"floor":26,"key":"Paper Crane"},{"floor":27,"key":"InkBottle"},{"floor":40,"key":"FossilizedHelix"},{"floor":44,"key":"Vajra"},{"floor":46,"key":"Gambling Chip"}],"event_choices":[{"damage_healed":0.0,"max_hp_gain":0.0,"max_hp_loss":0.0,"gold_gain":0.0,"event_name":"Shining Light","player_choice":"Entered Light","floor":2.0,"gold_loss":0.0,"damage_taken":14.0,"cards_upgraded":["Defend_G","Neutralize"]},{"cards_removed":["Strike_G"],"damage_healed":0.0,"max_hp_gain":0.0,"max_hp_loss":0.0,"gold_gain":0.0,"event_name":"Wheel of Change","player_choice":"Card Removal","floor":10.0,"gold_loss":0.0,"damage_taken":0.0},{"damage_healed":0.0,"max_hp_gain":0.0,"max_hp_loss":0.0,"gold_gain":0.0,"event_name":"Scrap Ooze","player_choice":"Success","floor":13.0,"gold_loss":0.0,"damage_taken":18.0,"relics_obtained":["PreservedInsect"]},{"damage_healed":0,"gold_gain":75,"player_choice":"Touch","damage_taken":7,"max_hp_gain":0,"max_hp_loss":0,"event_name":"FaceTrader","floor":21,"gold_loss":0},{"damage_healed":0,"gold_gain":0,"player_choice":"Simplicity","damage_taken":0,"max_hp_gain":0,"max_hp_loss":0,"event_name":"Back to Basics","floor":28,"gold_loss":0,"cards_upgraded":["Strike_G","Strike_G","Strike_G","Strike_G","Defend_G","Defend_G","Defend_G","Defend_G"]},{"damage_healed":0,"gold_gain":0,"player_choice":"Damaged","damage_taken":7,"max_hp_gain":0,"max_hp_loss":0,"event_name":"Wheel of Change","floor":30,"gold_loss":0},{"damage_healed":18,"gold_gain":0,"player_choice":"Writhe","damage_taken":0,"max_hp_gain":0,"max_hp_loss":0,"event_name":"Winding Halls","floor":42,"gold_loss":0,"cards_obtained":["Writhe"]},{"damage_healed":0,"gold_gain":0,"player_choice":"Upgrade","damage_taken":0,"relics_obtained":["Mark of the Bloom"],"max_hp_gain":0,"max_hp_loss":0,"event_name":"MindBloom","floor":48,"gold_loss":0,"cards_upgraded":["Survivor","Blade Dance","Die Die Die","PiercingWail","Calculated Gamble","Eviscerate","Underhanded Strike","HandOfGreed","Backflip","PiercingWail","Terror","Choke"]}],"is_beta":true,"boss_relics":[{"not_picked":["Fusion Hammer","Runic Dome"],"picked":"Snecko Eye"},{"not_picked":["SacredBark","Philosopher\u0027s Stone"],"picked":"Ring of the Serpent"}],"items_purged_floors":[],"is_endless":false,"potions_floor_spawned":[7,11,16,23,24,33,35,37,38,40,46,47],"killed_by":"Awakened One","ascension_level":12}}