{"host":"8kqih82z00stt9q9","time":1614183414,"event":{"mods":["BaseMod","Bestiary","Hermit","Marisa（F雨　魔理沙）","Minty Spire (QoL Compilation)","Reliquary","Replay The Spire","Robot Space Explorer","SOS（斯巴达之子）","StSLib","The Bug Knight","The Cursed","The Hierophant","【功能Mod】聪明的最终Boss","【遗物卡牌】REMEMod"],"gold_per_floor":[113,132,146,162,179,179,210,210,210,226,258,258,307,319,319,416,466,478,478,492,3,19,19,44,44,118,131,151,151,170,181,181,282,282,295,343,356,373,422,454,464,489,489,522,572,572,72,84,84,84,84,84,32,67,67],"floor_reached":56,"language":"ZHS","playtime":4485,"items_purged":[],"score":1598,"play_id":"aa66750e-27ef-48a7-aea7-4bbfd320fe9a","local_time":"20210225001654","is_ascension_mode":false,"campfire_choices":[{"data":"TheCursedMod:CleanUpWorkshop","floor":6.0,"key":"SMITH"},{"data":"TheCursedMod:DemonicPact","floor":8.0,"key":"SMITH"},{"floor":15.0,"key":"REST"},{"floor":23.0,"key":"RECALL"},{"data":"TheCursedMod:HellfireBreathing","floor":29.0,"key":"SMITH"},{"data":"TheCursedMod:FleshFromBone","floor":32.0,"key":"SMITH"},{"data":"TheCursedMod:CircleOfFocus","floor":46.0,"key":"SMITH"},{"floor":49.0,"key":"DIG"},{"data":"TheCursedMod:Evocation","floor":52.0,"key":"SMITH"}],"circlet_count":0,"master_deck":["TheCursedMod:Strike_TheCursed","TheCursedMod:Strike_TheCursed","TheCursedMod:Strike_TheCursed","TheCursedMod:Strike_TheCursed","TheCursedMod:Defend_TheCursed","TheCursedMod:Defend_TheCursed","TheCursedMod:Defend_TheCursed","TheCursedMod:Defend_TheCursed","TheCursedMod:CursedWand","TheCursedMod:CleanUpWorkshop+1","TheCursedMod:Dregs","TheCursedMod:CursedShiv","TheCursedMod:SurpriseAttack","TheCursedMod:CursedStaff","TheCursedMod:SurpriseAttack","TheCursedMod:TroublousMinions","TheCursedMod:DemonicPact+1","hermit:FatalDesire","TheCursedMod:FuryStrike","TheCursedMod:RapidMovement","TheCursedMod:RapidMovement","TheCursedMod:ManaBullet+1","TheCursedMod:CircleOfAbyss+1","TheCursedMod:ManaBullet","TheCursedMod:SurpriseAttack","TheCursedMod:HellfireBreathing+1","TheCursedMod:SurpriseAttack+1","TheCursedMod:HellfireBreathing+1","REME_Flogging+1","TheCursedMod:SpitefulPray+1","TheCursedMod:CircleOfFocus+1","TheCursedMod:Stretching+1","TheCursedMod:CollectTribute+1","TheCursedMod:ManaBullet","TheCursedMod:FleshFromBone+1","TheCursedMod:TroublousMinions","TheCursedMod:CollectTribute+1","TheCursedMod:AshesToAshes+1","TheCursedMod:Evocation+1","TheCursedMod:CursedBoomerang+1","TheCursedMod:SoulCrush","TheCursedMod:CircleOfCorruption","TheCursedMod:LuckyCharm+1","TheCursedMod:RapidMovement+1","TheCursedMod:SpitefulStrike+1","TheCursedMod:SmokeScreen","TheCursedMod:SurpriseAttack","TheCursedMod:FleshFromBone+1","TheCursedMod:AshesToAshes+1","TheCursedMod:AshesToAshes+1","TheCursedMod:RapidMovement"],"relics":["TheCursedMod:BlackMagic101","REME_ComplimentaryCards","reliquary:Spinner","reliquary:IridiumChain","Replay:Towering Pillar of Hats","Golden Egg","Tiny House","reliquary:CitrusReamer","Onion Ring","Sundial","Runic Pyramid","Lizard Tail","CatCart","TheCursedMod:DemonicMark","Strawberry","HollowMod:PaleOreRelic","Bottled Lightning","Unceasing Top","Ornamental Fan","Vajra","Durian","Replay:Multitool"],"acts_visited":["Exordium","TheCity","TheBeyond","TheEnding"],"potions_floor_usage":[55,55,55],"damage_taken":[{"damage":0.0,"enemies":"Cultist","floor":1.0,"turns":4.0},{"damage":0.0,"enemies":"Small Slimes","floor":2.0,"turns":4.0},{"damage":0.0,"enemies":"2 Louse","floor":3.0,"turns":3.0},{"damage":3.0,"enemies":"Exordium Wildlife","floor":4.0,"turns":3.0},{"damage":5.0,"enemies":"3 Louse","floor":5.0,"turns":2.0},{"damage":13.0,"enemies":"3 Sentries","floor":7.0,"turns":8.0},{"damage":0.0,"enemies":"Blue Slaver","floor":10.0,"turns":2.0},{"damage":7.0,"enemies":"Replay:BlueRogue","floor":11.0,"turns":4.0},{"damage":0.0,"enemies":"Exordium Wildlife","floor":14.0,"turns":3.0},{"damage":6.0,"enemies":"Fading Forest","floor":16.0,"turns":11.0},{"damage":0.0,"enemies":"Chosen","floor":18.0,"turns":4.0},{"damage":1.0,"enemies":"Spheric Guardian","floor":20.0,"turns":5.0},{"damage":0.0,"enemies":"Cultist and Chosen","floor":22.0,"turns":3.0},{"damage":14.0,"enemies":"REME_1_Revenger","floor":24.0,"turns":3.0},{"damage":0.0,"enemies":"Snecko","floor":27.0,"turns":6.0},{"damage":0.0,"enemies":"Centurion and Healer","floor":28.0,"turns":2.0},{"damage":0.0,"enemies":"Shelled Parasite and Fungi","floor":30.0,"turns":3.0},{"damage":0.0,"enemies":"Cultist and Chosen","floor":31.0,"turns":2.0},{"damage":0.0,"enemies":"Pondfish","floor":33.0,"turns":4.0},{"damage":12.0,"enemies":"3 Darklings","floor":35.0,"turns":3.0},{"damage":0.0,"enemies":"2 Orb Walkers","floor":36.0,"turns":2.0},{"damage":0.0,"enemies":"3 Shapes","floor":37.0,"turns":2.0},{"damage":0.0,"enemies":"Jaw Worm Horde","floor":38.0,"turns":4.0},{"damage":59.0,"enemies":"Orin","floor":39.0,"turns":7.0},{"damage":14.0,"enemies":"HollowMod:StalkingDevout","floor":40.0,"turns":4.0},{"damage":0.0,"enemies":"Sphere and 2 Shapes","floor":41.0,"turns":2.0},{"damage":0.0,"enemies":"Giant Head","floor":42.0,"turns":4.0},{"damage":0.0,"enemies":"Nemesis","floor":44.0,"turns":3.0},{"damage":0.0,"enemies":"Mind Bloom Boss Battle","floor":45.0,"turns":2.0},{"damage":0.0,"enemies":"Spire Growth","floor":48.0,"turns":3.0},{"damage":0.0,"enemies":"Awakened One","floor":50.0,"turns":4.0},{"damage":4,"enemies":"Shield and Spear","floor":54,"turns":3},{"damage":0,"enemies":"The Heart","floor":55,"turns":5}],"seed_played":"-7728989058424621562","potions_obtained":[{"floor":2.0,"key":"Swift Potion"},{"floor":4.0,"key":"Swift Potion"},{"floor":5.0,"key":"Milkshake"},{"floor":11.0,"key":"SpeedPotion"},{"floor":13.0,"key":"Cursed Concoction"},{"floor":17.0,"key":"Milkshake"},{"floor":18.0,"key":"REME_GoldPotion"},{"floor":24.0,"key":"Weak Potion"},{"floor":27.0,"key":"Block Potion"},{"floor":28.0,"key":"Ancient Potion"},{"floor":30.0,"key":"FearPotion"},{"floor":38.0,"key":"LiquidBronze"},{"floor":41.0,"key":"SpeedPotion"},{"floor":42.0,"key":"SpeedPotion"},{"floor":48.0,"key":"Doom Potion"},{"floor":54,"key":"BlessingOfTheForge"}],"is_trial":false,"path_per_floor":["M","M","M","M","M","R","E","R","T","M","E","T","?","M","R","B",null,"M","?","M","$","M","R","E","?","T","M","M","R","M","M","R","B",null,"M","?","M","M","?","E","M","E","T","E","?","R","$","M","R","B",null,"R","$","E","B",null],"character_chosen":"THE_CURSED","items_purchased":["reliquary:CitrusReamer","TheCursedMod:HellfireBreathing","REME_Flogging","TheCursedMod:SpitefulPray","Ornamental Fan","Vajra","Strength Potion","ColorlessPotion","TheCursedMod:AshesToAshes"],"campfire_rested":1,"item_purchase_floors":[21,21,21,21,47,47,47,47,53],"current_hp_per_floor":[82,82,82,79,74,74,61,61,61,61,54,54,34,34,58,62,87,87,87,86,86,86,86,72,64,64,64,64,64,64,64,64,64,87,75,75,75,75,16,2,2,9,9,9,9,9,9,9,14,14,99,99,99,95,95],"gold":67,"neow_bonus":"TEN_PERCENT_HP_BONUS","is_daily":false,"chose_seed":false,"campfire_upgraded":6,"win_rate":0.0,"timestamp":1614183414,"path_taken":["M","M","M","M","M","R","E","R","T","M","E","?","?","M","R","BOSS","M","?","M","$","M","R","E","?","T","M","M","R","M","?","R","BOSS","M","?","M","M","?","E","M","E","T","E","?","R","?","M","R","BOSS","R","$","E","BOSS"],"items_purchased_type":["Relic","Card","Card","Card","Relic","Relic","Potion","Potion","Card"],"build_version":"2020-12-22","purchased_purges":0,"victory":true,"max_hp_per_floor":[82,82,82,82,82,82,82,82,82,82,82,82,82,82,82,82,87,87,87,87,87,87,87,87,87,87,87,87,87,87,87,87,87,87,87,87,87,87,87,87,87,94,94,94,94,94,94,94,99,99,99,99,99,99,99],"card_choices":[{"not_picked":["TheCursedMod:CircleOfCorruption","TheCursedMod:SmokeScreen"],"picked":"TheCursedMod:CursedShiv","floor":1.0},{"not_picked":["TheCursedMod:Stigma","TheCursedMod:Obscuration"],"picked":"TheCursedMod:SurpriseAttack","floor":2.0},{"not_picked":["TheCursedMod:CursedBlade","TheCursedMod:WearCloak"],"picked":"TheCursedMod:CursedStaff","floor":3.0},{"not_picked":["TheCursedMod:CursedShiv","TheCursedMod:FleshFromBone"],"picked":"TheCursedMod:SurpriseAttack","floor":4.0},{"not_picked":["TheCursedMod:CursedShiv","TheCursedMod:SmokeScreen"],"picked":"TheCursedMod:TroublousMinions","floor":5.0},{"not_picked":["TheCursedMod:PrepareRite","TheCursedMod:SurpriseAttack"],"picked":"TheCursedMod:DemonicPact","floor":7.0},{"not_picked":["TheCursedMod:CircleOfBlood","TheCursedMod:CursedMace"],"picked":"TheCursedMod:FuryStrike","floor":10.0},{"not_picked":["TheCursedMod:Stigma","TheCursedMod:CursedMace"],"picked":"TheCursedMod:RapidMovement","floor":11.0},{"not_picked":["TheCursedMod:Stigma","TheCursedMod:CursedShiv"],"picked":"TheCursedMod:RapidMovement","floor":13.0},{"not_picked":["TheCursedMod:TacticalStrike","TheCursedMod:CursedMace"],"picked":"TheCursedMod:ManaBullet","floor":14.0},{"not_picked":["TheCursedMod:CursedRelics","TheCursedMod:DarkBarrier"],"picked":"TheCursedMod:CircleOfAbyss","floor":16.0},{"not_picked":["TheCursedMod:DoubleShield","TheCursedMod:CursedMace"],"picked":"TheCursedMod:ManaBullet","floor":17.0},{"not_picked":["TheCursedMod:CursedBlade","TheCursedMod:Stigma+1"],"picked":"TheCursedMod:SurpriseAttack","floor":18.0},{"not_picked":["TheCursedMod:Hemoplague","TheCursedMod:ParallelWorld"],"picked":"TheCursedMod:SurpriseAttack+1","floor":20.0},{"not_picked":["TheCursedMod:Torture","TheCursedMod:BloodBarrier"],"picked":"TheCursedMod:CircleOfFocus","floor":22.0},{"not_picked":["TheCursedMod:HellsGateOpen","TheCursedMod:CursedBlade"],"picked":"TheCursedMod:Stretching+1","floor":24.0},{"not_picked":["TheCursedMod:CursedSpellbook","TheCursedMod:Obscuration"],"picked":"TheCursedMod:CollectTribute","floor":27.0},{"not_picked":["TheCursedMod:CursedShiv+1","TheCursedMod:FleshFromBone"],"picked":"TheCursedMod:ManaBullet","floor":28.0},{"not_picked":["TheCursedMod:CursedBlade","TheCursedMod:CursedBoomerang+1"],"picked":"TheCursedMod:FleshFromBone","floor":30.0},{"not_picked":["TheCursedMod:StingEye+1","TheCursedMod:ReleasedKnowledge"],"picked":"TheCursedMod:TroublousMinions","floor":31.0},{"not_picked":["TheCursedMod:DemonicPact","TheCursedMod:ShockAndAwe"],"picked":"TheCursedMod:CollectTribute","floor":33.0},{"not_picked":["TheCursedMod:DoubleShield","TheCursedMod:SmokeScreen+1"],"picked":"TheCursedMod:AshesToAshes+1","floor":35.0},{"not_picked":["TheCursedMod:SurpriseAttack+1","TheCursedMod:Hemoplague"],"picked":"TheCursedMod:Evocation","floor":36.0},{"not_picked":["TheCursedMod:Wield+1","TheCursedMod:CursedAmulet"],"picked":"TheCursedMod:CursedBoomerang+1","floor":37.0},{"not_picked":["TheCursedMod:WearCloak+1","TheCursedMod:FuryStrike+1"],"picked":"TheCursedMod:SoulCrush","floor":38.0},{"not_picked":["TheCursedMod:CircleOfAmplification+1","TheCursedMod:FleshFromBone"],"picked":"TheCursedMod:CircleOfCorruption","floor":39.0},{"not_picked":["TheCursedMod:TroublousMinions+1","TheCursedMod:TacticalStrike+1"],"picked":"TheCursedMod:LuckyCharm+1","floor":40.0},{"not_picked":["TheCursedMod:VitalStrike","TheCursedMod:Stigma"],"picked":"TheCursedMod:RapidMovement+1","floor":41.0},{"not_picked":["TheCursedMod:ForbiddenAlchemy","TheCursedMod:Hemoplague"],"picked":"TheCursedMod:SpitefulStrike+1","floor":42.0},{"not_picked":["TheCursedMod:CursedShiv+1","TheCursedMod:TacticalStrike"],"picked":"TheCursedMod:SmokeScreen","floor":44.0},{"not_picked":["TheCursedMod:SpitefulStrike+1","TheCursedMod:Stigma+1"],"picked":"TheCursedMod:SurpriseAttack","floor":45.0},{"not_picked":["TheCursedMod:ManaBullet+1","TheCursedMod:CircleOfBlood"],"picked":"TheCursedMod:FleshFromBone+1","floor":48.0},{"not_picked":["TheCursedMod:CircleOfFlame+1","TheCursedMod:SpitefulStrike"],"picked":"TheCursedMod:RapidMovement","floor":54}],"player_experience":24034,"relics_obtained":[{"floor":7.0,"key":"reliquary:Spinner"},{"floor":11.0,"key":"reliquary:IridiumChain"},{"floor":12.0,"key":"Replay:Towering Pillar of Hats"},{"floor":13.0,"key":"Golden Egg"},{"floor":24.0,"key":"Onion Ring"},{"floor":26.0,"key":"Sundial"},{"floor":36.0,"key":"Lizard Tail"},{"floor":39.0,"key":"CatCart"},{"floor":40.0,"key":"TheCursedMod:DemonicMark"},{"floor":42.0,"key":"Strawberry"},{"floor":43.0,"key":"HollowMod:PaleOreRelic"},{"floor":44.0,"key":"Bottled Lightning"},{"floor":45.0,"key":"Unceasing Top"},{"floor":49.0,"key":"Durian"},{"floor":54,"key":"Replay:Multitool"}],"event_choices":[{"damage_healed":0.0,"max_hp_gain":0.0,"max_hp_loss":0.0,"gold_gain":0.0,"event_name":"The Library","player_choice":"Read","floor":19.0,"gold_loss":0.0,"damage_taken":0.0,"cards_obtained":["TheCursedMod:HellfireBreathing"]},{"damage_healed":0.0,"max_hp_gain":0.0,"max_hp_loss":0.0,"gold_gain":0.0,"event_name":"Wheel of Change","player_choice":"Damaged","floor":25.0,"gold_loss":0.0,"damage_taken":8.0},{"damage_healed":0.0,"max_hp_gain":0.0,"max_hp_loss":0.0,"gold_gain":0.0,"event_name":"Mysterious Sphere","player_choice":"Fight","floor":36.0,"gold_loss":0.0,"damage_taken":0.0},{"damage_healed":0.0,"max_hp_gain":0.0,"max_hp_loss":0.0,"gold_gain":0.0,"event_name":"OrinTheCat","player_choice":"Fight","floor":39.0,"gold_loss":0.0,"damage_taken":0.0},{"damage_healed":0.0,"max_hp_gain":0.0,"max_hp_loss":0.0,"gold_gain":0.0,"event_name":"MindBloom","player_choice":"Fight","floor":45.0,"gold_loss":0.0,"damage_taken":0.0}],"is_beta":false,"boss_relics":[{"not_picked":["Snecko Eye","Replay:Wanted Poster"],"picked":"Tiny House"},{"not_picked":["Velvet Choker","SacredBark"],"picked":"Runic Pyramid"}],"items_purged_floors":[],"is_endless":false,"potions_floor_spawned":[2,4,5,11,18,24,27,28,30,31,38,41,42,48,54],"ascension_level":0}}