{"host":"i0avyit1s6jb1siw","time":1614166439,"event":{"mods":["BaseMod","DeckTracker","Dota2Spire","Minty Spire (QoL Compilation)","Quick Restart","StSLib","SuperFastMode"],"gold_per_floor":[114,114,131,148,73,73,84,9,77,96,96,126,126,136,136,136,212,212,231,262,262,44,44,44,74,74,122,122,222,222,222,237,264,264,264,264,264],"floor_reached":36,"language":"ENG","playtime":788,"items_purged":["Strike_R","Strike_R"],"score":621,"play_id":"92c694e1-d1f4-4207-9d62-fa5416a9eef4","local_time":"20210224123359","is_ascension_mode":true,"campfire_choices":[{"data":"Flex","floor":6,"key":"SMITH"},{"data":"Bash","floor":11,"key":"SMITH"},{"data":"Pommel Strike","floor":15,"key":"SMITH"},{"data":"Seeing Red","floor":16,"key":"SMITH"},{"data":"Feel No Pain","floor":24,"key":"SMITH"},{"data":"Inflame","floor":30,"key":"SMITH"},{"data":"Burning Pact","floor":34,"key":"SMITH"},{"data":"Sword Boomerang","floor":35,"key":"SMITH"}],"circlet_count":0,"master_deck":["AscendersBane","Strike_R+1","Strike_R+1","Defend_R+1","Defend_R+1","Defend_R+1","Defend_R+1","Bash+1","Pommel Strike+1","Twin Strike","Flex+1","Wild Strike","Seeing Red+1","Feed","Sword Boomerang+1","Power Through","Disarm","Pommel Strike+1","Burning Pact+1","Feel No Pain+1","Shame","Inflame+1","Double Tap","Dual Wield","Power Through"],"relics":["Burning Blood","Juzu Bracelet","White Beast Statue","Centennial Puzzle","Ancient Tea Set","Coffee Dripper","Dota2Spire:LotusOrb","Shuriken","Bag of Marbles","Bird Faced Urn","Calipers","Frozen Egg 2","Dota2Spire:ArcaneBoots"],"acts_visited":["Exordium","TheCity"],"potions_floor_usage":[7,10,12,14,17,17,20,25,29,33],"damage_taken":[{"damage":7,"enemies":"Small Slimes","floor":1,"turns":4},{"damage":1,"enemies":"Cultist","floor":3,"turns":3},{"damage":2,"enemies":"Jaw Worm","floor":4,"turns":3},{"damage":32,"enemies":"Gremlin Gang","floor":7,"turns":6},{"damage":1,"enemies":"2 Fungi Beasts","floor":10,"turns":4},{"damage":44,"enemies":"Gremlin Nob","floor":12,"turns":4},{"damage":6,"enemies":"Looter","floor":14,"turns":2},{"damage":38,"enemies":"Slime Boss","floor":17,"turns":10},{"damage":23,"enemies":"2 Thieves","floor":19,"turns":3},{"damage":0,"enemies":"Spheric Guardian","floor":20,"turns":3},{"damage":44,"enemies":"Gremlin Leader","floor":25,"turns":9},{"damage":8,"enemies":"Colosseum Slavers","floor":29,"turns":4},{"damage":6,"enemies":"Colosseum Nobs","floor":29,"turns":7},{"damage":7,"enemies":"Centurion and Healer","floor":32,"turns":3},{"damage":22,"enemies":"Slavers","floor":33,"turns":6},{"damage":79,"enemies":"Champ","floor":36,"turns":8}],"seed_played":"1683653385637898541","potions_obtained":[{"floor":3,"key":"EssenceOfSteel"},{"floor":4,"key":"Fruit Juice"},{"floor":7,"key":"BloodPotion"},{"floor":10,"key":"Strength Potion"},{"floor":12,"key":"Block Potion"},{"floor":14,"key":"ColorlessPotion"},{"floor":17,"key":"ColorlessPotion"},{"floor":19,"key":"EssenceOfSteel"},{"floor":20,"key":"EssenceOfSteel"},{"floor":25,"key":"FairyPotion"},{"floor":29,"key":"PowerPotion"},{"floor":33,"key":"SpeedPotion"}],"is_trial":false,"path_per_floor":["M","?","M","M","?","R","M","$","T","M","R","E","?","M","R","R","B",null,"M","M","?","$","?","R","E","?","T","T","?","R","?","M","E","R","R","B"],"character_chosen":"IRONCLAD","items_purchased":["Burning Pact","Feel No Pain"],"campfire_rested":0,"item_purchase_floors":[22,22],"current_hp_per_floor":[67,67,72,75,75,75,49,49,49,59,59,21,21,40,40,40,11,67,53,59,59,59,59,59,21,21,21,21,28,28,28,34,27,27,27,0,0],"gold":264,"neow_bonus":"RANDOM_COMMON_RELIC","is_daily":false,"chose_seed":false,"campfire_upgraded":8,"win_rate":0.0,"timestamp":1614166439,"path_taken":["M","?","M","M","?","R","M","$","T","M","R","E","?","M","R","R","BOSS","M","M","?","$","?","R","E","?","T","T","?","R","?","M","E","R","R","BOSS"],"items_purchased_type":["Card","Card"],"build_version":"2020-12-22","purchased_purges":2,"victory":false,"max_hp_per_floor":[75,75,75,75,75,75,75,75,75,80,80,80,80,83,83,83,86,86,89,89,89,89,89,89,89,89,89,89,92,92,92,95,98,98,98,98,98],"card_choices":[{"not_picked":["Twin Strike","Cleave"],"picked":"Pommel Strike","floor":1},{"not_picked":["Infernal Blade","Sentinel"],"picked":"Twin Strike","floor":3},{"not_picked":["Sentinel","Dark Embrace"],"picked":"Flex","floor":4},{"not_picked":["Seeing Red","Pommel Strike"],"picked":"Wild Strike","floor":7},{"not_picked":["Anger","Heavy Blade"],"picked":"Seeing Red","floor":10},{"not_picked":["Uppercut","Bloodletting"],"picked":"Feed","floor":12},{"not_picked":["Flex","Havoc"],"picked":"Sword Boomerang","floor":14},{"not_picked":["Battle Trance+1","Havoc+1"],"picked":"Power Through","floor":19},{"not_picked":["Twin Strike","Perfected Strike"],"picked":"Disarm","floor":20},{"not_picked":["Body Slam","Sword Boomerang"],"picked":"Inflame","floor":25},{"not_picked":["Rupture+1","Brutality+1"],"picked":"Dual Wield","floor":29},{"not_picked":["Intimidate","Twin Strike"],"picked":"Power Through","floor":32},{"not_picked":["Heavy Blade","Uppercut+1","Thunderclap"],"picked":"SKIP","floor":33}],"player_experience":2495302,"relics_obtained":[{"floor":9,"key":"White Beast Statue"},{"floor":12,"key":"Centennial Puzzle"},{"floor":13,"key":"Ancient Tea Set"},{"floor":25,"key":"Shuriken"},{"floor":27,"key":"Bag of Marbles"},{"floor":28,"key":"Bird Faced Urn"},{"floor":29,"key":"Calipers"},{"floor":29,"key":"Frozen Egg 2"},{"floor":33,"key":"Dota2Spire:ArcaneBoots"}],"event_choices":[{"damage_healed":0,"gold_gain":0,"player_choice":"Ignored","damage_taken":0,"max_hp_gain":0,"max_hp_loss":0,"event_name":"Liars Game","floor":2,"gold_loss":0},{"cards_removed":["Strike_R"],"damage_healed":0,"gold_gain":0,"player_choice":"Card Removal","damage_taken":0,"max_hp_gain":0,"max_hp_loss":0,"event_name":"The Cleric","floor":5,"gold_loss":75},{"damage_healed":0,"gold_gain":0,"player_choice":"Relic","damage_taken":0,"max_hp_gain":0,"max_hp_loss":0,"event_name":"Wheel of Change","floor":13,"gold_loss":0},{"damage_healed":0,"gold_gain":0,"player_choice":"Copied","damage_taken":0,"max_hp_gain":0,"max_hp_loss":0,"event_name":"Duplicator","floor":21,"gold_loss":0,"cards_obtained":["Pommel Strike"]},{"damage_healed":0,"gold_gain":0,"player_choice":"Stole Relic","damage_taken":0,"relics_obtained":["Dota2Spire:LotusOrb"],"max_hp_gain":0,"max_hp_loss":0,"event_name":"Addict","floor":23,"gold_loss":0,"cards_obtained":["Shame"]},{"damage_healed":0,"gold_gain":0,"player_choice":"1 cards matched","damage_taken":0,"max_hp_gain":0,"max_hp_loss":0,"event_name":"Match and Keep!","floor":26,"gold_loss":0,"cards_obtained":["Double Tap"]},{"damage_healed":0,"gold_gain":0,"player_choice":"Fight","damage_taken":0,"max_hp_gain":0,"max_hp_loss":0,"event_name":"Colosseum","floor":29,"gold_loss":0},{"damage_healed":0,"gold_gain":0,"player_choice":"Fought Nobs","damage_taken":0,"max_hp_gain":0,"max_hp_loss":0,"event_name":"Colosseum","floor":29,"gold_loss":0},{"damage_healed":0,"gold_gain":0,"player_choice":"Simplicity","damage_taken":0,"max_hp_gain":0,"max_hp_loss":0,"event_name":"Back to Basics","floor":31,"gold_loss":0,"cards_upgraded":["Strike_R","Strike_R","Defend_R","Defend_R","Defend_R","Defend_R"]}],"is_beta":false,"boss_relics":[{"not_picked":["SlaversCollar","Mark of Pain"],"picked":"Coffee Dripper"}],"items_purged_floors":[8,22],"is_endless":false,"potions_floor_spawned":[3,4,7,10,12,14,17,19,20,25,29,29,32,33],"killed_by":"Champ","ascension_level":20}}