{"host":"i0avyit1s6jb1siw","time":1614176048,"event":{"mods":["BaseMod","DeckTracker","Dota2Spire","Minty Spire (QoL Compilation)","Quick Restart","StSLib","SuperFastMode"],"gold_per_floor":[117,63,63,63,63,106,106,149,149,149,170,188,224,58,58,157,157,170,170,14,14,14,53,53,94,148,171,185,201,11,50,66,66,161,161,186,186,217,231,231,275,275,308,320,332,384,186,230,243,278,278,278,278,278,278,278,44,79,79],"floor_reached":60,"language":"ENG","playtime":2033,"items_purged":["Normality","Doubt","Injury"],"score":3570,"play_id":"564fc9cc-5618-4676-8791-54e9639fe1e8","local_time":"20210224151408","is_ascension_mode":true,"campfire_choices":[{"data":"Pommel Strike","floor":10,"key":"SMITH"},{"data":"Uppercut","floor":15,"key":"SMITH"},{"data":"Pommel Strike","floor":24,"key":"SMITH"},{"data":"Corruption","floor":33,"key":"SMITH"},{"floor":42,"key":"RECALL"},{"data":"Perfected Strike","floor":44,"key":"SMITH"},{"data":"Pommel Strike","floor":51,"key":"SMITH"},{"data":"Pommel Strike","floor":52,"key":"SMITH"},{"data":"Wild Strike","floor":56,"key":"SMITH"}],"circlet_count":0,"master_deck":["AscendersBane","Strike_R","Strike_R","Strike_R","Strike_R","Strike_R","Defend_R","Defend_R","Defend_R","Defend_R","Perfected Strike+1","Pommel Strike+1","True Grit+1","Pommel Strike+1","Burning Pact+1","Uppercut+1","Disarm+1","Burning Pact+1","Power Through+1","Pommel Strike+1","Corruption+1","Pommel Strike+1","Wild Strike","Seeing Red+1","Havoc+1","Flame Barrier+1","Rage+1","Shockwave+1","Bloodletting+1","Exhume+1","Sentinel+1","True Grit+1","Perfected Strike+1","Armaments+1","Magnetism","Panacea+1","Deep Breath+1","True Grit+1","Dark Embrace","Wild Strike+1"],"relics":["Burning Blood","NeowsBlessing","Golden Idol","Toxic Egg 2","Calipers","Dota2Spire:CrimsonGuard","Paper Frog","Dota2Spire:OrchidMalevolence","Orrery","Cursed Key","MutagenicStrength","Singing Bowl","The Courier","Blood Vial","Dota2Spire:Vanguard","Toy Ornithopter","Snecko Eye","Turnip","Dota2Spire:Dagon","MawBank","Mummified Hand","Pear","Medical Kit","Strawberry","ClockworkSouvenir","Dota2Spire:PowerTreads"],"acts_visited":["Exordium","TheCity","TheBeyond","TheEnding"],"potions_floor_usage":[16,18,25,41,59],"damage_taken":[{"damage":0,"enemies":"Jaw Worm","floor":1,"turns":1},{"damage":0,"enemies":"Lagavulin","floor":6,"turns":1},{"damage":0,"enemies":"3 Sentries","floor":8,"turns":2},{"damage":0,"enemies":"2 Louse","floor":11,"turns":2},{"damage":6,"enemies":"Small Slimes","floor":12,"turns":3},{"damage":26,"enemies":"Lagavulin","floor":13,"turns":6},{"damage":35,"enemies":"Slime Boss","floor":16,"turns":12},{"damage":0,"enemies":"Chosen","floor":18,"turns":4},{"damage":4,"enemies":"Gremlin Leader","floor":23,"turns":6},{"damage":41,"enemies":"Slavers","floor":25,"turns":6},{"damage":7,"enemies":"2 Thieves","floor":28,"turns":4},{"damage":0,"enemies":"Snecko","floor":29,"turns":3},{"damage":0,"enemies":"Book of Stabbing","floor":31,"turns":5},{"damage":0,"enemies":"Cultist and Chosen","floor":32,"turns":4},{"damage":12,"enemies":"Champ","floor":34,"turns":15},{"damage":22,"enemies":"3 Shapes","floor":36,"turns":4},{"damage":3,"enemies":"Mind Bloom Boss Battle","floor":38,"turns":5},{"damage":7,"enemies":"3 Darklings","floor":39,"turns":4},{"damage":6,"enemies":"Nemesis","floor":41,"turns":5},{"damage":3,"enemies":"Giant Head","floor":43,"turns":5},{"damage":15,"enemies":"Nemesis","floor":46,"turns":9},{"damage":3,"enemies":"Reptomancer","floor":48,"turns":4},{"damage":9,"enemies":"Transient","floor":49,"turns":6},{"damage":17,"enemies":"Nemesis","floor":50,"turns":3},{"damage":3,"enemies":"Awakened One","floor":53,"turns":6},{"damage":15,"enemies":"Time Eater","floor":54,"turns":8},{"damage":3,"enemies":"Shield and Spear","floor":58,"turns":3},{"damage":55,"enemies":"The Heart","floor":59,"turns":7}],"seed_played":"431531580382811230","potions_obtained":[{"floor":6,"key":"Regen Potion"},{"floor":11,"key":"Fruit Juice"},{"floor":16,"key":"Dota2Spire:HealingSalve"},{"floor":18,"key":"Weak Potion"},{"floor":29,"key":"GamblersBrew"},{"floor":31,"key":"LiquidBronze"},{"floor":43,"key":"EssenceOfSteel"},{"floor":48,"key":"PowerPotion"},{"floor":49,"key":"Block Potion"}],"is_trial":false,"path_per_floor":["M","$","?","T","?","E","?","E","T","R","M","M","E","$","R","B",null,"M","?","$","?","?","E","R","E","T","T","M","M","$","E","M","R","B",null,"M","?","?","M","?","E","R","E","R","T","E","$","E","M","E","R","R","B","B",null,"R","$","E","B",null],"character_chosen":"IRONCLAD","items_purchased":["Pommel Strike","Orrery","Wild Strike","Seeing Red+1","Havoc+1","Dota2Spire:Vanguard","Medical Kit","ClockworkSouvenir"],"campfire_rested":0,"item_purchase_floors":[2,14,20,20,20,30,47,57],"current_hp_per_floor":[74,74,68,68,61,67,67,68,68,68,68,68,48,48,48,34,60,71,71,71,71,71,75,75,40,40,40,41,49,49,57,65,65,63,74,60,60,65,66,56,65,65,72,72,72,77,77,89,88,79,79,79,84,77,94,94,94,101,53],"gold":79,"neow_bonus":"THREE_ENEMY_KILL","is_daily":false,"chose_seed":false,"campfire_upgraded":8,"win_rate":0.0,"timestamp":1614176048,"path_taken":["M","$","?","?","?","E","?","E","T","R","M","?","E","$","R","BOSS","M","?","$","?","?","E","R","E","T","T","M","M","?","E","M","R","BOSS","M","?","?","M","?","E","R","E","R","T","E","$","E","M","E","R","R","BOSS","BOSS","R","$","E","BOSS"],"items_purchased_type":["Card","Relic","Card","Card","Card","Relic","Relic","Relic"],"build_version":"2020-12-22","purchased_purges":3,"victory":true,"max_hp_per_floor":[75,75,68,68,68,68,68,68,68,68,68,68,68,68,68,68,68,73,73,73,73,73,75,75,75,75,75,75,75,75,75,75,75,77,77,77,77,77,77,77,79,79,81,81,81,93,93,100,100,100,100,100,100,100,100,100,100,102,102],"card_choices":[{"not_picked":["Flex","Body Slam"],"picked":"Perfected Strike","floor":1},{"not_picked":["Sword Boomerang","Barricade","Clash"],"picked":"SKIP","floor":6},{"not_picked":["Blood for Blood","Flex+1"],"picked":"True Grit+1","floor":8},{"not_picked":["Clothesline","Anger"],"picked":"Pommel Strike","floor":11},{"not_picked":["Body Slam","Sword Boomerang"],"picked":"Burning Pact+1","floor":12},{"not_picked":["Feed","Searing Blow"],"picked":"Uppercut","floor":13},{"not_picked":["Sever Soul","Sentinel+1"],"picked":"Disarm+1","floor":14},{"not_picked":["Cleave","Body Slam"],"picked":"Burning Pact+1","floor":14},{"not_picked":["Combust","Pommel Strike"],"picked":"Power Through+1","floor":14},{"not_picked":["Burning Pact+1","Seeing Red+1"],"picked":"Pommel Strike","floor":14},{"not_picked":["Offering+1","Limit Break+1"],"picked":"Corruption","floor":16},{"not_picked":["Headbutt","Anger"],"picked":"Pommel Strike","floor":18},{"not_picked":["Body Slam","Dropkick+1","Cleave"],"picked":"Singing Bowl","floor":23},{"not_picked":["Headbutt","Burning Pact+1"],"picked":"Rage+1","floor":25},{"not_picked":["Pommel Strike","Seeing Red+1"],"picked":"Shockwave+1","floor":28},{"not_picked":["Havoc+1","Metallicize"],"picked":"Bloodletting+1","floor":29},{"not_picked":["Havoc+1","Rage+1"],"picked":"Exhume+1","floor":31},{"not_picked":["Flame Barrier+1","Havoc+1"],"picked":"Sentinel+1","floor":32},{"not_picked":["Fiend Fire","Bludgeon","Limit Break+1"],"picked":"Singing Bowl","floor":34},{"not_picked":["Body Slam","Flex+1"],"picked":"True Grit+1","floor":36},{"not_picked":["Shrug It Off+1","Body Slam+1"],"picked":"Perfected Strike","floor":38},{"not_picked":["Flex+1","Clothesline"],"picked":"Armaments+1","floor":39},{"not_picked":["Violence+1","Trip+1"],"picked":"Magnetism","floor":40},{"not_picked":["Flash of Steel","Mind Blast"],"picked":"Panacea+1","floor":40},{"not_picked":["Trip+1","Mind Blast"],"picked":"Deep Breath+1","floor":40},{"not_picked":["Iron Wave","Carnage","True Grit+1"],"picked":"Singing Bowl","floor":41},{"not_picked":["Infernal Blade+1","Iron Wave","Cleave"],"picked":"Singing Bowl","floor":43},{"not_picked":["Armaments+1","Searing Blow","Clash"],"picked":"Singing Bowl","floor":46},{"not_picked":["Warcry+1","Wild Strike"],"picked":"True Grit+1","floor":48},{"not_picked":["Iron Wave","Juggernaut"],"picked":"Dark Embrace","floor":49},{"not_picked":["Battle Trance+1","True Grit+1"],"picked":"Wild Strike","floor":50},{"not_picked":["Warcry+1","Double Tap+1","Body Slam"],"picked":"Singing Bowl","floor":58}],"player_experience":2498387,"relics_obtained":[{"floor":4,"key":"Toxic Egg 2"},{"floor":6,"key":"Calipers"},{"floor":8,"key":"Dota2Spire:CrimsonGuard"},{"floor":9,"key":"Paper Frog"},{"floor":13,"key":"Dota2Spire:OrchidMalevolence"},{"floor":23,"key":"Singing Bowl"},{"floor":25,"key":"The Courier"},{"floor":27,"key":"Blood Vial"},{"floor":31,"key":"Toy Ornithopter"},{"floor":38,"key":"Turnip"},{"floor":41,"key":"Dota2Spire:Dagon"},{"floor":43,"key":"MawBank"},{"floor":45,"key":"Mummified Hand"},{"floor":46,"key":"Pear"},{"floor":48,"key":"Strawberry"},{"floor":58,"key":"Dota2Spire:PowerTreads"}],"event_choices":[{"damage_healed":0,"gold_gain":0,"player_choice":"Lose Max HP","damage_taken":0,"relics_obtained":["Golden Idol"],"max_hp_gain":0,"max_hp_loss":7,"event_name":"Golden Idol","floor":3,"gold_loss":0},{"cards_removed":["Bash"],"damage_healed":0,"gold_gain":0,"player_choice":"Card Removal","damage_taken":7,"max_hp_gain":0,"max_hp_loss":0,"event_name":"Golden Wing","floor":5,"gold_loss":0},{"damage_healed":0,"gold_gain":0,"player_choice":"Grow","damage_taken":0,"max_hp_gain":0,"max_hp_loss":0,"event_name":"Living Wall","floor":7,"gold_loss":0,"cards_upgraded":["Perfected Strike"]},{"damage_healed":0,"gold_gain":0,"player_choice":"Ignored","damage_taken":0,"max_hp_gain":0,"max_hp_loss":0,"event_name":"Vampires","floor":19,"gold_loss":0},{"damage_healed":0,"gold_gain":0,"player_choice":"Inject Mutagens","damage_taken":0,"relics_obtained":["MutagenicStrength"],"max_hp_gain":0,"max_hp_loss":0,"event_name":"Drug Dealer","floor":21,"gold_loss":0},{"damage_healed":0,"gold_gain":0,"player_choice":"Read","damage_taken":0,"max_hp_gain":0,"max_hp_loss":0,"event_name":"The Library","floor":22,"gold_loss":0,"cards_obtained":["Flame Barrier"]},{"damage_healed":0,"gold_gain":0,"player_choice":"Ignored","damage_taken":0,"max_hp_gain":0,"max_hp_loss":0,"event_name":"Tomb of Lord Red Mask","floor":37,"gold_loss":0},{"damage_healed":0,"gold_gain":0,"player_choice":"Fight","damage_taken":0,"max_hp_gain":0,"max_hp_loss":0,"event_name":"MindBloom","floor":38,"gold_loss":0},{"damage_healed":0,"gold_gain":0,"player_choice":"Memory 3","damage_taken":10,"max_hp_gain":0,"max_hp_loss":0,"event_name":"SensoryStone","floor":40,"gold_loss":0}],"is_beta":false,"boss_relics":[{"not_picked":["Pandora\u0027s Box","Busted Crown"],"picked":"Cursed Key"},{"not_picked":["Philosopher\u0027s Stone","Black Star"],"picked":"Snecko Eye"}],"items_purged_floors":[30,47,57],"is_endless":false,"potions_floor_spawned":[6,11,16,18,29,31,43,46,48,49],"ascension_level":20}}