{"host":"er8s5flrc5z1a07t","time":1614186098,"event":{"mods":["2.2 Compatiblity","Act Like it!","Aspiration","Bard","BaseMod","Better Note","Better Third Choice","Downfall","Duelist Mod","Elementarium","Energized Spire","GifTheSpireLib","Googly Eyes","Hubris","Infinite Spire","Minty Spire (QoL Compilation)","Relic Stats","Replay The Spire","Shop Mod","StSLib","Stuff the Spire","Synergy Search","The Cursed"],"gold_per_floor":[111,261,280,295,60,60,40,40,63,102,122,171,97,97,97,103,103],"floor_reached":16,"language":"ENG","playtime":419,"items_purged":["Doubt"],"score":216,"play_id":"6745731c-51bc-4925-9ee9-fdfcd34b0f0f","local_time":"20210224120138","is_ascension_mode":true,"campfire_choices":[{"data":"Immolate","floor":6,"key":"SMITH"},{"data":"True Grit","floor":8,"key":"SMITH"},{"data":"Feel No Pain","floor":15,"key":"SMITH"}],"circlet_count":0,"master_deck":["AscendersBane","Strike_R","Strike_R","Strike_R","Strike_R","Strike_R","Defend_R","Defend_R","Defend_R","Defend_R","Bash","Immolate+1","Warcry","hubris:ReadiedAction","True Grit+1","True Grit","Second Wind","Flame Barrier","Feel No Pain+1"],"relics":["Burning Blood","Replay:Bandana","Ancient Tea Set","infinitespire:FocusingShard","Regal Pillow","Replay:Kaleidoscope"],"acts_visited":["Exordium"],"potions_floor_usage":[10,16],"damage_taken":[{"damage":2,"enemies":"Jaw Worm","floor":1,"turns":3},{"damage":15,"enemies":"Small Slimes","floor":3,"turns":3},{"damage":0,"enemies":"Cultist","floor":4,"turns":3},{"damage":8,"enemies":"Gremlin Nob","floor":10,"turns":3},{"damage":9,"enemies":"Looter","floor":11,"turns":3},{"damage":2,"enemies":"3 Sentries","floor":12,"turns":5},{"damage":24,"enemies":"Hexaghost","floor":16,"turns":11}],"seed_played":"-4338076636304400680","potions_obtained":[{"floor":1,"key":"BlessingOfTheForge"},{"floor":3,"key":"SteroidPotion"},{"floor":7,"key":"Explosive Potion"}],"is_trial":false,"path_per_floor":["M","?","M","M","$","R","?","R","T","E","M","E","$","?","R","B"],"character_chosen":"IRONCLAD","items_purchased":["Replay:Bandana","Feel No Pain"],"campfire_rested":0,"item_purchase_floors":[5,13],"current_hp_per_floor":[72,72,63,69,69,69,69,69,69,67,64,68,68,23,23,0,0],"gold":103,"neow_bonus":"ONE_RANDOM_RARE_CARD","is_daily":false,"chose_seed":false,"campfire_upgraded":3,"win_rate":0.0,"timestamp":1614186098,"path_taken":["M","?","M","M","$","R","?","R","T","E","?","E","$","?","R","BOSS"],"items_purchased_type":["Relic","Card"],"build_version":"2020-12-22","purchased_purges":1,"victory":false,"max_hp_per_floor":[75,75,75,75,75,75,75,75,75,75,75,75,75,75,75,75,75],"relic_stats":{"Regal Pillow":0,"counters":[7,31],"obtain_stats":[{"Replay:Bandana":5,"Regal Pillow":12,"infinitespire:FocusingShard":10,"Replay:Kaleidoscope":14,"Ancient Tea Set":9,"Burning Blood":0},{"Replay:Bandana":3,"Regal Pillow":6,"infinitespire:FocusingShard":4,"Replay:Kaleidoscope":6,"Ancient Tea Set":3,"Burning Blood":0},{"Replay:Bandana":9,"Regal Pillow":20,"infinitespire:FocusingShard":12,"Replay:Kaleidoscope":20,"Ancient Tea Set":9,"Burning Blood":0}],"Burning Blood":36},"card_choices":[{"not_picked":["ReplayTheSpireMod:Muscle Training","Flex"],"picked":"Warcry","floor":1},{"not_picked":["Cleave","Life Link"],"picked":"hubris:ReadiedAction","floor":3},{"not_picked":["Warcry","Abandon"],"picked":"True Grit","floor":4},{"not_picked":["Replay:Undeath\u0027s Touch","Rage"],"picked":"True Grit","floor":10},{"not_picked":["Wild Strike","Perfected Strike"],"picked":"Second Wind","floor":11},{"not_picked":["Rupture","Demonic Infusion"],"picked":"Flame Barrier","floor":12}],"player_experience":1161842,"relics_obtained":[{"floor":9,"key":"Ancient Tea Set"},{"floor":10,"key":"infinitespire:FocusingShard"},{"floor":12,"key":"Regal Pillow"}],"event_choices":[{"damage_healed":0,"gold_gain":150,"player_choice":"AGREE","damage_taken":111,"max_hp_gain":0,"max_hp_loss":0,"event_name":"betterThird:BetterSerpent","floor":2,"gold_loss":0},{"damage_healed":0,"gold_gain":0,"player_choice":"Bought 1 Potion","damage_taken":0,"max_hp_gain":0,"max_hp_loss":0,"event_name":"The Woman in Blue","floor":7,"gold_loss":0},{"damage_healed":0,"gold_gain":1,"player_choice":"Relic ","damage_taken":45,"max_hp_gain":0,"max_hp_loss":0,"event_name":"betterThird:BetterScrap","floor":14,"gold_loss":0,"cards_obtained":["Sanctity"]}],"is_beta":false,"boss_relics":[],"items_purged_floors":[5],"is_endless":false,"potions_floor_spawned":[1,3],"killed_by":"Hexaghost","ascension_level":20}}