{"host":"2se5dq1do2gp0x9k","time":1614136903,"event":{"mods":["AchievementEnabler","BaseMod","Block Reminder","Colored Map","Colored Powertips","Minty Spire (QoL Compilation)","Relic Stats","StSLib","SuperFastMode"],"gold_per_floor":[117,117,42,42,55,55,87,87,111,144,144,161,179,197,197,270,270,280,353,324,148,148,148],"floor_reached":22,"language":"ENG","playtime":1361,"items_purged":["Strike_P","Strike_P"],"score":476,"play_id":"f6221a27-571c-4c12-9939-04fbc93e5d88","local_time":"20210223192143","is_ascension_mode":true,"campfire_choices":[{"floor":6,"key":"REST"},{"floor":8,"key":"REST"},{"floor":11,"key":"REST"},{"floor":15,"key":"RECALL"}],"circlet_count":0,"master_deck":["AscendersBane","Defend_P","Defend_P","Defend_P","Defend_P","Eruption","Vigilance","SignatureMove","EmptyMind","PathToVictory","LikeWater","Meditate","Evaluate","PathToVictory","JustLucky","CurseOfTheBell","ThirdEye","ThirdEye","Study"],"relics":["Fusion Hammer","Tiny Chest","Oddly Smooth Stone","Art of War","Calling Bell","Vajra","Kunai","Turnip"],"acts_visited":["Exordium","TheCity"],"potions_floor_usage":[],"damage_taken":[{"damage":7,"enemies":"Jaw Worm","floor":1,"turns":5},{"damage":1,"enemies":"Small Slimes","floor":5,"turns":3},{"damage":27,"enemies":"Lagavulin","floor":7,"turns":4},{"damage":16,"enemies":"Gremlin Nob","floor":10,"turns":3},{"damage":0,"enemies":"Cultist","floor":12,"turns":2},{"damage":0,"enemies":"Red Slaver","floor":13,"turns":1},{"damage":10,"enemies":"Lots of Slimes","floor":14,"turns":5},{"damage":0,"enemies":"Slime Boss","floor":16,"turns":5},{"damage":7,"enemies":"3 Byrds","floor":18,"turns":6},{"damage":8,"enemies":"2 Thieves","floor":20,"turns":4},{"damage":62,"enemies":"Cultist and Chosen","floor":22,"turns":5}],"seed_played":"-6675053517060099911","potions_obtained":[{"floor":1,"key":"BlessingOfTheForge"},{"floor":7,"key":"StancePotion"}],"is_trial":false,"path_per_floor":["M","?","$","?","M","R","E","R","T","E","R","M","M","M","R","B",null,"M","T","M","$","M"],"character_chosen":"WATCHER","items_purchased":["Study"],"campfire_rested":3,"item_purchase_floors":[21],"current_hp_per_floor":[54,47,47,47,46,66,39,59,59,43,63,63,63,53,53,53,64,57,57,49,49,0,0],"gold":148,"neow_bonus":"BOSS_RELIC","is_daily":false,"chose_seed":false,"campfire_upgraded":0,"win_rate":0.0,"timestamp":1614136903,"path_taken":["M","?","$","?","?","R","E","R","T","E","R","M","M","M","R","BOSS","M","?","M","$","M"],"items_purchased_type":["Card"],"build_version":"2020-12-22","purchased_purges":2,"victory":false,"max_hp_per_floor":[68,68,68,68,68,68,68,68,68,68,68,68,68,68,68,68,68,68,68,68,68,68,68],"relic_stats":{"counters":[11,43],"Tiny Chest":0,"Turnip":[0],"Art of War":[8],"Kunai":[1],"obtain_stats":[{"Calling Bell":17,"Oddly Smooth Stone":9,"Vajra":17,"Tiny Chest":7,"Fusion Hammer":0,"Turnip":17,"Art of War":10,"Kunai":17,"PureWater":0},{"Calling Bell":8,"Oddly Smooth Stone":3,"Vajra":8,"Tiny Chest":3,"Fusion Hammer":0,"Turnip":8,"Art of War":4,"Kunai":8,"PureWater":0},{"Calling Bell":28,"Oddly Smooth Stone":12,"Vajra":28,"Tiny Chest":12,"Fusion Hammer":0,"Turnip":28,"Art of War":15,"Kunai":28,"PureWater":0}]},"card_choices":[{"not_picked":["Vengeance","Sanctity"],"picked":"SignatureMove","floor":1},{"not_picked":["Halt","CutThroughFate"],"picked":"PathToVictory","floor":5},{"not_picked":["TalkToTheHand","Wallop"],"picked":"LikeWater","floor":7},{"not_picked":["Conclude","Collect"],"picked":"Meditate","floor":10},{"not_picked":["Halt","Perseverance"],"picked":"Evaluate","floor":12},{"not_picked":["EmptyFist","Protect"],"picked":"PathToVictory","floor":13},{"not_picked":["FollowUp","ClearTheMind"],"picked":"JustLucky","floor":14},{"not_picked":["Prostrate","EmptyFist"],"picked":"ThirdEye","floor":18},{"not_picked":["Evaluate","BowlingBash"],"picked":"ThirdEye","floor":20}],"player_experience":4133687,"relics_obtained":[{"floor":7,"key":"Tiny Chest"},{"floor":9,"key":"Oddly Smooth Stone"},{"floor":10,"key":"Art of War"},{"floor":17,"key":"Vajra"},{"floor":17,"key":"Kunai"},{"floor":17,"key":"Turnip"}],"event_choices":[{"cards_removed":["Strike_P"],"damage_healed":0,"gold_gain":0,"player_choice":"Card Removal","damage_taken":7,"max_hp_gain":0,"max_hp_loss":0,"event_name":"Golden Wing","floor":2,"gold_loss":0},{"damage_healed":0,"gold_gain":0,"cards_transformed":["Strike_P"],"player_choice":"Transformed","damage_taken":0,"max_hp_gain":0,"max_hp_loss":0,"event_name":"Transmorgrifier","floor":4,"gold_loss":0,"cards_obtained":["EmptyMind"]}],"is_beta":false,"boss_relics":[{"not_picked":["Pandora\u0027s Box","Sozu"],"picked":"Calling Bell"}],"items_purged_floors":[3,21],"is_endless":false,"potions_floor_spawned":[1,7,12,14,18],"killed_by":"Cultist and Chosen","ascension_level":19}}