{"host":"i627ldzjvyz252sa","time":1614126975,"event":{"mods":["BaseMod","Bestiary","Colored Map","Curses Come First","Dark Map","Hubris","Infinite Spire","Minty Spire (QoL Compilation)","Replay The Spire","StSLib","The Bug Knight","The Runesmith"],"gold_per_floor":[113,113,129,129,54,81,81,91,91,101,136,136,159,172,172,267,267,282,61,81,81,81,81,116,116,116,151,151,151,170,181,181,279,279,299,299,313,313,313,313],"floor_reached":39,"language":"ENG","playtime":3344,"items_purged":["Amnesia","Runesmith:CraftProtectio"],"score":427,"play_id":"3693ebf6-f3d9-4e45-b6eb-e70e22930e16","local_time":"20210223163615","is_ascension_mode":false,"campfire_choices":[{"data":"Runesmith:CraftMagma","floor":7,"key":"SMITH"},{"data":"Runesmith:CraftFirestone","floor":12,"key":"SMITH"},{"data":"Runesmith:EnergizedChisel","floor":15,"key":"SMITH"},{"data":"Runesmith:ChaoticBlast","floor":23,"key":"SMITH"},{"data":"Runesmith:LithiumIon","floor":25,"key":"SMITH"},{"data":"Master of Strategy","floor":29,"key":"SMITH"},{"data":"Runesmith:ArcReactor","floor":32,"key":"SMITH"}],"circlet_count":0,"master_deck":["Runesmith:Strike_RS","Runesmith:Strike_RS","Runesmith:Defend_RS","Runesmith:CraftFirestone+1","Runesmith:Fortify","Runesmith:CraftMagma+1","Runesmith:EarthShield","Runesmith:EnergizedChisel","Runesmith:EnergizedChisel+1","Runesmith:HammerThrow","Runesmith:ChaoticBlast+1","Runesmith:UnlimitedPower","Runesmith:CraftMagma","Master of Strategy+1","Specialist","Transmutation","Runesmith:LithiumIon+1","Runesmith:GoWithTheFlow","Runesmith:ArcReactor+1","Runesmith:CraftIndustria","Runesmith:UnlimitedPower","Madness","Madness","Runesmith:CraftReservo+1"],"relics":["Runesmith:BrokenRuby","NeowsBlessing","Ring of Peace","ReplayTheSpireMod:Ring of Collecting","Runesmith:MiniCore","Ring of Panic","Gremlin Horn","Garlic","Odd Mushroom","Ring of Chaos","ReplayTheSpireMod:ShopPack","hubris:BottledHeart","Replay:PocketPolymizer","infinitespire:BottledMercury","hubris:Spice","Runesmith:PocketReactor"],"acts_visited":["Exordium","TheCity","TheBeyond"],"potions_floor_usage":[39,39,39,39,39],"damage_taken":[{"damage":0,"enemies":"Cultist","floor":1,"turns":1},{"damage":0,"enemies":"2 Louse","floor":3,"turns":1},{"damage":0,"enemies":"Lagavulin","floor":6,"turns":2},{"damage":0,"enemies":"Jaw Worm","floor":8,"turns":4},{"damage":0,"enemies":"Blue Slaver","floor":10,"turns":4},{"damage":0,"enemies":"HollowMod:MossKnight","floor":11,"turns":12},{"damage":0,"enemies":"The Mushroom Lair","floor":13,"turns":5},{"damage":0,"enemies":"Exordium Wildlife","floor":14,"turns":3},{"damage":6,"enemies":"Hexaghost","floor":16,"turns":10},{"damage":0,"enemies":"Chosen","floor":18,"turns":5},{"damage":0,"enemies":"Snake Plant","floor":20,"turns":4},{"damage":0,"enemies":"Nightmare","floor":24,"turns":6},{"damage":0,"enemies":"Replay:Snechameleon","floor":27,"turns":4},{"damage":0,"enemies":"Centurion and Healer","floor":30,"turns":5},{"damage":0,"enemies":"Cultist and Chosen","floor":31,"turns":5},{"damage":0,"enemies":"Automaton","floor":33,"turns":2},{"damage":0,"enemies":"3 Darklings","floor":35,"turns":4},{"damage":0,"enemies":"3 Shapes","floor":37,"turns":5},{"damage":14,"enemies":"Donu and Deca","floor":39,"turns":5}],"seed_played":"-8225725353978667972","potions_obtained":[{"floor":1,"key":"DuplicationPotion"},{"floor":11,"key":"SpeedPotion"},{"floor":14,"key":"Strength Potion"},{"floor":24,"key":"EntropicBrew"}],"is_trial":false,"path_per_floor":["M","?","M","?","$","E","R","M","T","M","E","R","?","M","R","B",null,"M","$","M","?","?","R","NM","R","T","E","AVR","R","M","M","R","B",null,"M","?","M","?","B"],"character_chosen":"RUNESMITH_CLASS","items_purchased":["ReplayTheSpireMod:ShopPack"],"campfire_rested":0,"item_purchase_floors":[19],"current_hp_per_floor":[70,70,70,70,70,70,70,70,70,70,70,70,70,70,70,64,70,70,70,70,1,1,1,1,1,1,1,1,1,1,1,1,1,1,1,1,1,1,0,0],"gold":313,"neow_bonus":"THREE_ENEMY_KILL","is_daily":false,"chose_seed":false,"campfire_upgraded":7,"win_rate":0.0,"timestamp":1614126975,"path_taken":["M","?","M","?","?","E","R","M","T","?","E","R","?","M","R","BOSS","M","$","M","?","?","R","NM","R","T","E","AVR","R","?","M","R","BOSS","M","?","M","?","BOSS"],"items_purchased_type":["Relic"],"build_version":"2020-12-22","purchased_purges":2,"victory":false,"max_hp_per_floor":[70,70,70,70,70,70,70,70,70,70,70,70,70,70,70,70,70,70,70,70,1,1,1,1,1,1,1,1,1,1,1,1,1,1,1,1,1,1,1,1],"card_choices":[{"not_picked":["Runesmith:CraftProtectio","Runesmith:GoWithTheFlow"],"picked":"Runesmith:CraftMagma","floor":1},{"not_picked":["Runesmith:MakeshiftArmor","Runesmith:HammerAndChisel"],"picked":"Runesmith:EarthShield","floor":3},{"not_picked":["Runesmith:GrandSlam","Runesmith:DoubleUp"],"picked":"Runesmith:EnergizedChisel","floor":6},{"not_picked":["Runesmith:BackupBattery","Runesmith:NegativeSpace"],"picked":"Runesmith:EnergizedChisel","floor":8},{"not_picked":["Runesmith:WhiteBalance","Runesmith:UnstableHammer"],"picked":"Runesmith:CraftProtectio","floor":10},{"not_picked":["Runesmith:CreatorForm","Runesmith:CraftProtectio","Runesmith:Firestorm"],"picked":"SKIP","floor":11},{"not_picked":["Runesmith:CraftProtectio","Runesmith:StaticCage"],"picked":"Runesmith:HammerThrow","floor":13},{"not_picked":["Runesmith:Attraction","Runesmith:Overpower"],"picked":"Runesmith:ChaoticBlast","floor":14},{"not_picked":["Runesmith:ReplicatingBarrier","Runesmith:LightningRod"],"picked":"Runesmith:UnlimitedPower","floor":16},{"not_picked":["Runesmith:Reinforce","Runesmith:Overpower"],"picked":"Runesmith:CraftMagma","floor":18},{"not_picked":["Violence","ReplayTheSpireMod:Brewmster"],"picked":"Master of Strategy","floor":19},{"not_picked":["ReplayTheSpireMod:Trickstab","Replay:Sssssssssstrike"],"picked":"Specialist","floor":19},{"not_picked":["hubris:EnhanceAbility","Survey Options"],"picked":"Transmutation","floor":19},{"not_picked":["Runesmith:ChiselStab","Runesmith:ElementalConversion","Runesmith:MakeshiftArmor+1"],"picked":"SKIP","floor":20},{"not_picked":["Runesmith:ChiselStab","Runesmith:Reinforce","Runesmith:ShiftingStrike+1"],"picked":"SKIP","floor":24},{"not_picked":["Runesmith:Retool+1","Runesmith:Grindstone","Runesmith:RuneHurl+1"],"picked":"SKIP","floor":27},{"not_picked":["Runesmith:BackupBattery","Runesmith:Grindstone+1"],"picked":"Runesmith:ArcReactor","floor":30},{"not_picked":["Runesmith:DoubleUp","Runesmith:MakeshiftArmor","Runesmith:EarthShield"],"picked":"SKIP","floor":31},{"not_picked":["Runesmith:LightningRod","Runesmith:MetallurgicalResearch"],"picked":"Runesmith:UnlimitedPower","floor":33},{"not_picked":["Runesmith:CraftProtectio","Runesmith:MakeshiftArmor","Runesmith:RuneHurl"],"picked":"SKIP","floor":35},{"not_picked":["Runesmith:Terraform+1","Runesmith:ChargedHammer"],"picked":"Runesmith:CraftReservo+1","floor":37}],"player_experience":151914,"relics_obtained":[{"floor":4,"key":"Ring of Peace"},{"floor":4,"key":"ReplayTheSpireMod:Ring of Collecting"},{"floor":6,"key":"Runesmith:MiniCore"},{"floor":9,"key":"Ring of Panic"},{"floor":9,"key":"Gremlin Horn"},{"floor":11,"key":"Garlic"},{"floor":13,"key":"Odd Mushroom"},{"floor":24,"key":"Replay:PocketPolymizer"},{"floor":26,"key":"infinitespire:BottledMercury"},{"floor":27,"key":"hubris:Spice"}],"event_choices":[{"cards_removed":["Runesmith:Defend_RS"],"damage_healed":0,"gold_gain":0,"player_choice":"Forget","damage_taken":0,"max_hp_gain":0,"max_hp_loss":0,"event_name":"Living Wall","floor":2,"gold_loss":0},{"damage_healed":0,"gold_gain":0,"player_choice":"Fought Mushrooms","damage_taken":0,"max_hp_gain":0,"max_hp_loss":0,"event_name":"Mushrooms","floor":13,"gold_loss":0},{"cards_removed":["Runesmith:Strike_RS"],"damage_healed":0,"gold_gain":0,"player_choice":"Card Removal","damage_taken":0,"max_hp_gain":0,"max_hp_loss":0,"event_name":"Wheel of Change","floor":22,"gold_loss":0},{"damage_healed":0,"gold_gain":0,"player_choice":"Embrace Madness","damage_taken":0,"max_hp_gain":0,"max_hp_loss":0,"event_name":"Winding Halls","floor":36,"gold_loss":0,"cards_obtained":["Madness","Madness"]},{"damage_healed":0,"gold_gain":0,"player_choice":"Took Portal","damage_taken":0,"max_hp_gain":0,"max_hp_loss":0,"event_name":"SecretPortal","floor":38,"gold_loss":0}],"is_beta":false,"boss_relics":[{"not_picked":["hubris:RunicObelisk","hubris:GrandSneckoEye"],"picked":"Ring of Chaos"},{"not_picked":["ChewingGum","infinitespire:Cupcake"],"picked":"Runesmith:PocketReactor"}],"items_purged_floors":[5,19],"is_endless":true,"potions_floor_spawned":[1,11,14,20,24,27,31,35],"killed_by":"Donu and Deca","ascension_level":0}}