{"host":"3g4eblpl3h3xsaol","time":1614188290,"event":{"mods":["AchievementEnabler","Act Like it!","Aspiration","BaseMod","Better Third Choice","BetterRewards","Colored Powertips","Conspire","Downfall","Hallownest","Hubris","Infinite Spire","Mimic Mod","Minty Spire (QoL Compilation)","Pale of the Ancients","Ruina","StSLib","Td1madao Mod","The Bug Knight","The Cursed","TheBandit"],"gold_per_floor":[112,126,126,126,142,172,172,204,249,104,134,134,165,184,184,282,282,402,428,428,446,446,474,484,514,567,581,599,629,629,644,644,747,747,757,776,475,492,511,511,530,555,578,578,578,578],"floor_reached":45,"language":"ENG","playtime":1339,"items_purged":[],"score":615,"play_id":"cd1c0dbc-272b-4bf3-a6e3-021e996b3d4a","local_time":"20210224173810","is_ascension_mode":false,"campfire_choices":[{"floor":7,"key":"RECALL"},{"floor":15,"key":"REST"},{"floor":30,"key":"REST"},{"data":"Feed","floor":30,"key":"SMITH"},{"floor":32,"key":"REST"},{"data":"Barricade","floor":32,"key":"SMITH"},{"floor":40,"key":"REST"},{"data":"Bludgeon","floor":40,"key":"SMITH"}],"circlet_count":0,"master_deck":["Strike_R","Strike_R","Strike_R","Strike_R","Strike_R+1","Defend_R","Defend_R","Defend_R","Defend_R","Cleave","Metallicize","Wild Strike","Thunderclap","Pommel Strike","Iron Wave","Feed+1","Iron Wave+1","Perfected Strike","infinitespire:FinalStrike","Heavy Blade+1","Clothesline","conspire:Charge","Anger+1","conspire:Charge","hubris:SharpeningStone","Infernal Blade","Inflame+1","Bludgeon+1","Pommel Strike","Thunderclap","Pommel Strike+1","Rage+1","Reckless Charge+1","Pummel+1","Underhanded Strike","Sucker Punch","Footwork+1"],"relics":["Burning Blood","aspiration:Nostalgia","TheCursedMod:BlackMagic101","hubris:Icosahedron","Potion Belt","Matryoshka","infinitespire:Beetle Shell","Strawberry","Brimstone","Bird Faced Urn","Bag of Marbles","Runic Dome","Red Mask","conspire:SpecialSausage","MutagenicStrength","infinitespire:Magic Flask","Frozen Egg 2","PreservedInsect","aspiration:Lifesprig","SlaversCollar","infinitespire:Lucky Rock","HandDrill","Lantern","aspiration:HiddenCompartment"],"acts_visited":["Hallownest:Greenpath","TheCity","Hallownest:KingdomsEdge"],"potions_floor_usage":[6,16,16],"damage_taken":[{"damage":20,"enemies":"Hallownest:monsterHuskGuard","floor":1,"turns":4},{"damage":0,"enemies":"Hallownest:monsterHuskWarrior","floor":2,"turns":4},{"damage":1,"enemies":"2_ Uuma","floor":5,"turns":6},{"damage":8,"enemies":"Hallownest:eliteCrystalGuardian","floor":6,"turns":5},{"damage":19,"enemies":"Hallownest:eliteVengeflyKing","floor":8,"turns":6},{"damage":24,"enemies":"Hallownest:eliteCrystalGuardian","floor":11,"turns":4},{"damage":10,"enemies":"Hallownest:eliteVengeflyKing","floor":13,"turns":4},{"damage":14,"enemies":"Hallownest:Guard_and_Warrior","floor":14,"turns":3},{"damage":48,"enemies":"Hallownest:BossFalseKnight","floor":16,"turns":6},{"damage":4,"enemies":"Spheric Guardian","floor":18,"turns":3},{"damage":0,"enemies":"Masked Bandits","floor":19,"turns":2},{"damage":5,"enemies":"Shell Parasite","floor":21,"turns":3},{"damage":27,"enemies":"Nightmare","floor":23,"turns":3},{"damage":12,"enemies":"conspire:HollyBat","floor":24,"turns":7},{"damage":28,"enemies":"conspire:MimicChest","floor":25,"turns":4},{"damage":0,"enemies":"Snake Plant","floor":27,"turns":1},{"damage":5,"enemies":"Shelled Parasite and Fungi","floor":28,"turns":2},{"damage":0,"enemies":"conspire:Head Lice","floor":29,"turns":2},{"damage":32,"enemies":"conspire:HollyBat","floor":31,"turns":8},{"damage":17,"enemies":"conspire:MysteriousRune","floor":33,"turns":3},{"damage":12,"enemies":"Hallownest:3_Siblings","floor":35,"turns":3},{"damage":21,"enemies":"Hallownest:Shield_Heavy","floor":36,"turns":3},{"damage":1,"enemies":"Hallownest:Xero_Hu_Marmu","floor":38,"turns":2},{"damage":15,"enemies":"Hallownest:2_Soldiers_and_1_Guardian","floor":39,"turns":3},{"damage":0,"enemies":"Hallownest:2_Wandering_and_1_Horned","floor":41,"turns":4},{"damage":6,"enemies":"Hallownest:StalkingDevout","floor":42,"turns":2},{"damage":0,"enemies":"Hallownest:2_Great","floor":45,"turns":1}],"seed_played":"-3703044750850021780","potions_obtained":[{"floor":2,"key":"Weak Potion"},{"floor":6,"key":"Fire Potion"},{"floor":8,"key":"PowerPotion"},{"floor":14,"key":"hexamod:SoulburnPotion"},{"floor":16,"key":"Swift Potion"},{"floor":21,"key":"ElixirPotion"},{"floor":23,"key":"AttackPotion"}],"is_trial":false,"path_per_floor":["M","M","?","?","M","E","R","E","T","$","E","$","E","M","R","B",null,"M","?","AVR","M","?","NM","M","?","T","M","M","E","R","M","R","B",null,"M","M","$","M","M","R","M","E","T","?","M"],"character_chosen":"IRONCLAD","items_purchased":["Brimstone","infinitespire:Lucky Rock","HandDrill"],"campfire_rested":4,"item_purchase_floors":[10,37,37],"current_hp_per_floor":[66,72,72,72,77,75,75,62,69,69,51,51,49,43,69,29,87,87,87,87,87,87,66,64,49,49,55,59,65,92,69,93,82,93,91,78,78,85,80,101,101,101,101,101,101,101],"gold":578,"neow_bonus":"NOSTALGIA","is_daily":false,"chose_seed":false,"campfire_upgraded":3,"win_rate":0.0,"timestamp":1614188290,"path_taken":["M","M","?","?","M","E","R","E","T","$","E","$","E","M","R","BOSS","M","?","AVR","M","?","NM","M","?","T","M","M","E","R","M","R","BOSS","M","M","$","M","M","R","M","E","T","?","?"],"items_purchased_type":["Relic","Relic","Relic"],"build_version":"2020-12-22","purchased_purges":0,"victory":false,"max_hp_per_floor":[80,80,80,80,80,80,80,80,87,87,87,87,87,87,87,87,87,87,87,87,87,87,87,87,90,90,90,93,93,93,93,93,93,93,97,97,97,97,101,101,101,101,101,101,101,101],"card_choices":[{"not_picked":["Evolve","hubris:ReadiedAction"],"picked":"Cleave","floor":1},{"not_picked":["Headbutt","Combust"],"picked":"Metallicize","floor":2},{"not_picked":["Inflame","Headbutt"],"picked":"Wild Strike","floor":5},{"not_picked":["Dark Embrace","Sever Soul"],"picked":"Thunderclap","floor":6},{"not_picked":["Wild Strike","conspire:Purge"],"picked":"Barricade","floor":8},{"not_picked":["True Grit","Headbutt"],"picked":"Pommel Strike","floor":11},{"not_picked":["Havoc","Dual Wield"],"picked":"Iron Wave","floor":13},{"not_picked":["Feel No Pain","Headbutt"],"picked":"Rampage","floor":14},{"not_picked":["Exhume","Barricade"],"picked":"Feed","floor":16},{"not_picked":["Armaments","Dark Embrace"],"picked":"Iron Wave+1","floor":18},{"not_picked":["conspire:ExplosiveBarrier","hubris:ReadiedAction"],"picked":"Perfected Strike","floor":19},{"not_picked":["Flame Barrier+1","Clothesline"],"picked":"Heavy Blade+1","floor":21},{"not_picked":["Shrug It Off","Second Wind"],"picked":"Clothesline","floor":23},{"not_picked":["Headbutt","Havoc"],"picked":"conspire:Charge","floor":24},{"not_picked":["Sword Boomerang+1","hubris:ReadiedAction"],"picked":"Anger+1","floor":25},{"not_picked":["Sword Boomerang","Combust+1"],"picked":"conspire:Charge","floor":27},{"not_picked":["Clash","Hemokinesis"],"picked":"hubris:SharpeningStone","floor":28},{"not_picked":["Corruption+1","Entrench"],"picked":"Infernal Blade","floor":29},{"not_picked":["Clothesline","Cleave+1"],"picked":"Inflame+1","floor":31},{"not_picked":["Brutality+1","Fiend Fire"],"picked":"Bludgeon","floor":33},{"not_picked":["Fire Breathing+1","Sentinel+1"],"picked":"Pommel Strike","floor":35},{"not_picked":["Shrug It Off","Rage"],"picked":"Thunderclap","floor":36},{"not_picked":["Impervious","Blood for Blood"],"picked":"Pommel Strike+1","floor":38},{"not_picked":["Iron Wave","Pommel Strike+1"],"picked":"Rage+1","floor":39},{"not_picked":["Feel No Pain+1","Rage"],"picked":"Reckless Charge+1","floor":41},{"not_picked":["Entrench+1","Pommel Strike"],"picked":"Pummel+1","floor":42}],"player_experience":194302,"relics_obtained":[{"floor":6,"key":"Potion Belt"},{"floor":8,"key":"Matryoshka"},{"floor":9,"key":"infinitespire:Beetle Shell"},{"floor":9,"key":"Strawberry"},{"floor":11,"key":"Bird Faced Urn"},{"floor":13,"key":"Bag of Marbles"},{"floor":19,"key":"Red Mask"},{"floor":23,"key":"infinitespire:Magic Flask"},{"floor":25,"key":"Frozen Egg 2"},{"floor":26,"key":"PreservedInsect"},{"floor":29,"key":"aspiration:Lifesprig"},{"floor":42,"key":"Lantern"},{"floor":43,"key":"aspiration:HiddenCompartment"}],"event_choices":[{"damage_healed":0,"gold_gain":0,"player_choice":"Fought Bandits","damage_taken":0,"max_hp_gain":0,"max_hp_loss":0,"event_name":"Masked Bandits","floor":19,"gold_loss":0},{"damage_healed":0,"gold_gain":0,"player_choice":"Inject Mutagens","damage_taken":0,"relics_obtained":["MutagenicStrength"],"max_hp_gain":0,"max_hp_loss":0,"event_name":"Drug Dealer","floor":22,"gold_loss":0}],"is_beta":false,"boss_relics":[{"not_picked":["Fusion Hammer","hubris:HollowSoul"],"picked":"Runic Dome"},{"not_picked":["Sozu","Empty Cage"],"picked":"SlaversCollar"}],"items_purged_floors":[],"is_endless":true,"potions_floor_spawned":[2,6,8,14,16,21,23,27,28,29,33,36,42],"killed_by":"Hallownest:2_Great","ascension_level":0}}