{"host":"qxeepl7ydvsgmfdb","time":1614185926,"event":{"mods":["AchievementEnabler","BaseMod","Colored Powertips","Minty Spire (QoL Compilation)","Quick Restart","slay the spire mod where everything is the same but ironclad has a cowboy hat"],"gold_per_floor":[110,36,55,129,129,155,155,175,175,350,384,128,146,159,159,257,257,274,17,17,35,49,49,80,100,127,153,164,197,197,223,223,326,326,345,567,580,592,592,592,592,592,592,605,26,40,40,70,70,70],"floor_reached":51,"language":"ENG","playtime":2019,"items_purged":["Doubt","Strike_R"],"score":915,"play_id":"e1c1a1eb-2244-4098-9493-467e57fec5bb","local_time":"20210224115846","is_ascension_mode":true,"campfire_choices":[{"data":"Body Slam","floor":7,"key":"SMITH"},{"data":"Inflame","floor":15,"key":"SMITH"},{"floor":23,"key":"REST"},{"data":"Infernal Blade","floor":30,"key":"SMITH"},{"floor":32,"key":"REST"},{"floor":40,"key":"REST"},{"floor":42,"key":"DIG"},{"floor":49,"key":"REST"}],"circlet_count":0,"master_deck":["Strike_R","Strike_R","Strike_R","Defend_R","Defend_R","Defend_R","Defend_R","Flex","Inflame","Wild Strike","Body Slam+1","Flex","Intimidate","Inflame+1","Metallicize","Double Tap","Wild Strike","Anger","Infernal Blade+1","Thunderclap","Iron Wave+1","Heavy Blade+1","Inflame","True Grit"],"relics":["Burning Blood","NeowsBlessing","White Beast Statue","Regal Pillow","Gremlin Horn","Potion Belt","Philosopher\u0027s Stone","Toy Ornithopter","Centennial Puzzle","Pen Nib","Strawberry","Red Mask","Shovel","Black Star","Bag of Preparation","Blue Candle","Orichalcum","Mummified Hand","Vajra","Blood Vial"],"acts_visited":["Exordium","TheCity","TheBeyond"],"potions_floor_usage":[11,11,11,12,16,16,21,22,22,22,22,22,24,24,25,28,31,33,33,38,38,41,48,48,48,48,48,50],"damage_taken":[{"damage":0,"enemies":"Cultist","floor":1,"turns":1},{"damage":0,"enemies":"Jaw Worm","floor":3,"turns":1},{"damage":0,"enemies":"3 Sentries","floor":6,"turns":2},{"damage":0,"enemies":"Small Slimes","floor":8,"turns":2},{"damage":26,"enemies":"Lagavulin","floor":11,"turns":7},{"damage":9,"enemies":"Blue Slaver","floor":13,"turns":4},{"damage":6,"enemies":"Exordium Wildlife","floor":14,"turns":4},{"damage":58,"enemies":"Slime Boss","floor":16,"turns":10},{"damage":46,"enemies":"3 Byrds","floor":18,"turns":7},{"damage":34,"enemies":"Chosen","floor":21,"turns":6},{"damage":11,"enemies":"Shelled Parasite and Fungi","floor":22,"turns":3},{"damage":45,"enemies":"Book of Stabbing","floor":24,"turns":5},{"damage":5,"enemies":"Cultist and Chosen","floor":25,"turns":4},{"damage":22,"enemies":"Snake Plant","floor":28,"turns":4},{"damage":0,"enemies":"Masked Bandits","floor":29,"turns":2},{"damage":35,"enemies":"Gremlin Leader","floor":31,"turns":5},{"damage":61,"enemies":"Champ","floor":33,"turns":7},{"damage":22,"enemies":"3 Darklings","floor":35,"turns":2},{"damage":22,"enemies":"Orb Walker","floor":37,"turns":3},{"damage":54,"enemies":"Writhing Mass","floor":38,"turns":6},{"damage":0,"enemies":"Reptomancer","floor":41,"turns":1},{"damage":9,"enemies":"Jaw Worm Horde","floor":44,"turns":2},{"damage":41,"enemies":"Maw","floor":46,"turns":8},{"damage":75,"enemies":"Giant Head","floor":48,"turns":8},{"damage":58,"enemies":"Donu and Deca","floor":50,"turns":6}],"seed_played":"-7914736140695857243","potions_obtained":[{"floor":1,"key":"ElixirPotion"},{"floor":3,"key":"Dexterity Potion"},{"floor":6,"key":"Dexterity Potion"},{"floor":8,"key":"EssenceOfSteel"},{"floor":11,"key":"EssenceOfSteel"},{"floor":13,"key":"Strength Potion"},{"floor":14,"key":"SkillPotion"},{"floor":16,"key":"FearPotion"},{"floor":18,"key":"SteroidPotion"},{"floor":21,"key":"Explosive Potion"},{"floor":22,"key":"DistilledChaos"},{"floor":24,"key":"Regen Potion"},{"floor":25,"key":"Weak Potion"},{"floor":28,"key":"AttackPotion"},{"floor":29,"key":"Dexterity Potion"},{"floor":31,"key":"AttackPotion"},{"floor":33,"key":"FearPotion"},{"floor":35,"key":"SkillPotion"},{"floor":37,"key":"EssenceOfSteel"},{"floor":38,"key":"SmokeBomb"},{"floor":44,"key":"Regen Potion"},{"floor":46,"key":"Explosive Potion"},{"floor":48,"key":"ColorlessPotion"}],"is_trial":false,"path_per_floor":["M","$","M","T","?","E","R","M","T","?","E","$","M","M","R","B",null,"M","$","?","M","M","R","E","M","T","T","M","?","R","E","R","B",null,"M","?","M","M","?","R","E","R","T","M","$","M","$","E","R","B",null],"character_chosen":"IRONCLAD","items_purchased":["Inflame","Fruit Juice","Inflame","EntropicBrew","Toy Ornithopter","Orichalcum","Mummified Hand","Inflame","True Grit"],"campfire_rested":4,"item_purchase_floors":[2,12,12,19,19,45,45,45,45],"current_hp_per_floor":[80,80,80,80,73,79,79,80,80,80,60,65,62,62,62,10,85,45,45,45,22,42,82,51,57,57,64,53,59,59,35,77,32,92,76,76,60,36,36,77,88,88,88,85,85,50,50,18,59,14],"gold":70,"neow_bonus":"THREE_ENEMY_KILL","is_daily":false,"chose_seed":false,"campfire_upgraded":3,"win_rate":0.0,"timestamp":1614185926,"path_taken":["M","?","M","?","?","E","R","M","T","?","E","$","?","M","R","BOSS","M","$","?","M","M","R","E","M","T","?","M","?","R","E","R","BOSS","M","?","M","M","?","R","E","R","T","M","$","?","$","E","R","BOSS"],"items_purchased_type":["Card","Potion","Card","Potion","Relic","Relic","Relic","Card","Card"],"build_version":"2020-12-22","purchased_purges":2,"victory":true,"max_hp_per_floor":[80,80,80,80,80,80,80,80,80,80,80,85,85,85,85,85,85,85,85,85,85,85,85,85,85,85,92,92,92,92,92,92,92,92,92,92,92,92,89,89,89,89,89,89,89,89,89,89,89,89],"card_choices":[{"not_picked":["Flame Barrier","Sever Soul"],"picked":"Flex","floor":1},{"not_picked":["Bloodletting","Sword Boomerang"],"picked":"Wild Strike","floor":3},{"not_picked":["Clash","Havoc"],"picked":"Body Slam","floor":6},{"not_picked":["Perfected Strike","Uppercut"],"picked":"Flex","floor":8},{"not_picked":["Heavy Blade","Whirlwind"],"picked":"Intimidate","floor":11},{"not_picked":["Shockwave","Searing Blow","Dropkick"],"picked":"SKIP","floor":13},{"not_picked":["Dropkick","Shockwave"],"picked":"Metallicize","floor":14},{"not_picked":["Offering","Juggernaut"],"picked":"Double Tap","floor":16},{"not_picked":["Metallicize+1","Clash","Havoc+1"],"picked":"SKIP","floor":18},{"not_picked":["Fire Breathing","Warcry"],"picked":"Wild Strike","floor":21},{"not_picked":["Rupture+1","Reckless Charge"],"picked":"Anger","floor":22},{"not_picked":["Thunderclap","Immolate"],"picked":"Infernal Blade","floor":24},{"not_picked":["Carnage","Shockwave"],"picked":"Thunderclap","floor":25},{"not_picked":["Rupture","Clash"],"picked":"Iron Wave+1","floor":28},{"not_picked":["Headbutt","Sword Boomerang+1"],"picked":"Heavy Blade+1","floor":29},{"not_picked":["Pommel Strike","Feel No Pain","Fire Breathing"],"picked":"SKIP","floor":31},{"not_picked":["Perfected Strike+1","Clothesline+1","Bloodletting+1"],"picked":"SKIP","floor":35},{"not_picked":["Seeing Red","Heavy Blade","Twin Strike+1"],"picked":"SKIP","floor":37},{"not_picked":["Sentinel+1","Iron Wave+1","Sword Boomerang+1"],"picked":"SKIP","floor":38},{"not_picked":["Feel No Pain","Iron Wave","Uppercut+1"],"picked":"SKIP","floor":44},{"not_picked":["Iron Wave","Anger+1","Sword Boomerang"],"picked":"SKIP","floor":46},{"not_picked":["True Grit","Juggernaut","Dual Wield+1"],"picked":"SKIP","floor":48}],"player_experience":210837,"relics_obtained":[{"floor":4,"key":"White Beast Statue"},{"floor":6,"key":"Regal Pillow"},{"floor":9,"key":"Gremlin Horn"},{"floor":11,"key":"Potion Belt"},{"floor":24,"key":"Centennial Puzzle"},{"floor":26,"key":"Pen Nib"},{"floor":27,"key":"Strawberry"},{"floor":29,"key":"Red Mask"},{"floor":31,"key":"Shovel"},{"floor":42,"key":"Bag of Preparation"},{"floor":43,"key":"Blue Candle"},{"floor":48,"key":"Vajra"},{"floor":48,"key":"Blood Vial"}],"event_choices":[{"cards_removed":["Bash"],"damage_healed":0,"gold_gain":0,"player_choice":"Card Removal","damage_taken":7,"max_hp_gain":0,"max_hp_loss":0,"event_name":"Golden Wing","floor":5,"gold_loss":0},{"damage_healed":0,"gold_gain":175,"player_choice":"AGREE","damage_taken":0,"max_hp_gain":0,"max_hp_loss":0,"event_name":"Liars Game","floor":10,"gold_loss":0,"cards_obtained":["Doubt"]},{"cards_removed":["Strike_R"],"damage_healed":0,"gold_gain":0,"player_choice":"Elegance","damage_taken":0,"max_hp_gain":0,"max_hp_loss":0,"event_name":"Back to Basics","floor":20,"gold_loss":0},{"damage_healed":0,"gold_gain":0,"player_choice":"Fought Bandits","damage_taken":0,"max_hp_gain":0,"max_hp_loss":0,"event_name":"Masked Bandits","floor":29,"gold_loss":0},{"damage_healed":0,"gold_gain":222,"player_choice":"Wore Mask","damage_taken":0,"max_hp_gain":0,"max_hp_loss":0,"event_name":"Tomb of Lord Red Mask","floor":36,"gold_loss":0},{"cards_removed":["Parasite"],"damage_healed":0,"gold_gain":0,"player_choice":"Removed Curses","damage_taken":0,"max_hp_gain":0,"max_hp_loss":0,"event_name":"Fountain of Cleansing","floor":39,"gold_loss":0}],"is_beta":false,"boss_relics":[{"not_picked":["Tiny House","Mark of Pain"],"picked":"Philosopher\u0027s Stone"},{"not_picked":["Runic Dome","Fusion Hammer"],"picked":"Black Star"}],"items_purged_floors":[12,45],"is_endless":false,"potions_floor_spawned":[1,3,6,8,11,13,14,16,18,21,22,24,25,28,29,31,33,35,37,38,41,44,46,48],"ascension_level":3}}