{"host":"gzkog77z98jljj1h","time":1614156496,"event":{"mods":["Act Like it!","Astrologer","BaseMod","Colored Map","Conspire","Downfall","Energized Spire","Fiend Mod","Halation","Hubris","Infinite Spire","Marisa????????","Mimic Mod","Minty Spire (QoL Compilation)","Random Character Button","Relic Sorter","Replay The Spire","Ruina","Shop Mod","Somnambulant","StSLib","Td1madao Mod","The Administrix","The Construct","The Cursed","The Disciple","The Elementalist","The Hierophant","The Jungle","The Marked","The Mystic","The Runesmith","The Servant 0.9.4","Trackpad"],"gold_per_floor":[109,63,80,94,68,102,102,136,136,151,151,169,169,132,132,232,232,248,248,248,248,267,267,277,277,277,307,307,318,193,212,212,316,316,336,336,336,354,7,34,34,63,95,95,105,105,130,150,150,150,150],"floor_reached":50,"language":"ENG","playtime":2531,"items_purged":["Cold Snap","Strike_B+1","ReplayTheSpireMod:Doomed"],"score":560,"play_id":"8f5347c3-4bd1-44d6-81b4-b91624d895c7","local_time":"20210224024816","is_ascension_mode":true,"campfire_choices":[{"data":"Hologram","floor":7,"key":"SMITH"},{"data":"Ball Lightning","floor":11,"key":"SMITH"},{"data":"Zap","floor":13,"key":"SMITH"},{"data":"FIFO Queue","floor":15,"key":"SMITH"},{"data":"FTL","floor":23,"key":"SMITH"},{"data":"Streamline","floor":25,"key":"SMITH"},{"data":"Gash","floor":28,"key":"SMITH"},{"floor":32,"key":"REST"},{"floor":44,"key":"REST"},{"data":"Storm","floor":46,"key":"SMITH"},{"floor":49,"key":"REST"}],"circlet_count":0,"master_deck":["Strike_B+1","Strike_B+1","Strike_B+1","Defend_B+1","Defend_B+1","Defend_B+1","Defend_B+1","Zap+1","Dualcast","Gash+1","FTL+1","Conserve Battery","Beam Cell","Hologram+1","Undo","Ball Lightning+1","FIFO Queue+1","Melter","Seek","Redo+1","Steam+1","Streamline+1","Ball Lightning","Go for the Eyes","Creative AI","Rip and Tear+1","BasicCrystalCard+1","infinitespire:UltimateForm","Storm+1","Gash"],"relics":["Cracked Core","halation:PinkSoulGem","NeowsBlessing","Unceasing Top","conspire:Boomerang","trackpad:GuardianSpirit","energizedSpire:DeadBattery","ReplayTheSpireMod:Shallot","conspire:DeflatedDodgeball","conspire:RunicOctahedron","Chameleon Ring","Regal Pillow","halation:BlackBeret","BranchBurnRelic","ReplayTheSpireMod:CursedCoin"],"acts_visited":["Exordium","TheCity","TheBeyond"],"potions_floor_usage":[6,8,42,50,50],"damage_taken":[{"damage":0,"enemies":"Cultist","floor":1,"turns":1},{"damage":0,"enemies":"Jaw Worm","floor":3,"turns":1},{"damage":0,"enemies":"Small Slimes","floor":4,"turns":1},{"damage":23,"enemies":"Gremlin Nob","floor":6,"turns":4},{"damage":20,"enemies":"3 Sentries","floor":8,"turns":7},{"damage":1,"enemies":"Exordium Wildlife","floor":10,"turns":4},{"damage":0,"enemies":"2 Fungi Beasts","floor":12,"turns":2},{"damage":26,"enemies":"The Guardian","floor":16,"turns":8},{"damage":26,"enemies":"2 Thieves","floor":18,"turns":4},{"damage":2,"enemies":"Chosen","floor":22,"turns":3},{"damage":2,"enemies":"3 Cultists","floor":24,"turns":5},{"damage":0,"enemies":"Centurion and Healer","floor":27,"turns":5},{"damage":19,"enemies":"Centurion and Healer","floor":29,"turns":4},{"damage":3,"enemies":"Shelled Parasite and Fungi","floor":31,"turns":3},{"damage":36,"enemies":"Champ","floor":33,"turns":10},{"damage":6,"enemies":"3 Shapes","floor":35,"turns":4},{"damage":33,"enemies":"3 Darklings","floor":38,"turns":6},{"damage":37,"enemies":"Nemesis","floor":40,"turns":5},{"damage":59,"enemies":"Giant Head","floor":42,"turns":8},{"damage":15,"enemies":"4 Shapes","floor":43,"turns":7},{"damage":5,"enemies":"4 Shapes","floor":45,"turns":6},{"damage":21,"enemies":"Jaw Worm Horde","floor":48,"turns":4},{"damage":86,"enemies":"Awakened One","floor":50,"turns":5}],"seed_played":"-4654671275086122868","potions_obtained":[{"floor":3,"key":"PowerPotion"},{"floor":4,"key":"Block Potion"},{"floor":12,"key":"Slimebound:ThreeZeroPotion"},{"floor":40,"key":"Milkshake"},{"floor":48,"key":"hexamod:SoulburnPotion"}],"is_trial":false,"path_per_floor":["M","$","M","M","$","E","R","E","T","M","R","M","R","$","R","B",null,"M","?","?","?","M","R","M","R","T","MIM","R","M","$","M","R","B",null,"M","?","?","M","$","E","AVR","E","MIM","R","M","R","$","M","R","B"],"character_chosen":"DEFECT","items_purchased":["Gash","Beam Cell","Melter","Ball Lightning","Chameleon Ring","ReplayTheSpireMod:CursedCoin"],"campfire_rested":3,"item_purchase_floors":[2,5,14,30,39,47],"current_hp_per_floor":[75,75,75,75,75,52,52,32,32,31,31,31,31,31,31,5,75,49,74,74,74,72,72,70,70,70,70,70,51,51,48,70,34,75,69,69,69,36,36,51,51,33,18,55,65,65,65,56,75,0,0],"gold":150,"neow_bonus":"THREE_ENEMY_KILL","is_daily":false,"chose_seed":false,"campfire_upgraded":8,"win_rate":0.0,"timestamp":1614156496,"path_taken":["M","?","M","?","?","E","R","E","T","M","R","?","R","$","R","BOSS","M","?","?","?","M","R","M","R","T","?","R","M","?","M","R","BOSS","M","?","?","M","?","E","AVR","E","MIM","R","?","R","$","M","R","BOSS"],"items_purchased_type":["Card","Card","Card","Card","Relic","Relic"],"build_version":"2020-12-22","purchased_purges":3,"victory":false,"max_hp_per_floor":[75,75,75,75,75,75,75,75,75,75,75,75,75,75,75,75,75,75,75,75,75,75,75,75,75,75,75,75,75,75,75,75,75,75,75,75,75,75,75,75,75,75,75,75,75,75,75,75,75,75,75],"card_choices":[{"not_picked":["Lockon","Coolheaded"],"picked":"Cold Snap","floor":1},{"not_picked":["Undo","Leap"],"picked":"FTL","floor":3},{"not_picked":["Leap","Cold Snap"],"picked":"Conserve Battery","floor":4},{"not_picked":["Streamline","Panic Button"],"picked":"Hologram","floor":6},{"not_picked":["Amplify","ReplaySort"],"picked":"Undo","floor":8},{"not_picked":["hubris:PowerSurge","Conserve Battery"],"picked":"Ball Lightning","floor":10},{"not_picked":["Steam Power","Panic Button"],"picked":"FIFO Queue","floor":12},{"not_picked":["ReplayTheSpireMod:Omega Cannon","ReplayTheSpireMod:Fabricate Wheel"],"picked":"Seek","floor":16},{"not_picked":["Compile Driver+1","Time Bomb"],"picked":"Redo+1","floor":18},{"not_picked":["Leap","Compile Driver"],"picked":"Steam+1","floor":22},{"not_picked":["Blizzard+1","Panic Button"],"picked":"Streamline","floor":24},{"not_picked":["Hello World","Compile Driver","ReplayTheSpireMod:Repulse"],"picked":"SKIP","floor":29},{"not_picked":["Rebound","Panic Button"],"picked":"Go for the Eyes","floor":31},{"not_picked":["ReplayTheSpireMod:Omega Cannon","Core Surge"],"picked":"Creative AI","floor":33},{"not_picked":["Go for the Eyes+1","Redo+1"],"picked":"Rip and Tear+1","floor":35},{"not_picked":["Compile Driver","Stack+1","ReplayTheSpireMod:System Scan+1"],"picked":"SKIP","floor":38},{"not_picked":["Cold Snap+1","Beam Cell+1"],"picked":"BasicCrystalCard+1","floor":40},{"not_picked":["Creative AI","Rebound","Panic Button"],"picked":"SKIP","floor":42},{"not_picked":["Capacitor","Turbo"],"picked":"Storm","floor":43},{"not_picked":["Turbo+1","Rip and Tear+1","FTL"],"picked":"SKIP","floor":45},{"not_picked":["Go for the Eyes","Rebound"],"picked":"Gash","floor":48}],"player_experience":285644,"relics_obtained":[{"floor":6,"key":"Unceasing Top"},{"floor":8,"key":"conspire:Boomerang"},{"floor":9,"key":"trackpad:GuardianSpirit"},{"floor":26,"key":"ReplayTheSpireMod:Shallot"},{"floor":27,"key":"conspire:DeflatedDodgeball"},{"floor":40,"key":"Regal Pillow"},{"floor":43,"key":"halation:BlackBeret"}],"event_choices":[{"damage_healed":25,"gold_gain":0,"player_choice":"Heal","damage_taken":0,"max_hp_gain":0,"max_hp_loss":0,"event_name":"The Library","floor":19,"gold_loss":0},{"damage_healed":0,"gold_gain":0,"player_choice":"Simplicity","damage_taken":0,"max_hp_gain":0,"max_hp_loss":0,"event_name":"Back to Basics","floor":20,"gold_loss":0,"cards_upgraded":["Strike_B","Strike_B","Strike_B","Strike_B","Defend_B","Defend_B","Defend_B","Defend_B"]},{"damage_healed":0,"gold_gain":0,"player_choice":"Ignored","damage_taken":0,"max_hp_gain":0,"max_hp_loss":0,"event_name":"Tomb of Lord Red Mask","floor":37,"gold_loss":0}],"is_beta":false,"boss_relics":[{"not_picked":["Replay:Drink Me","Ring of Chaos"],"picked":"energizedSpire:DeadBattery"},{"not_picked":["Runic Dome","halation:HeavySnake"],"picked":"conspire:RunicOctahedron"}],"items_purged_floors":[30,39,47],"is_endless":false,"potions_floor_spawned":[3,4,12,22,31,40,48],"killed_by":"Awakened One","ascension_level":1}}