{"host":"5tir6155jnoxijqh","time":1614184695,"event":{"mods":["BaseMod","Downfall","Hermit","Library of Ruina","Library of Ruina Extra","Minty Spire (QoL Compilation)","Shop Mod","Spicy Shops","StSLib","WarShipGirlsR/’ΩΩ¢…Ÿ≈ÆR mod"],"gold_per_floor":[100,118,135,152,169,269,269,17,117,67,52,72,102,182,200,200,200],"floor_reached":16,"language":"ZHS","playtime":1420,"items_purged":[],"score":152,"play_id":"fafecc38-bb89-4add-b02e-625cbaf5dd90","local_time":"20210225003815","is_ascension_mode":false,"campfire_choices":[{"data":"Tttonst","floor":1,"key":"SMITH"}],"circlet_count":0,"master_deck":["Dodge","LightDefense","LightAttack","LightAttack","LightDefense","LightDefense","ChargeAndCover","FocusedStrikes","Tttonst+1","BiAn","Concentration","AbsorbImpact","RhinoRam+1","SkyClearingCut","FlamingDragonFist","Deflect_lor","UnforgettableMelody","DevastatingThrash","WaitUp","RulesOfTheBackstreets","Leap_lor","Preparation","GroundSmash"],"relics":["PageOfLibrarian","Bag of Preparation","Shuriken","Pear"],"acts_visited":["Exordium"],"potions_floor_usage":[6,16],"damage_taken":[{"damage":0,"enemies":"Small Slimes","floor":2,"turns":3},{"damage":4,"enemies":"2 Louse","floor":3,"turns":3},{"damage":7,"enemies":"Jaw Worm","floor":4,"turns":4},{"damage":0,"enemies":"Red Slaver","floor":5,"turns":5},{"damage":12,"enemies":"downfall:Heads","floor":6,"turns":5},{"damage":3,"enemies":"downfall:FleeingMerchant","floor":8,"turns":4},{"damage":0,"enemies":"downfall:FleeingMerchant","floor":10,"turns":4},{"damage":0,"enemies":"downfall:FleeingMerchant","floor":11,"turns":4},{"damage":0,"enemies":"Exordium Thugs","floor":12,"turns":2},{"damage":10,"enemies":"Gremlin Nob","floor":13,"turns":3},{"damage":0,"enemies":"downfall:LooterAlt","floor":15,"turns":3},{"damage":28,"enemies":"DF_ARCHETYPE_STREAMLINE","floor":16,"turns":6}],"seed_played":"7664371886198717846","potions_obtained":[{"floor":2,"key":"bronze:BurnAndBuffPotion"},{"floor":4,"key":"Fire Potion"},{"floor":13,"key":"champ:CounterPotion"},{"floor":15,"key":"SteroidPotion"}],"is_trial":false,"path_per_floor":["R","M","M","M","M","?","T","$","?","$","$","M","E","T","M","B"],"character_chosen":"Librarian","items_purchased":["UnforgettableMelody","WaitUp"],"campfire_rested":0,"item_purchase_floors":[8,10],"current_hp_per_floor":[42,42,41,34,34,22,22,19,19,19,19,19,9,19,19,0,0],"gold":200,"neow_bonus":"THREE_RARE_CARDS","is_daily":false,"chose_seed":false,"campfire_upgraded":1,"win_rate":0.0,"timestamp":1614184695,"path_taken":["R","M","M","M","M","?","T","$","?","?","$","?","E","?","M","BOSS"],"items_purchased_type":["Card","Card"],"build_version":"2020-12-22","purchased_purges":0,"victory":false,"max_hp_per_floor":[60,89,82,82,82,82,82,82,82,82,82,82,82,92,92,92,92],"card_choices":[{"not_picked":["RagingStormLove","MindCrush"],"picked":"Tttonst","floor":0},{"not_picked":["QuickAttack","Parry2","IllEndYou","EnergyShield","FierceCharge","Reload","DefenseOrder","RatsGuideToSurvival"],"picked":"BiAn","floor":2},{"not_picked":["GuidanceOfTheGears","MultiBlock","CutIn","SharpNails","StructuralAnalysis","PinpointShot","ForTheFamily","EndlessBattle"],"picked":"Concentration","floor":3},{"not_picked":["CoordinatedAssault","UpbeatPerformance","EnergyShield","SteelKnuckles","NightInTheBackstreets","IngredientHunt","SummaryJudgment","TasteMyFlamingBat"],"picked":"AbsorbImpact","floor":4},{"not_picked":["RatsGuideToSurvival","FleetEdge","SmokingPipe","FleetFootsteps","FormingStorm","GuidanceOfTheGears","Bvapour","BackAttack"],"picked":"RhinoRam","floor":5},{"not_picked":["QuickAttack","PreemptiveStrike","AssaultOrder","Struggle","PinpointShot","BackAttack","TendonChords","DarkCloud"],"picked":"FlamingDragonFist","floor":6},{"not_picked":["Quickness","Crush","RepressedFlesh","BattleCommand","StrongStrike","Transpierce","TraceOfFumes","GreatSerpentsImpact"],"picked":"Deflect_lor","floor":8},{"not_picked":["EnergyCycle","FeatherShield","BiAn","AutonomousRush","Castigation","BayonetCombat","GuidanceOfTheGears","Parry2"],"picked":"DevastatingThrash","floor":10},{"not_picked":["Eject","Feast","ToWhereThePrescriptPoints","Diversion","Crush","StructuralAnalysis","GrazeTheGrass","SerpentSwordTechnique"],"picked":"RulesOfTheBackstreets","floor":11},{"not_picked":["AssaultOrder","GuardingStance","SilentNight","AGoldenOpportunity","SpearedSweep","Reload","Faith","AsThePrescriptOrders"],"picked":"Leap_lor","floor":12},{"not_picked":["EnergyShield","MindPrepared","Diversion","NonstopAssault","Castigation","Thirst","ViolentFlame","MultiHit"],"picked":"Preparation","floor":13},{"not_picked":["DefenseOrder","ChiWen","FierceOnslaught","Zzzzzap","Thrust","BindingArms","Outburst","BulkyImpact"],"picked":"GroundSmash","floor":15}],"player_experience":389584,"relics_obtained":[{"floor":7,"key":"Bag of Preparation"},{"floor":13,"key":"Shuriken"},{"floor":14,"key":"Pear"}],"event_choices":[],"is_beta":false,"boss_relics":[],"items_purged_floors":[],"is_endless":false,"potions_floor_spawned":[2,4,13,15],"killed_by":"DF_ARCHETYPE_STREAMLINE","ascension_level":0}}