{"host":"hk6dj51uwihyiztj","time":1614170367,"event":{"mods":["BaseMod","Block Reminder","Hubris","Infinite Spire","Minty Spire (QoL Compilation)","Quick Restart","Reliquary","Replay The Spire","StSLib","SuperFastMode"],"gold_per_floor":[115,130,140,152,152,152,187,187,187,216,96,96,271,304,304,304,304],"floor_reached":16,"language":"ENG","playtime":524,"items_purged":["Defend_R"],"score":148,"play_id":"7af08317-df76-4559-8ae7-98318b0a52fd","local_time":"20210224133927","is_ascension_mode":true,"campfire_choices":[{"data":"Spot Weakness","floor":6,"key":"SMITH"},{"data":"Shrug It Off","floor":8,"key":"SMITH"},{"data":"Shrug It Off","floor":12,"key":"SMITH"},{"floor":15,"key":"REST"}],"circlet_count":0,"master_deck":["Strike_R","Strike_R","Strike_R","Strike_R","Strike_R","Defend_R","Defend_R","Defend_R","Bash","Twin Strike","Spot Weakness+1","Anger","Shrug It Off+1","Shrug It Off+1","Doubt","Battle Trance"],"relics":["Burning Blood","hubris:Icosahedron","Shuriken","reliquary:Firecrackers","hubris:BottledRain","InkBottle"],"acts_visited":["Exordium"],"potions_floor_usage":[10],"damage_taken":[{"damage":8,"enemies":"2 Louse","floor":1,"turns":4},{"damage":7,"enemies":"Small Slimes","floor":2,"turns":4},{"damage":1,"enemies":"Cultist","floor":3,"turns":3},{"damage":31,"enemies":"Gremlin Gang","floor":4,"turns":6},{"damage":20,"enemies":"Replay:BlueRogue","floor":7,"turns":4},{"damage":16,"enemies":"Gremlin Nob","floor":10,"turns":3},{"damage":29,"enemies":"3 Sentries","floor":14,"turns":7},{"damage":38,"enemies":"Slime Boss","floor":16,"turns":3}],"seed_played":"3786119354502096235","potions_obtained":[{"floor":1,"key":"BlessingOfTheForge"},{"floor":2,"key":"Adrenaline Potion"},{"floor":3,"key":"Adrenaline Potion"},{"floor":10,"key":"CultistPotion"}],"is_trial":true,"path_per_floor":["M","M","M","M","?","R","E","R","T","E","$","R","?","E","R","B"],"character_chosen":"IRONCLAD","items_purchased":["Shrug It Off"],"campfire_rested":1,"item_purchase_floors":[11],"current_hp_per_floor":[78,77,80,55,55,55,41,41,41,31,31,31,31,8,32,0,0],"gold":304,"neow_bonus":"","is_daily":false,"chose_seed":false,"campfire_upgraded":3,"win_rate":0.0,"timestamp":1614170367,"path_taken":["M","M","M","M","?","R","E","R","T","E","$","R","?","E","R","BOSS"],"items_purchased_type":["Card"],"build_version":"2020-12-22","purchased_purges":1,"victory":false,"max_hp_per_floor":[80,80,80,80,80,80,80,80,80,80,80,80,80,80,80,80,80],"card_choices":[{"not_picked":["Carnage","Infernal Blade","Headbutt"],"picked":"SKIP","floor":1},{"not_picked":["Warcry","True Grit"],"picked":"Twin Strike","floor":2},{"not_picked":["Warcry","Armaments"],"picked":"Spot Weakness","floor":3},{"not_picked":["ReplayTheSpireMod:Stacked","Cleave"],"picked":"Anger","floor":4},{"not_picked":["Armaments","Dual Wield"],"picked":"Shrug It Off","floor":7},{"not_picked":["Run Through","ReplayTheSpireMod:Corrosion Curse","Replay:Undeath\u0027s Touch"],"picked":"SKIP","floor":10},{"not_picked":["Whirlwind","Carnage"],"picked":"Battle Trance","floor":14}],"player_experience":126863,"relics_obtained":[{"floor":7,"key":"Shuriken"},{"floor":9,"key":"reliquary:Firecrackers"},{"floor":10,"key":"hubris:BottledRain"},{"floor":14,"key":"InkBottle"}],"event_choices":[{"damage_healed":0,"gold_gain":175,"player_choice":"AGREE","damage_taken":0,"max_hp_gain":0,"max_hp_loss":0,"event_name":"Liars Game","floor":13,"gold_loss":0,"cards_obtained":["Doubt"]}],"is_beta":false,"boss_relics":[],"items_purged_floors":[11],"is_endless":false,"potions_floor_spawned":[1,2,3,10,14],"killed_by":"Slime Boss","ascension_level":5}}