{"host":"5n1fl7z5i1vf7jan","time":1614168708,"event":{"mods":["BaseMod","Minty Spire (QoL Compilation)","Quick Restart","Relic Stats"],"gold_per_floor":[117,42,59,71,18,18,18,43,43,76,87,103,103,122,122,196,246,256,256],"floor_reached":18,"language":"ENG","playtime":607,"items_purged":[],"score":548,"play_id":"0c42b1ee-19ce-44bc-9f76-8cce4f3ef652","local_time":"20210224041148","is_ascension_mode":true,"campfire_choices":[{"data":"Defragment","floor":6,"key":"SMITH"},{"floor":13,"key":"REST"},{"floor":15,"key":"REST"}],"circlet_count":0,"master_deck":["AscendersBane","Strike_B+1","Strike_B","Strike_B","Defend_B+1","Defend_B","Defend_B","Defend_B","Zap","Dualcast+1","Cold Snap","Defragment+1","Ball Lightning","Hyperbeam","Leap","Auto Shields","Loop","Doom and Gloom","Echo Form","Coolheaded"],"relics":["SacredBark","InkBottle","War Paint","Tiny House"],"acts_visited":["Exordium","TheCity"],"potions_floor_usage":[11,14,16],"damage_taken":[{"damage":4,"enemies":"Jaw Worm","floor":1,"turns":4},{"damage":9,"enemies":"2 Louse","floor":3,"turns":3},{"damage":0,"enemies":"Cultist","floor":4,"turns":3},{"damage":25,"enemies":"3 Sentries","floor":8,"turns":4},{"damage":16,"enemies":"Lagavulin","floor":10,"turns":7},{"damage":0,"enemies":"Exordium Wildlife","floor":11,"turns":2},{"damage":0,"enemies":"3 Louse","floor":12,"turns":3},{"damage":1,"enemies":"Exordium Thugs","floor":14,"turns":3},{"damage":34,"enemies":"The Guardian","floor":16,"turns":10},{"damage":55,"enemies":"Chosen","floor":18,"turns":6}],"seed_played":"4723848017038984131","potions_obtained":[{"floor":3,"key":"GamblersBrew"},{"floor":10,"key":"DistilledChaos"},{"floor":11,"key":"FocusPotion"},{"floor":17,"key":"FocusPotion"},{"floor":18,"key":"Weak Potion"}],"is_trial":false,"path_per_floor":["M","?","M","M","$","R","?","E","T","E","M","M","R","M","R","B",null,"M"],"character_chosen":"DEFECT","items_purchased":["Fire Potion"],"campfire_rested":2,"item_purchase_floors":[5],"current_hp_per_floor":[60,60,51,51,51,51,51,26,26,10,10,10,31,30,51,17,63,8,8],"gold":256,"neow_bonus":"BOSS_RELIC","is_daily":false,"chose_seed":false,"campfire_upgraded":1,"win_rate":0.0,"timestamp":1614168708,"path_taken":["M","?","M","M","$","R","?","E","T","E","?","M","R","M","R","BOSS","M"],"items_purchased_type":["Potion"],"build_version":"2020-12-22","purchased_purges":0,"victory":false,"max_hp_per_floor":[71,71,71,71,71,71,71,71,71,71,71,71,71,71,71,71,76,76,76],"relic_stats":{"counters":[10,45],"War Paint":["Dualcast","Defend_B"],"obtain_stats":[{"Tiny House":17,"SacredBark":0,"War Paint":10,"Cracked Core":0,"InkBottle":8},{"Tiny House":9,"SacredBark":0,"War Paint":5,"Cracked Core":0,"InkBottle":4},{"Tiny House":39,"SacredBark":0,"War Paint":21,"Cracked Core":0,"InkBottle":14}],"InkBottle":[7]},"card_choices":[{"not_picked":["Rebound","Hologram"],"picked":"Cold Snap","floor":1},{"not_picked":["Reinforced Body","Go for the Eyes"],"picked":"Defragment","floor":3},{"not_picked":["Compile Driver","Coolheaded"],"picked":"Ball Lightning","floor":4},{"not_picked":["Undo","FTL"],"picked":"Leap","floor":8},{"not_picked":["Streamline","Lockon"],"picked":"Auto Shields","floor":10},{"not_picked":["Barrage","Consume"],"picked":"Loop","floor":11},{"not_picked":["Fusion","Turbo","Hologram"],"picked":"SKIP","floor":12},{"not_picked":["Beam Cell","Fusion"],"picked":"Doom and Gloom","floor":14},{"not_picked":["Buffer","Multi-Cast"],"picked":"Echo Form","floor":16},{"not_picked":["Leap","Redo"],"picked":"Coolheaded","floor":17}],"player_experience":403056,"relics_obtained":[{"floor":8,"key":"InkBottle"},{"floor":10,"key":"War Paint"}],"event_choices":[{"cards_removed":["Strike_B"],"damage_healed":0,"gold_gain":0,"player_choice":"Card Removal","damage_taken":0,"max_hp_gain":0,"max_hp_loss":0,"event_name":"The Cleric","floor":2,"gold_loss":75},{"damage_healed":0,"gold_gain":0,"player_choice":"1 cards matched","damage_taken":0,"max_hp_gain":0,"max_hp_loss":0,"event_name":"Match and Keep!","floor":7,"gold_loss":0,"cards_obtained":["Hyperbeam"]}],"is_beta":false,"boss_relics":[{"not_picked":["Runic Pyramid","Runic Dome"],"picked":"Tiny House"}],"items_purged_floors":[],"is_endless":false,"potions_floor_spawned":[3,10,11,12,18],"killed_by":"Chosen","ascension_level":20}}