{"host":"a3wpq7kyokchzawk","time":1614164945,"event":{"mods":["BaseMod","Colored Map","Highlight Path","Minty Spire (QoL Compilation)","Permanent Neow","Potion Indicator Mod","Relic Stats","Weighted Paths"],"gold_per_floor":[216,236,236,255,273,273,229,241,241,273,273,287,302,327,327,327,327],"floor_reached":16,"language":"ENG","playtime":1550,"items_purged":[],"score":232,"play_id":"bd74b323-b0f7-4010-aafd-c9278e463abd","local_time":"20210224080905","is_ascension_mode":true,"campfire_choices":[{"data":"Bash","floor":6.0,"key":"SMITH"},{"data":"Uppercut","floor":11.0,"key":"SMITH"},{"data":"Rupture","floor":15.0,"key":"SMITH"}],"circlet_count":0,"master_deck":["AscendersBane","Strike_R","Strike_R","Strike_R","Strike_R","Strike_R","Defend_R","Defend_R","Defend_R","Defend_R","Bash+1","Sword Boomerang","Power Through","Ghostly Armor","Whirlwind","Feel No Pain","Uppercut+1","Rupture+1","Dropkick","True Grit+1"],"relics":["Burning Blood","Toxic Egg 2","Pantograph","Ornamental Fan"],"acts_visited":["Exordium"],"potions_floor_usage":[],"damage_taken":[{"damage":6.0,"enemies":"Cultist","floor":1.0,"turns":3.0},{"damage":2.0,"enemies":"2 Louse","floor":2.0,"turns":3.0},{"damage":7.0,"enemies":"Jaw Worm","floor":4.0,"turns":3.0},{"damage":0.0,"enemies":"Exordium Wildlife","floor":5.0,"turns":3.0},{"damage":23.0,"enemies":"Exordium Thugs","floor":7.0,"turns":5.0},{"damage":6.0,"enemies":"3 Louse","floor":8.0,"turns":6.0},{"damage":35.0,"enemies":"Lagavulin","floor":10.0,"turns":8.0},{"damage":7.0,"enemies":"Red Slaver","floor":12.0,"turns":4.0},{"damage":5.0,"enemies":"Looter","floor":13.0,"turns":4.0},{"damage":36.0,"enemies":"3 Sentries","floor":14.0,"turns":8.0},{"damage":47,"enemies":"The Guardian","floor":16,"turns":8}],"seed_played":"3867243311985710071","potions_obtained":[{"floor":1.0,"key":"Swift Potion"},{"floor":3.0,"key":"Fruit Juice"},{"floor":3.0,"key":"SkillPotion"},{"floor":7.0,"key":"LiquidMemories"},{"floor":10.0,"key":"ColorlessPotion"},{"floor":12.0,"key":"Fruit Juice"},{"floor":13.0,"key":"PowerPotion"}],"is_trial":false,"path_per_floor":["M","M","?","M","M","R","M","M","T","E","R","M","M","E","R","B"],"character_chosen":"IRONCLAD","items_purchased":[],"campfire_rested":0,"item_purchase_floors":[],"current_hp_per_floor":[68,72,77,76,80,80,63,63,63,34,34,38,39,9,9,0,0],"gold":327,"neow_bonus":"HUNDRED_GOLD","is_daily":false,"chose_seed":false,"campfire_upgraded":3,"win_rate":0.0,"timestamp":1614164945,"path_taken":["M","M","?","?","M","R","M","M","T","E","R","M","M","E","R","BOSS"],"items_purchased_type":[],"build_version":"2020-12-22","purchased_purges":0,"victory":false,"max_hp_per_floor":[75,75,80,80,80,80,80,80,80,80,80,85,85,85,85,85,85],"relic_stats":{"counters":[11,55],"Ornamental Fan":[4],"Pantograph":25,"obtain_stats":[{"Ornamental Fan":14,"Pantograph":10,"Toxic Egg 2":9,"Burning Blood":0},{"Ornamental Fan":10,"Pantograph":7,"Toxic Egg 2":6,"Burning Blood":0},{"Ornamental Fan":47,"Pantograph":31,"Toxic Egg 2":23,"Burning Blood":0}],"Burning Blood":58},"card_choices":[{"not_picked":["Havoc","True Grit"],"picked":"Sword Boomerang","floor":1.0},{"not_picked":["Cleave","Evolve"],"picked":"Power Through","floor":2.0},{"not_picked":["Pummel","Anger"],"picked":"Ghostly Armor","floor":4.0},{"not_picked":["Anger","Twin Strike"],"picked":"Whirlwind","floor":5.0},{"not_picked":["Clash","Blood for Blood","Twin Strike"],"picked":"SKIP","floor":7.0},{"not_picked":["Pommel Strike","Power Through"],"picked":"Feel No Pain","floor":8.0},{"not_picked":["Pommel Strike","Bloodletting+1"],"picked":"Uppercut","floor":10.0},{"not_picked":["Carnage","Pommel Strike"],"picked":"Rupture","floor":12.0},{"not_picked":["Clash","Wild Strike"],"picked":"Dropkick","floor":13.0},{"not_picked":["Warcry+1","Ghostly Armor+1"],"picked":"True Grit+1","floor":14.0}],"player_experience":2843554,"relics_obtained":[{"floor":9.0,"key":"Toxic Egg 2"},{"floor":10.0,"key":"Pantograph"},{"floor":14.0,"key":"Ornamental Fan"}],"event_choices":[{"damage_healed":0.0,"max_hp_gain":0.0,"max_hp_loss":0.0,"gold_gain":0.0,"event_name":"Lab","player_choice":"Got Potions","floor":3.0,"gold_loss":0.0,"damage_taken":0.0}],"is_beta":false,"boss_relics":[],"items_purged_floors":[],"is_endless":false,"potions_floor_spawned":[1,7,8,10,12,13],"killed_by":"The Guardian","ascension_level":20}}