{"host":"2d926qfvvz477zl6","time":1614143221,"event":{"mods":["Aspiration","BaseMod","Challenge The Spire","Colorless Booster Pack","Conspire","Defective Defect","Downfall","GifTheSpireLib","Googly Eyes","GungeonMod","Halation","Hermit","Hero for Fun","Hubris","Infinite Spire","Minty Spire (QoL Compilation)","Morshu Shopkeeper","Permanent Neow","Pikachu Mod","Poor People Problems","Quick Restart","Rare Cards Sparkle","Reliquary","Replay The Spire","Shedinja","Shop Mod","Somnambulant","Spicy Shops","StS++","StSLib","Stuff the Spire","Td1madao Mod","The Awakened One except there are too many feathers","The Blue Laboratory","The Bug Knight","The Construct","The Cursed","The Disciple","The Edgeheg","The Forsaken","The Hierophant","The Servant 0.9.4","TheFirefly","Uncapped","Useless Jewels Mod","Wandering Minibosses","Wide Potions","[JumpMod]????","egg","everything is the same but u backflip on backflip","slay the spire mod where everything is the same but ironclad has a cowboy hat","thorton"],"gold_per_floor":[110,28,28,47,47,47,47,47,61,61,61,81,108,108,212,212,226,226,255,50,50,80,80,90,140,169,169,169,169,169,169],"floor_reached":31,"language":"ENG","playtime":993,"items_purged":["Strike_S","Strike_R"],"score":292,"play_id":"0b1c4d57-c26d-446c-bf88-54ed59902c5b","local_time":"20210224000701","is_ascension_mode":false,"campfire_choices":[{"data":"KidneyShot","floor":6,"key":"SMITH"},{"data":"Spin","floor":8,"key":"SMITH"},{"data":"Exchange","floor":15,"key":"SMITH"},{"data":"Ricochet","floor":28,"key":"SMITH"}],"circlet_count":0,"master_deck":["Strike_S","Strike_S","Defend_S","Defend_S","Defend_S","Defend_S","KidneyShot+1","Exchange+1","TheCursedMod:Strike_TheCursed","Gouge+1","Spin+1","Defy","ShatteredReality","Rearm","TheWorld","BottledTime","DoubleEdge","Defy","DoubleEdge","J.A.X.","DoubleEdge","Spin+1","Ricochet+1"],"relics":["Uniform","HowToJump","hubris:Teleporter","aspiration:AnachronicSnailShell","StoneCalendar","Smiling Mask","hubris:RunicObelisk","aspiration:RitualStick","Red Mask","hubris:SlimyHat","reliquary:TuningFork","MysterySword","conspire:TopHat","Akabeko","reliquary:PorcupineQuills"],"acts_visited":["Exordium","TheCity"],"potions_floor_usage":[16,16,20,20,23],"damage_taken":[{"damage":6,"enemies":"2 Louse","floor":1,"turns":2},{"damage":3,"enemies":"Cultist","floor":5,"turns":3},{"damage":0,"enemies":"Small Slimes","floor":10,"turns":2},{"damage":5,"enemies":"Exordium Thugs","floor":13,"turns":2},{"damage":14,"enemies":"3 Sentries","floor":14,"turns":6},{"damage":11,"enemies":"Slime Boss","floor":16,"turns":7},{"damage":7,"enemies":"Spheric Guardian","floor":18,"turns":6},{"damage":14,"enemies":"Masked Bandits","floor":20,"turns":5},{"damage":0,"enemies":"Gremlin Leader","floor":23,"turns":3},{"damage":6,"enemies":"3 Byrds","floor":25,"turns":3},{"damage":7,"enemies":"Nightmare","floor":27,"turns":4},{"damage":20,"enemies":"Snake Plant","floor":31,"turns":2}],"seed_played":"-9015271041177800137","potions_obtained":[{"floor":10,"key":"blueLaboratory:BottleOfRum"},{"floor":14,"key":"Fire Potion"},{"floor":16,"key":"Slimebound:ThreeZeroPotion"},{"floor":18,"key":"blueLaboratory:BottleOfRum"},{"floor":20,"key":"Fire Potion"}],"is_trial":false,"path_per_floor":["M","$","?","M","R","?","R","T","M","?","?","M","E","R","B",null,"M","?","?","$","?","E","AVR","M","T","NM","R","?","?","M"],"character_chosen":"THE_SERVANT","items_purchased":["aspiration:AnachronicSnailShell","hubris:SlimyHat","Defy","DoubleEdge"],"campfire_rested":0,"item_purchase_floors":[2,21,21,21],"current_hp_per_floor":[59,59,59,56,56,56,56,56,56,57,57,52,38,38,27,66,59,46,32,32,32,32,32,26,26,19,19,19,19,0,0],"gold":169,"neow_bonus":"ONE_RARE_RELIC","is_daily":false,"chose_seed":false,"campfire_upgraded":4,"win_rate":0.0,"timestamp":1614143221,"path_taken":["M","$","?","?","R","?","R","T","?","?","?","M","E","R","BOSS","M","?","?","$","?","E","AVR","M","T","NM","R","?","?","?"],"items_purchased_type":["Relic","Relic","Card","Card"],"build_version":"2020-12-22","purchased_purges":2,"victory":false,"max_hp_per_floor":[65,65,65,65,65,65,65,65,65,66,66,66,66,66,66,66,66,66,66,66,66,66,66,66,66,66,66,66,66,66,66],"card_choices":[{"not_picked":["ShatteredReality","Moonlight"],"picked":"Gouge","floor":1},{"not_picked":["Luminosity","GearUp"],"picked":"Spin","floor":5},{"not_picked":["Revamp","Snipe"],"picked":"Defy","floor":10},{"not_picked":["Ricochet","TheWorld"],"picked":"ShatteredReality","floor":13},{"not_picked":["Potential","DualDimension"],"picked":"Rearm","floor":14},{"not_picked":["Deny","Solidify"],"picked":"TheWorld","floor":16},{"not_picked":["Defy","Rewind+1"],"picked":"BottledTime","floor":18},{"not_picked":["WasteNot","TimeWarp"],"picked":"DoubleEdge","floor":20},{"not_picked":["RealityMarble","Potential"],"picked":"DoubleEdge","floor":23},{"not_picked":["ShatteredReality+1","Potential"],"picked":"Spin+1","floor":25},{"not_picked":["Spin+1","Dilation"],"picked":"Ricochet","floor":27}],"player_experience":555508,"relics_obtained":[{"floor":9,"key":"StoneCalendar"},{"floor":14,"key":"Smiling Mask"},{"floor":20,"key":"Red Mask"},{"floor":23,"key":"reliquary:TuningFork"},{"floor":26,"key":"Akabeko"},{"floor":27,"key":"reliquary:PorcupineQuills"}],"event_choices":[{"damage_healed":0,"gold_gain":0,"player_choice":"Upgraded","damage_taken":0,"max_hp_gain":0,"max_hp_loss":0,"event_name":"Upgrade Shrine","floor":4,"gold_loss":0,"cards_upgraded":["Gouge"]},{"cards_removed":["Strike_S"],"damage_healed":0,"gold_gain":0,"player_choice":"Purged","damage_taken":0,"max_hp_gain":0,"max_hp_loss":0,"event_name":"Purifier","floor":7,"gold_loss":0},{"damage_healed":0,"gold_gain":0,"player_choice":"Fought Bandits","damage_taken":0,"max_hp_gain":0,"max_hp_loss":0,"event_name":"Masked Bandits","floor":20,"gold_loss":0},{"damage_healed":0,"gold_gain":0,"player_choice":"Obtain J.A.X.","damage_taken":0,"max_hp_gain":0,"max_hp_loss":0,"event_name":"Drug Dealer","floor":22,"gold_loss":0,"cards_obtained":["J.A.X."]},{"damage_healed":0,"gold_gain":0,"player_choice":"Ignored","damage_taken":0,"max_hp_gain":0,"max_hp_loss":0,"event_name":"Cursed Tome","floor":29,"gold_loss":0}],"is_beta":false,"boss_relics":[{"not_picked":["aspiration:IroncladSkillbook","Pandora\u0027s Box"],"picked":"hubris:RunicObelisk"}],"items_purged_floors":[21,24],"is_endless":true,"potions_floor_spawned":[10,14,16,18,20],"killed_by":"Snake Plant","ascension_level":0}}