{"host":"fawhrnsdtsa3msx1","time":1614163443,"event":{"mods":["AchievementEnabler","BaseMod","Colored Map","DeckTracker","Keyboard Shortcuts","Minty Spire (QoL Compilation)","Permanent Neow","Quick Restart","SuperFastMode"],"gold_per_floor":[110,35,45,61,75,75,94,94,142,156,156,170,189,220,220,319,319,336,348,361,361,373,373,373],"floor_reached":23,"language":"KOR","playtime":1086,"items_purged":["Writhe"],"score":199,"play_id":"be41f28c-d2ac-414a-a735-57ae5dbd195d","local_time":"20210224194403","is_ascension_mode":false,"campfire_choices":[{"data":"True Grit","floor":6,"key":"SMITH"},{"data":"Entrench","floor":8,"key":"SMITH"},{"data":"Body Slam","floor":11,"key":"SMITH"},{"data":"Armaments","floor":15,"key":"SMITH"}],"circlet_count":0,"master_deck":["Strike_R","Strike_R","Strike_R","Defend_R","Defend_R","Defend_R","Defend_R","Bash","Headbutt","Entrench+1","Flame Barrier","True Grit+1","Pommel Strike","Body Slam+1","Shrug It Off","Armaments+1","Feed","Shrug It Off"],"relics":["Burning Blood","Omamori","Letter Opener","Sozu","Necronomicon"],"acts_visited":["Exordium","TheCity"],"potions_floor_usage":[16,16,16,16,16],"damage_taken":[{"damage":6,"enemies":"Cultist","floor":1,"turns":3},{"damage":11,"enemies":"Jaw Worm","floor":3,"turns":4},{"damage":7,"enemies":"Small Slimes","floor":4,"turns":4},{"damage":7,"enemies":"2 Fungi Beasts","floor":5,"turns":5},{"damage":22,"enemies":"Exordium Thugs","floor":7,"turns":5},{"damage":12,"enemies":"Lots of Slimes","floor":10,"turns":4},{"damage":7,"enemies":"Large Slime","floor":12,"turns":7},{"damage":2,"enemies":"Blue Slaver","floor":13,"turns":4},{"damage":30,"enemies":"Lagavulin","floor":14,"turns":12},{"damage":26,"enemies":"Slime Boss","floor":16,"turns":11},{"damage":20,"enemies":"2 Thieves","floor":18,"turns":5},{"damage":12,"enemies":"Spheric Guardian","floor":19,"turns":5},{"damage":19,"enemies":"Snecko","floor":20,"turns":6},{"damage":15,"enemies":"Shelled Parasite and Fungi","floor":22,"turns":6},{"damage":31,"enemies":"Book of Stabbing","floor":23,"turns":5}],"seed_played":"2892530727165116799","potions_obtained":[{"floor":7,"key":"EntropicBrew"},{"floor":12,"key":"Explosive Potion"},{"floor":13,"key":"GamblersBrew"},{"floor":14,"key":"AttackPotion"}],"is_trial":false,"path_per_floor":["M","$","M","M","M","R","M","R","T","M","R","M","M","E","R","B",null,"M","M","M","?","M","E"],"character_chosen":"IRONCLAD","items_purchased":[],"campfire_rested":0,"item_purchase_floors":[],"current_hp_per_floor":[80,80,75,74,73,73,57,57,57,51,51,50,54,30,30,26,80,66,63,54,38,29,0,0],"gold":373,"neow_bonus":"TRANSFORM_TWO_CARDS","is_daily":false,"chose_seed":false,"campfire_upgraded":4,"win_rate":0.0,"timestamp":1614163443,"path_taken":["M","$","M","?","M","R","?","R","T","M","R","?","M","E","R","BOSS","M","M","M","?","M","E"],"items_purchased_type":[],"build_version":"2020-12-22","purchased_purges":1,"victory":false,"max_hp_per_floor":[80,80,80,80,80,80,80,80,80,80,80,80,80,80,80,80,80,80,83,87,87,87,87,87],"card_choices":[{"not_picked":["Perfected Strike","Blood for Blood","Iron Wave"],"picked":"SKIP","floor":1},{"not_picked":["Second Wind","Iron Wave"],"picked":"Flame Barrier","floor":3},{"not_picked":["Searing Blow","Iron Wave"],"picked":"True Grit","floor":4},{"not_picked":["Iron Wave","Rampage"],"picked":"Pommel Strike","floor":5},{"not_picked":["Warcry","Sword Boomerang"],"picked":"Body Slam","floor":7},{"not_picked":["Limit Break","Sever Soul","Havoc"],"picked":"SKIP","floor":10},{"not_picked":["Flex","Clash","Warcry"],"picked":"SKIP","floor":12},{"not_picked":["Wild Strike","Searing Blow"],"picked":"Shrug It Off","floor":13},{"not_picked":["Fire Breathing","True Grit"],"picked":"Armaments","floor":14},{"not_picked":["Immolate","Reaper"],"picked":"Feed","floor":16},{"not_picked":["Rage","Infernal Blade","Flex"],"picked":"SKIP","floor":18},{"not_picked":["Headbutt","Warcry","Bloodletting"],"picked":"SKIP","floor":19},{"not_picked":["Wild Strike+1","Perfected Strike+1"],"picked":"Shrug It Off","floor":20},{"not_picked":["Reckless Charge","Pommel Strike","Flex"],"picked":"SKIP","floor":22}],"player_experience":67295,"relics_obtained":[{"floor":9,"key":"Omamori"},{"floor":14,"key":"Letter Opener"},{"floor":21,"key":"Necronomicon"}],"event_choices":[{"damage_healed":0,"gold_gain":0,"player_choice":"Obtained Book","damage_taken":16,"max_hp_gain":0,"max_hp_loss":0,"event_name":"Cursed Tome","floor":21,"gold_loss":0}],"is_beta":false,"boss_relics":[{"not_picked":["Runic Pyramid","Ectoplasm"],"picked":"Sozu"}],"items_purged_floors":[2],"is_endless":false,"potions_floor_spawned":[7,12,13,14,20],"killed_by":"Book of Stabbing","ascension_level":0}}