{"host":"gk9qdtkqd8dwfeg2","time":1614176913,"event":{"mods":["ATMod(∞¢Ë™Mod)","Act Like it!","BaseMod","Colored Powertips","Gensokyo","Minty Spire (QoL Compilation)","Quick Restart","Reimu£®≤©¿ˆ¡È√Œ£©","Remilia£®¿Ÿ√◊¿Ú—«£©","Shop Mod","StSLib","TestMod","The Servant 0.9.4","Waifu the Spire","Youmu£®ªÍ∆«—˝√Œ£©"],"gold_per_floor":[111,111,124,136,148,176,195,195,195],"floor_reached":8,"language":"ZHS","playtime":213,"items_purged":[],"score":110,"play_id":"03f4391f-d2b5-484d-b6a1-d011f95aeeff","local_time":"20210224222833","is_ascension_mode":true,"campfire_choices":[],"circlet_count":0,"master_deck":["AscendersBane","Strike_P","Strike_P","Strike_P","Strike_P","Defend_P","Defend_P","Defend_P","Defend_P","Eruption+1","Vigilance","AT_DivineConfetti+1","TalkToTheHand+1","Clumsy","BowlingBash+1","Judgement","Tantrum","AT_ChampionStep"],"relics":["PureWater","testmod-TestBox","AT_ATBox","testmod-BloodSacrificeSpiritualization","NeowsBlessing","Gensokyo:NagashiBinaDoll","Sundial"],"acts_visited":["Exordium"],"potions_floor_usage":[6,8,8],"damage_taken":[{"damage":6,"enemies":"Gensokyo:2_Kodama","floor":1,"turns":1},{"damage":6,"enemies":"Gensokyo:Python","floor":3,"turns":1},{"damage":6,"enemies":"Gensokyo:3_Fairies","floor":4,"turns":1},{"damage":11,"enemies":"Gensokyo:Gryphon_and_Rabbit","floor":5,"turns":2},{"damage":15,"enemies":"Gensokyo:Mamizou","floor":6,"turns":6},{"damage":3,"enemies":"Gensokyo:Kitsune","floor":7,"turns":2},{"damage":11,"enemies":"Gensokyo:Cirno","floor":8,"turns":5}],"seed_played":"6567410239984576466","potions_obtained":[{"floor":1,"key":"DistilledChaos"},{"floor":4,"key":"Ambrosia"},{"floor":6,"key":"PowerPotion"}],"is_trial":false,"path_per_floor":["M","?","M","M","M","E","M","E"],"character_chosen":"WATCHER","items_purchased":[],"campfire_rested":0,"item_purchase_floors":[],"current_hp_per_floor":[55,55,49,43,32,17,14,3,3],"gold":195,"neow_bonus":"THREE_ENEMY_KILL","is_daily":false,"chose_seed":false,"campfire_upgraded":0,"win_rate":0.0,"timestamp":1614176913,"path_taken":["M","?","M","?","?","E","M","E"],"items_purchased_type":[],"build_version":"2020-12-22","purchased_purges":0,"victory":false,"max_hp_per_floor":[68,68,68,68,68,68,68,68,68],"card_choices":[{"not_picked":["FlurryOfBlows","BowlingBash"],"picked":"TalkToTheHand","floor":1},{"not_picked":["ClearTheMind","Perseverance"],"picked":"BowlingBash","floor":3},{"not_picked":["InnerPeace","Nirvana"],"picked":"Judgement","floor":4},{"not_picked":["JustLucky","SashWhip","CrushJoints"],"picked":"SKIP","floor":5},{"not_picked":["DeceiveReality","PathToVictory"],"picked":"Tantrum","floor":6},{"not_picked":["MentalFortress","EmptyBody"],"picked":"AT_ChampionStep","floor":7}],"player_experience":836867,"relics_obtained":[{"floor":6,"key":"Sundial"}],"event_choices":[],"is_beta":false,"boss_relics":[],"items_purged_floors":[],"is_endless":false,"potions_floor_spawned":[1,4,6,7],"killed_by":"Gensokyo:Cirno","ascension_level":20}}