{"host":"Pascal","time":1614184199,"event":{"mods":["BaseMod","Googly Eyes","Minty Spire (QoL Compilation)","Permanent Neow","Relic Stats","StSLib"],"gold_per_floor":[117,67,81,93,93,123,123,152,179,179,189,59,70,84,84,84,84],"floor_reached":16,"language":"ENG","playtime":799,"items_purged":["Strike_G"],"score":140,"play_id":"4604073f-453e-4003-852f-08f37d5190f2","local_time":"20210224172959","is_ascension_mode":true,"campfire_choices":[{"floor":7,"key":"REST"},{"floor":10,"key":"REST"},{"floor":15,"key":"REST"}],"circlet_count":0,"master_deck":["Strike_G","Strike_G","Defend_G","Defend_G","Defend_G","Defend_G","Defend_G","Survivor","Neutralize","Slice","Finisher","Doppelganger","Blade Dance","Dagger Spray","Backstab","Backstab","Cloak And Dagger","Slice"],"relics":["Philosopher\u0027s Stone","Centennial Puzzle","Lantern","Smiling Mask"],"acts_visited":["Exordium"],"potions_floor_usage":[8,16,16,16],"damage_taken":[{"damage":7,"enemies":"Jaw Worm","floor":1,"turns":5},{"damage":0,"enemies":"Small Slimes","floor":3,"turns":5},{"damage":0,"enemies":"Cultist","floor":4,"turns":4},{"damage":54,"enemies":"Gremlin Nob","floor":6,"turns":6},{"damage":28,"enemies":"3 Sentries","floor":8,"turns":10},{"damage":2,"enemies":"Looter","floor":11,"turns":2},{"damage":4,"enemies":"Blue Slaver","floor":13,"turns":2},{"damage":7,"enemies":"Exordium Thugs","floor":14,"turns":3},{"damage":31,"enemies":"Hexaghost","floor":16,"turns":9}],"seed_played":"8846245934854746856","potions_obtained":[{"floor":4,"key":"Energy Potion"},{"floor":6,"key":"Poison Potion"},{"floor":8,"key":"Weak Potion"},{"floor":11,"key":"FearPotion"}],"is_trial":false,"path_per_floor":["M","?","M","M","?","E","R","E","T","R","M","$","M","M","R","B"],"character_chosen":"THE_SILENT","items_purchased":["Backstab"],"campfire_rested":3,"item_purchase_floors":[12],"current_hp_per_floor":[63,63,63,63,63,9,30,2,2,23,21,21,17,10,31,0,0],"gold":84,"neow_bonus":"BOSS_RELIC","is_daily":false,"chose_seed":false,"campfire_upgraded":0,"win_rate":0.0,"timestamp":1614184199,"path_taken":["M","?","M","M","?","E","R","E","T","R","M","$","M","?","R","BOSS"],"items_purchased_type":["Card"],"build_version":"2020-12-18","purchased_purges":1,"victory":false,"max_hp_per_floor":[70,70,70,70,70,70,70,70,70,70,70,70,70,70,70,70,70],"relic_stats":{"Centennial Puzzle":[15],"counters":[9,46],"Smiling Mask":25,"obtain_stats":[{"Centennial Puzzle":6,"Lantern":8,"Philosopher\u0027s Stone":0,"Smiling Mask":9,"Ring of the Snake":0},{"Centennial Puzzle":4,"Lantern":5,"Philosopher\u0027s Stone":0,"Smiling Mask":5,"Ring of the Snake":0},{"Centennial Puzzle":20,"Lantern":30,"Philosopher\u0027s Stone":0,"Smiling Mask":30,"Ring of the Snake":0}]},"card_choices":[{"not_picked":["Sucker Punch","Choke","Quick Slash"],"picked":"SKIP","floor":1},{"not_picked":["Well Laid Plans","Reflex"],"picked":"Slice","floor":3},{"not_picked":["Escape Plan","Dodge and Roll"],"picked":"Finisher","floor":4},{"not_picked":["Backstab","Outmaneuver"],"picked":"Blade Dance","floor":6},{"not_picked":["Catalyst","Deflect"],"picked":"Dagger Spray","floor":8},{"not_picked":["Underhanded Strike","Escape Plan"],"picked":"Backstab","floor":11},{"not_picked":["Masterful Stab","Venomology"],"picked":"Cloak And Dagger","floor":13},{"not_picked":["Escape Plan","PiercingWail"],"picked":"Slice","floor":14}],"player_experience":205349,"relics_obtained":[{"floor":6,"key":"Centennial Puzzle"},{"floor":8,"key":"Lantern"},{"floor":9,"key":"Smiling Mask"}],"event_choices":[{"cards_removed":["Strike_G"],"damage_healed":0,"gold_gain":0,"player_choice":"Card Removal","damage_taken":0,"max_hp_gain":0,"max_hp_loss":0,"event_name":"The Cleric","floor":2,"gold_loss":50},{"damage_healed":0,"gold_gain":0,"cards_transformed":["Strike_G"],"player_choice":"Transformed","damage_taken":0,"max_hp_gain":0,"max_hp_loss":0,"event_name":"Transmorgrifier","floor":5,"gold_loss":0,"cards_obtained":["Doppelganger"]}],"is_beta":true,"boss_relics":[],"items_purged_floors":[12],"is_endless":false,"potions_floor_spawned":[4,6,8,11,13],"killed_by":"Hexaghost","ascension_level":5}}