{"host":"pqs17sqrgflf4eqa","time":1614130065,"event":{"mods":["AchievementEnabler","BaseMod","Bestiary","Better Altar","Better Match","Better Skull","BetterRewards","Block Reminder","Bossed Relics","Colored Map","Colored Powertips","Curses Come First","Dark Map","DeckTracker","Defective Defect","Displayed Cursed Tome","Emptier Cage","Googly Eyes","Highlight Path","Infinite Spire","Minty Spire (QoL Compilation)","Poor People Problems","Quick Restart","StSLib","SuperFastMode","Transform Curses","everything is the same but u backflip on backflip","slay the spire mod where everything is the same but ironclad has a cowboy hat"],"gold_per_floor":[113,131,131,131,145,145,158,176,176,186,186],"floor_reached":10,"language":"ENG","playtime":165,"items_purged":[],"score":81,"play_id":"873c8cc9-b897-4027-92d9-d3250a6e6baa","local_time":"20210223202745","is_ascension_mode":true,"campfire_choices":[{"data":"Zap","floor":6,"key":"SMITH"}],"circlet_count":0,"master_deck":["Strike_B","Strike_B","Strike_B","Strike_B","Defend_B","Defend_B","Defend_B","Zap+1","Dualcast","Rip and Tear","Hologram","Beam Cell","Echo Form","Melter","Cold Snap"],"relics":["Cracked Core","infinitespire:Midas Blood","Bottled Lightning"],"acts_visited":["Exordium"],"potions_floor_usage":[2,7],"damage_taken":[{"damage":0,"enemies":"Cultist","floor":1,"turns":2},{"damage":0,"enemies":"Small Slimes","floor":2,"turns":1},{"damage":9,"enemies":"Jaw Worm","floor":5,"turns":3},{"damage":0,"enemies":"3 Louse","floor":7,"turns":1},{"damage":11,"enemies":"Looter","floor":8,"turns":2},{"damage":33,"enemies":"3 Sentries","floor":10,"turns":4}],"seed_played":"6349041383398949150","potions_obtained":[{"floor":2,"key":"AttackPotion"},{"floor":5,"key":"DuplicationPotion"},{"floor":8,"key":"SmokeBomb"}],"is_trial":false,"path_per_floor":["M","M","?","?","M","R","M","M","T","E"],"character_chosen":"DEFECT","items_purchased":["Rip and Tear","infinitespire:Midas Blood","Explosive Potion"],"campfire_rested":0,"item_purchase_floors":[0,0,0],"current_hp_per_floor":[53,53,53,53,44,44,44,33,33,0,0],"gold":186,"neow_bonus":"","is_daily":false,"chose_seed":false,"campfire_upgraded":1,"win_rate":0.0,"timestamp":1614130065,"path_taken":["M","?","?","?","?","R","M","M","T","E"],"items_purchased_type":["Card","Relic","Potion"],"build_version":"2020-12-22","purchased_purges":0,"victory":false,"max_hp_per_floor":[75,75,75,75,75,75,75,75,75,75,75],"card_choices":[{"not_picked":["Reprogram","Blizzard"],"picked":"Hologram","floor":1},{"not_picked":["Turbo","Darkness"],"picked":"Beam Cell","floor":2},{"not_picked":["Redo","Gash"],"picked":"Echo Form","floor":5},{"not_picked":["Barrage","Beam Cell"],"picked":"Melter","floor":7},{"not_picked":["Static Discharge","Turbo"],"picked":"Cold Snap","floor":8}],"player_experience":156205,"relics_obtained":[{"floor":9,"key":"Bottled Lightning"}],"event_choices":[{"damage_healed":0,"gold_gain":0,"player_choice":"Leave","damage_taken":0,"max_hp_gain":0,"max_hp_loss":0,"event_name":"The Cleric","floor":3,"gold_loss":0},{"cards_removed":["Defend_B"],"damage_healed":0,"gold_gain":0,"player_choice":"Purged","damage_taken":0,"max_hp_gain":0,"max_hp_loss":0,"event_name":"Purifier","floor":4,"gold_loss":0}],"is_beta":false,"boss_relics":[],"items_purged_floors":[],"is_endless":false,"potions_floor_spawned":[2,5,8],"killed_by":"3 Sentries","ascension_level":7}}