{"host":"miczq86z2i77lhk7","time":1614127609,"event":{"mods":["AchievementEnabler","BaseMod","Colored Map","Colored Powertips","Downfall","Highlight Path","Minty Spire (QoL Compilation)","StSLib"],"gold_per_floor":[99,110,20,120,120,120,145,178,78,63,63,80,90,110,126,223,223,223,242,242,259,276,161,186,213,233,133,133,162,181,224,243,338,338,338,352,363,413,191,91,169,182,182,182,215,233,265,265,275,275,275,310,135,135,135,135],"floor_reached":57,"language":"ENG","playtime":8755,"items_purged":["champ:Strike","champ:Strike","champ:Defend","champ:Defend","Normality"],"score":1402,"play_id":"41e00b2b-1d53-4448-bd18-04678dc4a558","local_time":"20210224014649","is_ascension_mode":false,"campfire_choices":[{"data":"champ:Taunt","floor":1.0,"key":"SMITH"},{"data":"champ:FancyFootwork","floor":6.0,"key":"SMITH"},{"data":"champ:StrikeOfGenius","floor":9.0,"key":"SMITH"},{"data":"champ:TripleStrike","floor":18.0,"key":"SMITH"},{"data":"champ:SkillfulDodge","floor":27.0,"key":"SMITH"},{"floor":35.0,"key":"RECALL"},{"data":"Mayhem","floor":40.0,"key":"SMITH"},{"data":"champ:DefensiveShout","floor":43.0,"key":"SMITH"},{"data":"champ:PreciseThrust","floor":44.0,"key":"SMITH"},{"data":"champ:Backstep","floor":54,"key":"SMITH"}],"circlet_count":0,"master_deck":["champ:Defend","champ:Defend","champ:Execute+1","champ:Taunt+1","champ:PreciseThrust+1","champ:FancyFootwork+1","champ:CalledShot","champ:StrikeOfGenius+1","champ:BringItOn+1","champ:Backstep+1","champ:ShieldSlam","champ:AdrenalArmor","champ:IronFortress","champ:TripleStrike+1","champ:SkillfulDodge+1","Necronomicurse","champ:DefensiveShout+1","champ:Haymaker","champ:CheapShot+1","champ:GladiatorStyle","Mayhem+1","champ:GladiatorStyle","champ:SteelEdge+1","champ:ArenaPreparation+1","champ:ShieldWall","Injury"],"relics":["champ:ChampionCrown","CloakClasp","Blue Candle","Anchor","downfall:HeartBlessingGreen","Black Star","Necronomicon","champ:DefensiveTrainingManual","Lantern","Matryoshka","downfall:HeartBlessingBlue","Molten Egg 2","WingedGreaves","Cursed Key","Calipers","downfall:HeartBlessingRed","Darkstone Periapt","Sundial","Bottled Flame","Vajra","Oddly Smooth Stone","Lizard Tail","Bag of Preparation","Pantograph","Whetstone","Centennial Puzzle"],"acts_visited":["Exordium","TheCity","TheBeyond","TheEnding"],"potions_floor_usage":[55,56],"damage_taken":[{"damage":21.0,"enemies":"Cultist","floor":2.0,"turns":5.0},{"damage":20.0,"enemies":"downfall:FleeingMerchant","floor":3.0,"turns":4.0},{"damage":74.0,"enemies":"downfall:FleeingMerchant","floor":4.0,"turns":10.0},{"damage":56.0,"enemies":"3 Sentries","floor":8.0,"turns":14.0},{"damage":11.0,"enemies":"downfall:FleeingMerchant","floor":10.0,"turns":4.0},{"damage":13.0,"enemies":"2 Louse","floor":12.0,"turns":4.0},{"damage":20.0,"enemies":"Small Slimes","floor":13.0,"turns":5.0},{"damage":9.0,"enemies":"Blue Slaver","floor":14.0,"turns":6.0},{"damage":10.0,"enemies":"Large Slime","floor":15.0,"turns":5.0},{"damage":27.0,"enemies":"SI_SHIV_ARCHETYPE","floor":16.0,"turns":9.0},{"damage":12.0,"enemies":"Spheric Guardian","floor":19.0,"turns":4.0},{"damage":48.0,"enemies":"3 Byrds","floor":21.0,"turns":6.0},{"damage":26.0,"enemies":"Cultist and Chosen","floor":22.0,"turns":9.0},{"damage":20.0,"enemies":"downfall:FleeingMerchant","floor":23.0,"turns":4.0},{"damage":2.0,"enemies":"Slavers","floor":25.0,"turns":4.0},{"damage":40.0,"enemies":"Chosen and Byrds","floor":26.0,"turns":6.0},{"damage":10.0,"enemies":"Book of Stabbing","floor":29.0,"turns":5.0},{"damage":31.0,"enemies":"Snake Plant","floor":30.0,"turns":5.0},{"damage":40.0,"enemies":"downfall:FleeingMerchant","floor":31.0,"turns":6.0},{"damage":20.0,"enemies":"Centurion and Healer","floor":32.0,"turns":5.0},{"damage":39.0,"enemies":"IC_MUSHROOM_ARCHETYPE","floor":33.0,"turns":8.0},{"damage":0.0,"enemies":"Orb Walker","floor":36.0,"turns":2.0},{"damage":45.0,"enemies":"3 Shapes","floor":37.0,"turns":8.0},{"damage":0.0,"enemies":"3 Shapes","floor":38.0,"turns":6.0},{"damage":31.0,"enemies":"Spire Growth","floor":42.0,"turns":4.0},{"damage":26.0,"enemies":"Giant Head","floor":45.0,"turns":9.0},{"damage":0.0,"enemies":"Writhing Mass","floor":46.0,"turns":3.0},{"damage":11.0,"enemies":"Reptomancer","floor":47.0,"turns":7.0},{"damage":1.0,"enemies":"Jaw Worm Horde","floor":49.0,"turns":4.0},{"damage":31.0,"enemies":"DF_ARCHETYPE_ORBS","floor":50.0,"turns":10.0},{"damage":3,"enemies":"downfall:CharBossMerchant","floor":52,"turns":9},{"damage":25,"enemies":"downfall:NeowBoss","floor":55,"turns":14},{"damage":140,"enemies":"downfall:NeowBossFinal","floor":56,"turns":17}],"seed_played":"4748665025440173075","potions_obtained":[{"floor":2.0,"key":"Strength Potion"},{"floor":8.0,"key":"Fruit Juice"},{"floor":13.0,"key":"champ:TechniquePotion"},{"floor":14.0,"key":"SteroidPotion"},{"floor":21.0,"key":"Fire Potion"},{"floor":26.0,"key":"Strength Potion"},{"floor":30.0,"key":"Fire Potion"},{"floor":32.0,"key":"Swift Potion"},{"floor":36.0,"key":"Regen Potion"},{"floor":37.0,"key":"ColorlessPotion"},{"floor":42.0,"key":"PowerPotion"},{"floor":46.0,"key":"Guardian:BlockOnCardUsePotion"},{"floor":52,"key":"Energy Potion"}],"is_trial":false,"path_per_floor":["R","M","$","?","?","R","T","E","R","$","?","M","M","M","M","B",null,"R","M","?","M","M","$","T","E","M","R","?","E","M","$","M","B",null,"R","M","M","?","$","R","T","M","R","R","E","M","E","T","M","B",null,"E","$","R","B","B",null],"character_chosen":"THE_CHAMP","items_purchased":["Mayhem","champ:ShieldWall"],"campfire_rested":0,"item_purchase_floors":[31,39],"current_hp_per_floor":[99,98,98,74,69,69,69,58,58,57,57,54,54,45,45,38,104,104,102,86,78,52,52,52,50,50,60,52,52,41,41,41,22,114,114,114,114,114,114,114,114,88,88,88,87,87,86,92,91,90,120,117,117,117,115,35],"gold":135,"neow_bonus":"TEN_PERCENT_HP_BONUS","is_daily":false,"chose_seed":false,"campfire_upgraded":9,"win_rate":0.0,"timestamp":1614127609,"path_taken":["R","M","?","?","?","R","T","E","R","?","?","M","?","M","M","BOSS","R","M","?","M","M","$","T","E","M","R","?","E","M","$","M","BOSS","R","M","M","?","$","R","T","M","R","R","E","M","E","?","M","BOSS","E","$","R","BOSS","BOSS"],"items_purchased_type":["Card","Card"],"build_version":"2020-12-22","purchased_purges":5,"victory":true,"max_hp_per_floor":[99,99,99,99,99,99,99,104,104,104,104,104,104,104,104,104,104,104,104,104,104,104,104,104,104,104,114,114,114,114,114,114,114,114,114,114,114,114,114,114,114,114,114,114,114,114,114,120,120,120,120,120,120,120,120,120],"card_choices":[{"not_picked":["champ:RapidStrikes","champ:HeartStrike"],"picked":"champ:PreciseThrust","floor":2.0},{"not_picked":["champ:Lariat","champ:Haymaker"],"picked":"champ:FancyFootwork","floor":3.0},{"not_picked":["champ:Parry","champ:Circumvent"],"picked":"champ:CalledShot","floor":4.0},{"not_picked":["champ:FaceSlap","champ:Backstep"],"picked":"champ:StrikeOfGenius","floor":8.0},{"not_picked":["champ:Parry","champ:RecklessLeap"],"picked":"champ:BringItOn","floor":10.0},{"not_picked":["champ:SetATrap","champ:BladeFlurry"],"picked":"champ:Backstep","floor":12.0},{"not_picked":["champ:FocusedBerserking","champ:PreciseThrust"],"picked":"champ:ShieldSlam","floor":13.0},{"not_picked":["champ:PreemptiveStrike","champ:PerfectedStrike"],"picked":"champ:AdrenalArmor","floor":14.0},{"not_picked":["champ:Shatter","champ:DeathBlow"],"picked":"champ:IronFortress","floor":15.0},{"not_picked":["champ:Improvising","champ:CheapShot"],"picked":"champ:TripleStrike","floor":16.0},{"not_picked":["champ:Backstep","champ:FlashCut"],"picked":"champ:SkillfulDodge","floor":19.0},{"not_picked":["champ:Backstep","champ:SkillfulDodge","champ:TornadoPunch"],"picked":"SKIP","floor":21.0},{"not_picked":["champ:FanOfKnives+1","champ:CrownThrow+1","champ:PreciseThrust"],"picked":"SKIP","floor":22.0},{"not_picked":["champ:IgnorePain","champ:Shatter+1"],"picked":"champ:DefensiveShout","floor":23.0},{"not_picked":["champ:CrookedStrike","champ:SkillfulDodge","champ:CrownThrow"],"picked":"SKIP","floor":25.0},{"not_picked":["champ:BerserkersShout","champ:TornadoPunch","champ:SetATrap+1"],"picked":"SKIP","floor":26.0},{"not_picked":["champ:FocusedDefense","champ:BringItOn+1"],"picked":"champ:GladiatorStyle","floor":29.0},{"not_picked":["champ:TornadoPunch+1","champ:RisingSlash+1","champ:Haymaker+1"],"picked":"SKIP","floor":30.0},{"not_picked":["champ:FancyFootwork+1","champ:AdrenalArmor","champ:Encircle+1"],"picked":"SKIP","floor":31.0},{"not_picked":["champ:ShieldSlam","champ:EnGarde"],"picked":"champ:GladiatorStyle","floor":32.0},{"not_picked":["champ:LastStand","champ:TripleStrike+1"],"picked":"champ:SteelEdge+1","floor":33.0},{"not_picked":["champ:Backstep","champ:EnragedBash+1"],"picked":"champ:ArenaPreparation+1","floor":36.0},{"not_picked":["champ:SetATrap+1","champ:FanOfKnives+1","champ:CrookedStrike+1"],"picked":"SKIP","floor":37.0},{"not_picked":["champ:Shatter+1","champ:CalledShot","champ:FlashCut+1"],"picked":"SKIP","floor":42.0},{"not_picked":["champ:BringItOn+1","champ:CrownThrow+1","champ:FaceSlap+1"],"picked":"SKIP","floor":45.0},{"not_picked":["champ:TornadoPunch+1","champ:PreciseThrust+1","champ:Backstep"],"picked":"SKIP","floor":46.0},{"not_picked":["champ:PreemptiveStrike+1","champ:PreciseThrust+1","champ:HeartStrike+1"],"picked":"SKIP","floor":47.0},{"not_picked":["champ:Lariat","champ:PerfectedStrike+1","champ:AdrenalArmor+1"],"picked":"SKIP","floor":49.0},{"not_picked":["champ:PreciseThrust+1","champ:BringItOn","champ:PerfectedStrike+1"],"picked":"SKIP","floor":52}],"player_experience":79254,"relics_obtained":[{"floor":4.0,"key":"CloakClasp"},{"floor":8.0,"key":"Anchor"},{"floor":20.0,"key":"Necronomicon"},{"floor":24.0,"key":"champ:DefensiveTrainingManual"},{"floor":25.0,"key":"Lantern"},{"floor":25.0,"key":"Matryoshka"},{"floor":29.0,"key":"Molten Egg 2"},{"floor":29.0,"key":"WingedGreaves"},{"floor":38.0,"key":"Calipers"},{"floor":41.0,"key":"Darkstone Periapt"},{"floor":41.0,"key":"Sundial"},{"floor":45.0,"key":"Bottled Flame"},{"floor":45.0,"key":"Vajra"},{"floor":47.0,"key":"Oddly Smooth Stone"},{"floor":47.0,"key":"Lizard Tail"},{"floor":48.0,"key":"Bag of Preparation"},{"floor":48.0,"key":"Pantograph"},{"floor":52,"key":"Whetstone"},{"floor":52,"key":"Centennial Puzzle"}],"event_choices":[],"is_beta":false,"boss_relics":[{"not_picked":["Busted Crown","Velvet Choker"],"picked":"Black Star"},{"not_picked":["Runic Dome","champ:ChampionCrownUpgraded"],"picked":"Cursed Key"}],"items_purged_floors":[3,23,31,39,53],"is_endless":false,"potions_floor_spawned":[2,8,13,14,16,19,21,26,30,32,36,37,42,46,52],"ascension_level":0}}