{"host":"zwfn3igoxym2o8ah","time":1614201422,"event":{"mods":["AchievementEnabler","BaseMod","Colored Map","Downfall","Hermit","Hubris","Minty Spire (QoL Compilation)","Quick Restart","Replay The Spire","StSLib","The Cursed","The Disciple","The Necromancer"],"gold_per_floor":[114,114,114,125,50,70,88,88,88,88,103,134,149,149,149,244,244,262,38,88,138,154,179,217,217,241,188,188,220,220,252,252,364,364,396,446,477,278,308,359,359,263,263,340,340,99,99,131,131,153],"floor_reached":51,"language":"ENG","playtime":22238,"items_purged":["TheCursedMod:ManaCirculation+1"],"score":922,"play_id":"84e802c1-d639-415f-8ed2-c1c51f82a9d6","local_time":"20210224161702","is_ascension_mode":false,"campfire_choices":[{"data":"TheCursedMod:HellfireBreathing","floor":8,"key":"SMITH"},{"data":"TheCursedMod:CursedWand","floor":15,"key":"SMITH"},{"floor":25,"key":"REST"},{"data":"TheCursedMod:Evocation","floor":28,"key":"SMITH"},{"data":"TheCursedMod:SpitefulPlan","floor":30,"key":"SMITH"},{"data":"TheCursedMod:Torture","floor":32,"key":"SMITH"},{"floor":41,"key":"REST"},{"floor":45,"key":"REST"},{"data":"TheCursedMod:CircleOfCorruption","floor":47,"key":"SMITH"},{"floor":49,"key":"DIG"}],"circlet_count":0,"master_deck":["TheCursedMod:Strike_TheCursed","TheCursedMod:Strike_TheCursed","TheCursedMod:Strike_TheCursed","TheCursedMod:Defend_TheCursed","TheCursedMod:Defend_TheCursed","TheCursedMod:Defend_TheCursed","TheCursedMod:Defend_TheCursed","TheCursedMod:CursedWand+1","TheCursedMod:Dregs","TheCursedMod:Torture+1","TheCursedMod:CursedAmulet","TheCursedMod:CursedBlade","TheCursedMod:HellfireBreathing+1","TheCursedMod:SpitefulPlan+1","TheCursedMod:Evocation+1","TheCursedMod:SpitefulStrike","TheCursedMod:DemonSword","TheCursedMod:Obscuration","TheCursedMod:NeowsMight","TheCursedMod:CircleOfAmplification+1","Spectral_Armor","TheCursedMod:SmokeScreen+1","TheCursedMod:Stigma+1","TheCursedMod:CursedMace+1","TheCursedMod:SurpriseAttack","TheCursedMod:WearCloak","TheCursedMod:StingEye+1","TheCursedMod:DarkBarrier","TheCursedMod:TroublousMinions+1","TheCursedMod:DemonicPact+1","TheCursedMod:VitalStrike+1","TheCursedMod:SmokeScreen","TheCursedMod:DemonicPact","Forethought","TheCursedMod:SurpriseAttack+1","TheCursedMod:CircleOfCorruption+1","TheCursedMod:Hemoplague","TheCursedMod:Mangle+1","TheCursedMod:DoubleShield+1","Pot Of Greed","Pot Of Greed","Pot Of Greed","Pot Of Greed","TheCursedMod:SmokeScreen+1","TheCursedMod:SurpriseAttack"],"relics":["TheCursedMod:BlackMagic101","Replay:Bottled Snecko","Darkstone Periapt","SsserpentHead","Replay:Grab Bag","ReplayTheSpireMod:DimensionalGlitch","TheCursedMod:OminousMark","Black Star","Oddly Smooth Stone","MutagenicStrength","Replay:Bandana","Kunai","Anchor","Astrolabe","MealTicket","hubris:BottledRain","Bronze Scales","Grinning Jar","Letter Opener","Bird Faced Urn"],"acts_visited":["Exordium","TheCity","TheBeyond"],"potions_floor_usage":[11,16,18,40,40,50,50,50],"damage_taken":[{"damage":0,"enemies":"Small Slimes","floor":1,"turns":3},{"damage":0,"enemies":"Cultist","floor":4,"turns":4},{"damage":0,"enemies":"Jaw Worm","floor":6,"turns":4},{"damage":2,"enemies":"Red Slaver","floor":7,"turns":4},{"damage":0,"enemies":"2 Fungi Beasts","floor":11,"turns":2},{"damage":24,"enemies":"Lagavulin","floor":12,"turns":8},{"damage":0,"enemies":"Exordium Thugs","floor":13,"turns":5},{"damage":29,"enemies":"Fading Forest","floor":16,"turns":11},{"damage":12,"enemies":"2 Thieves","floor":18,"turns":4},{"damage":7,"enemies":"Chosen","floor":22,"turns":7},{"damage":23,"enemies":"Slavers","floor":23,"turns":8},{"damage":4,"enemies":"3 Cultists","floor":24,"turns":6},{"damage":0,"enemies":"Snecko","floor":29,"turns":4},{"damage":4,"enemies":"Snake Plant","floor":31,"turns":4},{"damage":29,"enemies":"Pondfish","floor":33,"turns":11},{"damage":0,"enemies":"3 Shapes","floor":35,"turns":5},{"damage":0,"enemies":"Orb Walker","floor":37,"turns":3},{"damage":19,"enemies":"4 Shapes","floor":39,"turns":10},{"damage":37,"enemies":"Nemesis","floor":40,"turns":9},{"damage":20,"enemies":"Sphere and 2 Shapes","floor":44,"turns":6},{"damage":0,"enemies":"Jaw Worm Horde","floor":48,"turns":4},{"damage":35,"enemies":"hubris:GrandSnecko","floor":50,"turns":12}],"seed_played":"2934377740343614863","potions_obtained":[{"floor":6,"key":"Fire Potion"},{"floor":11,"key":"Energy Potion"},{"floor":16,"key":"Swift Potion"},{"floor":29,"key":"LifebloodPotion"},{"floor":35,"key":"Venom Potion"},{"floor":37,"key":"ColorlessPotion"},{"floor":44,"key":"champ:CounterPotion"},{"floor":48,"key":"PowerPotion"}],"is_trial":false,"path_per_floor":["M","?","$","M","$","M","M","R","T","?","M","E","M","?","R","B",null,"M","$","?","?","M","E","M","R","T","$","R","M","R","M","R","B",null,"M","?","M","$","M","E","R","$","T","M","R","$","R","M","R_BF","B",null],"character_chosen":"THE_CURSED","items_purchased":["TheCursedMod:HellfireBreathing","TheCursedMod:SoulReap","Oddly Smooth Stone","TheCursedMod:SurpriseAttack","TheCursedMod:CircleOfCorruption","TheCursedMod:Hemoplague","Bronze Scales","Letter Opener"],"campfire_rested":3,"item_purchase_floors":[5,19,19,27,38,38,42,46],"current_hp_per_floor":[82,82,82,82,82,82,80,80,80,80,80,56,56,56,56,37,82,70,70,70,70,66,47,47,71,71,71,71,75,75,74,74,48,82,82,82,82,82,63,26,50,65,65,45,69,82,82,82,82,47],"gold":153,"neow_bonus":"TEN_PERCENT_HP_BONUS","is_daily":false,"chose_seed":false,"campfire_upgraded":6,"win_rate":0.0,"timestamp":1614201422,"path_taken":["M","?","$","M","$","M","M","R","T","?","?","E","M","?","R","BOSS","M","$","?","?","M","E","M","R","T","$","R","M","R","M","R","BOSS","M","?","M","$","M","E","R","?","T","?","R","$","R","M","R_BF","BOSS"],"items_purchased_type":["Card","Card","Relic","Card","Card","Card","Relic","Relic"],"build_version":"2020-12-22","purchased_purges":1,"victory":true,"max_hp_per_floor":[82,82,82,82,82,82,82,82,82,82,82,82,82,82,82,82,82,82,82,82,82,82,82,82,82,82,82,82,82,82,82,82,82,82,82,82,82,82,82,82,82,82,82,82,82,82,82,82,82,82],"card_choices":[{"not_picked":["TheCursedMod:RapidMovement","TheCursedMod:Obscuration"],"picked":"TheCursedMod:Torture","floor":1},{"not_picked":["TheCursedMod:CursedMace","TheCursedMod:CircleOfFocus"],"picked":"TheCursedMod:CursedBlade","floor":4},{"not_picked":["TheCursedMod:SpitefulStrike","TheCursedMod:CircleOfCorruption"],"picked":"TheCursedMod:SpitefulPlan","floor":6},{"not_picked":["TheCursedMod:BloodBarrier","TheCursedMod:SoulCrush"],"picked":"TheCursedMod:Evocation","floor":7},{"not_picked":["TheCursedMod:RavingStaff","TheCursedMod:RapidMovement"],"picked":"TheCursedMod:SpitefulStrike","floor":11},{"not_picked":["TheCursedMod:CursedShiv","TheCursedMod:Mangle"],"picked":"TheCursedMod:DemonSword","floor":12},{"not_picked":["TheCursedMod:RapidMovement","TheCursedMod:Torture"],"picked":"TheCursedMod:Obscuration","floor":13},{"not_picked":["TheCursedMod:AntiAging","TheCursedMod:StunningStrike"],"picked":"TheCursedMod:NeowsMight","floor":16},{"not_picked":["TheCursedMod:SpitefulStrike","TheCursedMod:SaltUponWound"],"picked":"TheCursedMod:CircleOfAmplification+1","floor":18},{"not_picked":["TheCursedMod:Grudge","TheCursedMod:CircleOfFlame"],"picked":"TheCursedMod:SmokeScreen+1","floor":22},{"not_picked":["TheCursedMod:Stretching","TheCursedMod:ForbiddenAlchemy"],"picked":"TheCursedMod:Stigma+1","floor":23},{"not_picked":["TheCursedMod:CursedBlade","TheCursedMod:HellsGateOpen+1"],"picked":"TheCursedMod:CursedMace+1","floor":24},{"not_picked":["TheCursedMod:TroublousMinions","TheCursedMod:Stigma+1"],"picked":"TheCursedMod:WearCloak","floor":29},{"not_picked":["TheCursedMod:SmokeScreen","TheCursedMod:ManaBullet"],"picked":"TheCursedMod:StingEye+1","floor":31},{"not_picked":["TheCursedMod:StunningStrike","TheCursedMod:CursedRelics"],"picked":"TheCursedMod:DarkBarrier","floor":33},{"not_picked":["TheCursedMod:CursedMace","TheCursedMod:CircleOfFlame"],"picked":"TheCursedMod:VitalStrike+1","floor":35},{"not_picked":["TheCursedMod:SpitefulStrike+1","TheCursedMod:CursedSpellbook+1"],"picked":"TheCursedMod:SurpriseAttack+1","floor":37},{"not_picked":["TheCursedMod:DemonSword","TheCursedMod:SpitefulStrike+1"],"picked":"TheCursedMod:Mangle+1","floor":39},{"not_picked":["TheCursedMod:StingEye","TheCursedMod:Hemoplague+1"],"picked":"TheCursedMod:DoubleShield+1","floor":40},{"not_picked":["TheCursedMod:Obscuration+1","TheCursedMod:Torture"],"picked":"TheCursedMod:SmokeScreen+1","floor":44},{"not_picked":["TheCursedMod:StingEye+1","TheCursedMod:SmokeScreen+1"],"picked":"TheCursedMod:SurpriseAttack","floor":48}],"player_experience":57086,"relics_obtained":[{"floor":9,"key":"Replay:Bottled Snecko"},{"floor":12,"key":"Darkstone Periapt"},{"floor":23,"key":"Replay:Bandana"},{"floor":23,"key":"Kunai"},{"floor":26,"key":"Anchor"},{"floor":40,"key":"MealTicket"},{"floor":40,"key":"hubris:BottledRain"},{"floor":43,"key":"Grinning Jar"},{"floor":49,"key":"Bird Faced Urn"}],"event_choices":[{"damage_healed":0,"gold_gain":0,"player_choice":"Ignored","damage_taken":0,"max_hp_gain":0,"max_hp_loss":0,"event_name":"Fountain of Cleansing","floor":10,"gold_loss":0},{"damage_healed":0,"gold_gain":0,"player_choice":"Trade","damage_taken":0,"relics_obtained":["SsserpentHead"],"max_hp_gain":0,"max_hp_loss":0,"event_name":"FaceTrader","floor":14,"gold_loss":0},{"damage_healed":0,"gold_gain":0,"player_choice":"Inject Mutagens","damage_taken":0,"relics_obtained":["MutagenicStrength"],"max_hp_gain":0,"max_hp_loss":0,"event_name":"Drug Dealer","floor":20,"gold_loss":0},{"damage_healed":0,"gold_gain":0,"player_choice":"Read","damage_taken":0,"max_hp_gain":0,"max_hp_loss":0,"event_name":"The Library","floor":21,"gold_loss":0,"cards_obtained":["Spectral_Armor"]},{"damage_healed":0,"gold_gain":0,"player_choice":"3 cards matched","damage_taken":0,"max_hp_gain":0,"max_hp_loss":0,"event_name":"Match and Keep!","floor":36,"gold_loss":0,"cards_obtained":["TheCursedMod:SmokeScreen","TheCursedMod:DemonicPact","Forethought"]}],"is_beta":false,"boss_relics":[{"not_picked":["hubris:ScarierMask","TheCursedMod:FourLeafCloverCharm"],"picked":"Replay:Grab Bag"},{"not_picked":["hubris:RunicObelisk","hubris:TerracottaHorce"],"picked":"ReplayTheSpireMod:DimensionalGlitch"},{"not_picked":["Replay:Wanted Poster","Replay:Bronze Core"],"picked":"TheCursedMod:OminousMark"},{"not_picked":["hubris:BlackHole","Empty Cage"],"picked":"Black Star"},{"not_picked":["SacredBark","hubris:CrackedHourglass"],"picked":"Astrolabe"}],"items_purged_floors":[38],"is_endless":false,"potions_floor_spawned":[6,11,16,29,35,37,39,44,48],"ascension_level":0}}