{"host":"to2s10i0cynxbiqz","time":1614151916,"event":{"mods":["BaseMod","Colored Powertips","Highlight Path","Minty Spire (QoL Compilation)","Quick Restart","StSLib","slay the spire mod where everything is the same but ironclad has a cowboy hat"],"gold_per_floor":[110,110,126,139,159,159,174,174,174,184,209,29,62,137,137,137,137],"floor_reached":16,"language":"ZHS","playtime":610,"items_purged":["Strike_G"],"score":118,"play_id":"581f47df-ffb5-4883-9cf2-7d2f0374091c","local_time":"20210224153156","is_ascension_mode":true,"campfire_choices":[{"data":"Underhanded Strike","floor":6.0,"key":"SMITH"},{"data":"Underhanded Strike","floor":8.0,"key":"SMITH"},{"floor":15,"key":"REST"}],"circlet_count":0,"master_deck":["Strike_G","Strike_G","Strike_G","Strike_G","Defend_G","Defend_G","Defend_G","Defend_G","Survivor","Neutralize","Underhanded Strike+1","Endless Agony","Underhanded Strike+1","Deflect","Unload","Footwork","Distraction","Backstab"],"relics":["Ring of the Snake","Paper Crane","Darkstone Periapt","White Beast Statue"],"acts_visited":["Exordium"],"potions_floor_usage":[13],"damage_taken":[{"damage":0.0,"enemies":"Small Slimes","floor":1.0,"turns":3.0},{"damage":0.0,"enemies":"Cultist","floor":3.0,"turns":3.0},{"damage":3.0,"enemies":"Jaw Worm","floor":4.0,"turns":3.0},{"damage":2.0,"enemies":"Blue Slaver","floor":5.0,"turns":3.0},{"damage":1.0,"enemies":"Large Slime","floor":7.0,"turns":6.0},{"damage":3.0,"enemies":"Exordium Thugs","floor":10.0,"turns":5.0},{"damage":1.0,"enemies":"3 Sentries","floor":11.0,"turns":6.0},{"damage":18,"enemies":"Lagavulin","floor":13,"turns":3},{"damage":33,"enemies":"Hexaghost","floor":16,"turns":15}],"seed_played":"2624638857367290638","potions_obtained":[{"floor":1.0,"key":"PowerPotion"},{"floor":3.0,"key":"FearPotion"},{"floor":7.0,"key":"GamblersBrew"}],"is_trial":false,"path_per_floor":["M","?","M","M","M","R","M","R","T","M","E","$","E","?","R","B"],"character_chosen":"THE_SILENT","items_purchased":["Distraction","Backstab"],"campfire_rested":1,"item_purchase_floors":[12,12],"current_hp_per_floor":[70,63,63,60,58,58,57,57,57,54,53,53,35,24,45,12,12],"gold":137,"neow_bonus":"REMOVE_CARD","is_daily":false,"chose_seed":false,"campfire_upgraded":2,"win_rate":0.0,"timestamp":1614151916,"path_taken":["M","?","M","M","?","R","M","R","T","M","E","$","E","?","R","BOSS"],"items_purchased_type":["Card","Card"],"build_version":"2020-12-22","purchased_purges":1,"victory":false,"max_hp_per_floor":[70,70,70,70,70,70,70,70,70,70,70,70,70,70,70,70,70],"card_choices":[{"not_picked":["Caltrops","Dagger Spray","Slice"],"picked":"SKIP","floor":1.0},{"not_picked":["Poisoned Stab","Flying Knee"],"picked":"Underhanded Strike","floor":3.0},{"not_picked":["Poisoned Stab","Cloak And Dagger"],"picked":"Endless Agony","floor":4.0},{"not_picked":["Poisoned Stab","Backstab"],"picked":"Underhanded Strike","floor":5.0},{"not_picked":["Underhanded Strike","Poisoned Stab"],"picked":"Deflect","floor":7.0},{"not_picked":["Escape Plan","Deflect"],"picked":"Unload","floor":10.0},{"not_picked":["Blade Dance","Deflect"],"picked":"Footwork","floor":11.0},{"not_picked":["PiercingWail","Accuracy","Night Terror"],"picked":"SKIP","floor":13}],"player_experience":204470,"relics_obtained":[{"floor":9.0,"key":"Paper Crane"},{"floor":11.0,"key":"Darkstone Periapt"},{"floor":13,"key":"White Beast Statue"}],"event_choices":[{"damage_healed":0.0,"max_hp_gain":0.0,"max_hp_loss":0.0,"gold_gain":0.0,"event_name":"Wheel of Change","player_choice":"Damaged","floor":2.0,"gold_loss":0.0,"damage_taken":7.0},{"damage_healed":0,"gold_gain":75,"player_choice":"Gather Gold","damage_taken":11,"max_hp_gain":0,"max_hp_loss":0,"event_name":"World of Goop","floor":14,"gold_loss":0}],"is_beta":false,"boss_relics":[],"items_purged_floors":[12],"is_endless":false,"potions_floor_spawned":[1,3,7],"killed_by":"Hexaghost","ascension_level":1}}