{"host":"dhv3u8yhd2rnugsp","time":1614142176,"event":{"mods":["100% Spire Juice","BaseMod","Block Reminder","Colored Map","Googly Eyes","Highlight Path","Minty Spire (QoL Compilation)","Permanent Neow","Quick Restart","Random Character Button","StSLib"],"gold_per_floor":[111,111,124,134,153,178,195,230,230,257,257,18,44,57,57,131,131,148,121,133,133,4,38,48,76,76,76,103,103,135,148,148,223,223,238,157,180,196,196,196,224,224,224,238,270,270,595,622,622,622,622,622],"floor_reached":51,"language":"ENG","playtime":3532,"items_purged":["Strike_G","Burst"],"score":1801,"play_id":"5fbac57a-b804-4bef-8d9f-0ca6d63cc6b4","local_time":"20210223224936","is_ascension_mode":true,"campfire_choices":[{"floor":11.0,"key":"REST"},{"floor":15.0,"key":"RECALL"},{"data":"Bullet Time","floor":27.0,"key":"SMITH"},{"data":"Terror","floor":29.0,"key":"SMITH"},{"floor":32.0,"key":"REST"},{"floor":40,"key":"REST"},{"floor":42,"key":"REST"},{"floor":49,"key":"REST"}],"circlet_count":0,"master_deck":["AscendersBane","Survivor","Neutralize","Apotheosis+1","Well Laid Plans","Cloak And Dagger","Dagger Spray","After Image","Backstab","Leg Sweep","PiercingWail","Blade Dance","Poisoned Stab","Envenom+1","Dagger Spray","Burst","PiercingWail","Endless Agony","After Image","PiercingWail","A Thousand Cuts","Footwork","Terror+1","Blade Dance","Bullet Time+1","PiercingWail","Tools of the Trade","PiercingWail+1","Finisher+1","Catalyst+1","Calculated Gamble+1","Blind+1","Metamorphosis+1","PiercingWail+1","Blade Dance+1","Acrobatics+1","Crippling Poison+1"],"relics":["Ring of the Snake","Tiny Chest","Anchor","MealTicket","Lee\u0027s Waffle","InkBottle","Pandora\u0027s Box","Akabeko","Kunai","Ornamental Fan","Bottled Tornado","Toxic Egg 2","Sozu","Orichalcum","Bottled Lightning","Letter Opener","Du-Vu Doll","Old Coin","Oddly Smooth Stone"],"acts_visited":["Exordium","TheCity","TheBeyond"],"potions_floor_usage":[],"damage_taken":[{"damage":0.0,"enemies":"2 Louse","floor":1.0,"turns":4.0},{"damage":0.0,"enemies":"Cultist","floor":3.0,"turns":4.0},{"damage":1.0,"enemies":"Small Slimes","floor":4.0,"turns":4.0},{"damage":0.0,"enemies":"Gremlin Gang","floor":5.0,"turns":1.0},{"damage":24.0,"enemies":"Gremlin Nob","floor":6.0,"turns":4.0},{"damage":7.0,"enemies":"Exordium Wildlife","floor":7.0,"turns":4.0},{"damage":0.0,"enemies":"Lagavulin","floor":8.0,"turns":6.0},{"damage":20.0,"enemies":"Gremlin Nob","floor":10.0,"turns":6.0},{"damage":0.0,"enemies":"Lagavulin","floor":13.0,"turns":6.0},{"damage":0.0,"enemies":"Large Slime","floor":14.0,"turns":6.0},{"damage":12.0,"enemies":"Slime Boss","floor":16.0,"turns":13.0},{"damage":0.0,"enemies":"Shell Parasite","floor":18.0,"turns":8.0},{"damage":0.0,"enemies":"2 Thieves","floor":19.0,"turns":4.0},{"damage":0.0,"enemies":"Snecko","floor":20.0,"turns":5.0},{"damage":12.0,"enemies":"Gremlin Leader","floor":23.0,"turns":6.0},{"damage":7.0,"enemies":"Centurion and Healer","floor":24.0,"turns":5.0},{"damage":3.0,"enemies":"Book of Stabbing","floor":25.0,"turns":5.0},{"damage":6.0,"enemies":"Gremlin Leader","floor":28.0,"turns":5.0},{"damage":1.0,"enemies":"Slavers","floor":30.0,"turns":7.0},{"damage":3.0,"enemies":"Shelled Parasite and Fungi","floor":31.0,"turns":3.0},{"damage":16.0,"enemies":"Champ","floor":33.0,"turns":9.0},{"damage":27,"enemies":"3 Shapes","floor":35,"turns":4},{"damage":0,"enemies":"Orb Walker","floor":38,"turns":3},{"damage":18,"enemies":"Nemesis","floor":41,"turns":5},{"damage":11,"enemies":"Spire Growth","floor":44,"turns":5},{"damage":0,"enemies":"Giant Head","floor":45,"turns":6},{"damage":0,"enemies":"Mind Bloom Boss Battle","floor":47,"turns":5},{"damage":66,"enemies":"Awakened One","floor":50,"turns":11},{"damage":9,"enemies":"Donu and Deca","floor":51,"turns":1}],"seed_played":"420362285224621829","potions_obtained":[{"floor":3.0,"key":"Swift Potion"},{"floor":4.0,"key":"Explosive Potion"},{"floor":6.0,"key":"PowerPotion"},{"floor":14.0,"key":"Explosive Potion"},{"floor":16.0,"key":"AttackPotion"},{"floor":19.0,"key":"SteroidPotion"},{"floor":20.0,"key":"Regen Potion"}],"is_trial":false,"path_per_floor":["M","?","M","M","M","E","M","E","T","E","R","$","E","M","R","B",null,"M","M","M","?","$","E","M","E","T","R","E","R","E","M","R","B",null,"M","$","T","M","?","R","E","R","T","M","E","?","?","T","R","B","B"],"character_chosen":"THE_SILENT","items_purchased":["Lee\u0027s Waffle","Blade Dance","Catalyst+1"],"campfire_rested":5,"item_purchase_floors":[12,22,36],"current_hp_per_floor":[59,59,59,58,58,34,27,27,27,7,25,67,67,67,67,55,64,64,64,64,64,67,55,48,59,59,59,53,53,52,49,67,51,63,36,51,51,51,41,61,43,63,63,52,52,52,52,52,67,1,0,0],"gold":622,"neow_bonus":"RANDOM_COLORLESS_2","is_daily":false,"chose_seed":false,"campfire_upgraded":2,"win_rate":0.0,"timestamp":1614142176,"path_taken":["M","?","M","M","M","E","M","E","T","E","R","?","E","M","R","BOSS","M","M","M","?","$","E","M","E","T","R","E","R","E","?","R","BOSS","M","$","?","M","?","R","E","R","T","M","E","?","?","?","R","BOSS","BOSS"],"items_purchased_type":["Relic","Card","Card"],"build_version":"2020-12-22","purchased_purges":2,"victory":false,"max_hp_per_floor":[60,60,60,60,60,60,60,60,60,60,60,67,67,67,67,67,67,67,67,67,67,67,67,67,67,67,67,67,67,67,67,67,67,67,67,67,67,67,67,67,67,67,67,67,67,67,67,67,67,67,67,67],"card_choices":[{"not_picked":["HandOfGreed","Chrysalis"],"picked":"Apotheosis","floor":0.0},{"not_picked":["Deflect","Riddle With Holes"],"picked":"Well Laid Plans","floor":1.0},{"not_picked":["Flying Knee","Backflip"],"picked":"Cloak And Dagger","floor":3.0},{"not_picked":["Well Laid Plans","Quick Slash"],"picked":"Dagger Spray","floor":4.0},{"not_picked":["Crippling Poison","Heel Hook"],"picked":"After Image","floor":5.0},{"not_picked":["Flying Knee","Masterful Stab"],"picked":"Backstab","floor":6.0},{"not_picked":["Tactician","All Out Attack"],"picked":"Leg Sweep","floor":7.0},{"not_picked":["Cloak And Dagger","Backstab"],"picked":"PiercingWail","floor":8.0},{"not_picked":["Backflip","Escape Plan"],"picked":"Blade Dance","floor":10.0},{"not_picked":["Phantasmal Killer","Outmaneuver","Dash"],"picked":"SKIP","floor":13.0},{"not_picked":["Tactician","PiercingWail"],"picked":"Poisoned Stab","floor":14.0},{"not_picked":["Tools of the Trade","Glass Knife"],"picked":"Envenom","floor":16.0},{"not_picked":["Poisoned Stab","Choke","Dodge and Roll"],"picked":"SKIP","floor":18.0},{"not_picked":["Sucker Punch","Acrobatics"],"picked":"Footwork","floor":19.0},{"not_picked":["Dagger Throw","Endless Agony"],"picked":"Terror","floor":20.0},{"not_picked":["Tactician","Dodge and Roll"],"picked":"Bullet Time","floor":23.0},{"not_picked":["Quick Slash","Tactician","Dagger Throw+1"],"picked":"SKIP","floor":24.0},{"not_picked":["Leg Sweep","Deflect","Deadly Poison+1"],"picked":"SKIP","floor":25.0},{"not_picked":["Distraction","Flying Knee"],"picked":"PiercingWail","floor":28.0},{"not_picked":["Dagger Throw","Deflect+1"],"picked":"Tools of the Trade","floor":30.0},{"not_picked":["Flying Knee","Prepared+1"],"picked":"PiercingWail+1","floor":31.0},{"not_picked":["Dagger Throw","Predator"],"picked":"Finisher+1","floor":35},{"not_picked":["Bane+1","Terror+1"],"picked":"Calculated Gamble+1","floor":38},{"not_picked":["Flash of Steel","Impatience+1"],"picked":"Blind+1","floor":39},{"not_picked":["Mayhem","Jack Of All Trades+1"],"picked":"Metamorphosis+1","floor":39},{"not_picked":["Flying Knee","All Out Attack"],"picked":"PiercingWail+1","floor":41},{"not_picked":["Tactician+1","Outmaneuver+1"],"picked":"Blade Dance+1","floor":44},{"not_picked":["Backstab+1","Noxious Fumes"],"picked":"Acrobatics+1","floor":45},{"not_picked":["Venomology+1","Footwork"],"picked":"Crippling Poison+1","floor":47}],"player_experience":1680958,"relics_obtained":[{"floor":6.0,"key":"Tiny Chest"},{"floor":8.0,"key":"Anchor"},{"floor":10.0,"key":"MealTicket"},{"floor":13.0,"key":"InkBottle"},{"floor":23.0,"key":"Akabeko"},{"floor":25.0,"key":"Kunai"},{"floor":26.0,"key":"Ornamental Fan"},{"floor":28.0,"key":"Bottled Tornado"},{"floor":30.0,"key":"Toxic Egg 2"},{"floor":37,"key":"Orichalcum"},{"floor":41,"key":"Bottled Lightning"},{"floor":43,"key":"Letter Opener"},{"floor":45,"key":"Du-Vu Doll"},{"floor":47,"key":"Old Coin"},{"floor":48,"key":"Oddly Smooth Stone"}],"event_choices":[{"damage_healed":0.0,"max_hp_gain":0.0,"max_hp_loss":0.0,"gold_gain":0.0,"event_name":"Upgrade Shrine","player_choice":"Upgraded","floor":2.0,"gold_loss":0.0,"damage_taken":0.0,"cards_upgraded":["Apotheosis"]},{"damage_healed":0.0,"max_hp_gain":0.0,"max_hp_loss":0.0,"gold_gain":0.0,"event_name":"Accursed Blacksmith","player_choice":"Forge","floor":21.0,"gold_loss":0.0,"damage_taken":0.0,"cards_upgraded":["Envenom"]},{"damage_healed":0,"gold_gain":0,"player_choice":"Memory 3","damage_taken":10,"max_hp_gain":0,"max_hp_loss":0,"event_name":"SensoryStone","floor":39,"gold_loss":0},{"cards_removed":["Dagger Throw"],"damage_healed":0,"gold_gain":0,"player_choice":"Removed Attack","damage_taken":0,"max_hp_gain":0,"max_hp_loss":0,"event_name":"Falling","floor":46,"gold_loss":0},{"damage_healed":0,"gold_gain":0,"player_choice":"Fight","damage_taken":0,"max_hp_gain":0,"max_hp_loss":0,"event_name":"MindBloom","floor":47,"gold_loss":0}],"is_beta":false,"boss_relics":[{"not_picked":["Coffee Dripper","SacredBark"],"picked":"Pandora\u0027s Box"},{"not_picked":["Runic Dome","Astrolabe"],"picked":"Sozu"}],"items_purged_floors":[12,22],"is_endless":false,"potions_floor_spawned":[3,4,6,14,16,18,19,20,35,45],"killed_by":"Donu and Deca","ascension_level":20}}