{"host":"fdej5m02fc112ls2","time":1614132390,"event":{"mods":["2.2 Compatiblity","Astrologer","Bartender","BaseMod","Better Match","Better Note","Better Sensory Stone","BetterRewards","Colored Map","Colored Powertips","Downfall","Gremlin Mod","Hermit","Highlight Path","HololiveMod","HornydragonMod","Ironclad Rager","Jorbs\u0027s Wanderer Trilogy","Koishi","Minty Spire (QoL Compilation)","Rare Cards Sparkle","Replay The Spire","SIMod","SOSÅiézîb?îVéqÅj","StSLib","The Administrix","The Animator","The Bug Knight","The Cursed","The Disciple","The Exalted","The Forsaken","The Gatherer","The Hayseed","The Hierophant","The Judge","The Mystic","The Runesmith","The Saiyan","The Servant 0.9.4","The Vixen","The Wild Card","TheBandit","TheFirefly"],"gold_per_floor":[210,210,227,244,254,254,66,66,136,17,44,44,78,253,253,253,253],"floor_reached":16,"language":"ENG","playtime":2886,"items_purged":[],"score":113,"play_id":"81b7b7fb-86f4-4e01-832b-6b88b246044c","local_time":"20210223180630","is_ascension_mode":true,"campfire_choices":[{"data":"HollowMod:FocusHealStart","floor":6,"key":"SMITH"},{"data":"HollowMod:GrimmsGift","floor":8,"key":"SMITH"},{"floor":12,"key":"REST"},{"floor":15,"key":"REST"}],"circlet_count":0,"master_deck":["HollowMod:NailStrikeStart","HollowMod:NailStrikeStart","HollowMod:NailStrikeStart","HollowMod:NailStrikeStart","HollowMod:QuickDashStart","HollowMod:QuickDashStart","HollowMod:QuickDashStart","HollowMod:QuickDashStart","HollowMod:FocusHealStart+1","HollowMod:PogoStrike","HollowMod:CycloneSlash","HollowMod:RecoilStrike","HollowMod:GrimmsGift+1","HollowMod:LifebloodCocoon","HollowMod:MidwifesHunger+1","HollowMod:SoulVessel","HollowMod:FallenFury","HollowMod:GoodIntentions","HollowMod:DashSlash","HollowMod:GreatSlash","Doubt"],"relics":["HollowMod:VesselMask","Centennial Puzzle","White Beast Statue","Turnip","Juzu Bracelet"],"acts_visited":["Exordium"],"potions_floor_usage":[11,13,16],"damage_taken":[{"damage":8,"enemies":"2 Louse","floor":1,"turns":3},{"damage":0,"enemies":"Cultist","floor":3,"turns":3},{"damage":1,"enemies":"Jaw Worm","floor":4,"turns":3},{"damage":11,"enemies":"Blue Slaver","floor":5,"turns":4},{"damage":56,"enemies":"Lagavulin","floor":11,"turns":11},{"damage":22,"enemies":"Gremlin Nob","floor":13,"turns":4},{"damage":81,"enemies":"The Guardian","floor":16,"turns":13}],"seed_played":"8410167456308940721","potions_obtained":[{"floor":1,"key":"ColorlessPotion"},{"floor":4,"key":"FairyPotion"},{"floor":5,"key":"Swift Potion"},{"floor":11,"key":"AttackPotion"},{"floor":13,"key":"LifebloodPotion"}],"is_trial":false,"path_per_floor":["M","?","M","M","M","R","$","R","T","$","E","R","E","?","R","B"],"character_chosen":"THE_BUGKNIGHT","items_purchased":["HollowMod:MidwifesHunger+1","HollowMod:SoulVessel","HollowMod:FallenFury","HollowMod:GoodIntentions"],"campfire_rested":2,"item_purchase_floors":[7,7,10,10],"current_hp_per_floor":[73,73,73,75,64,64,64,64,64,64,18,40,18,18,40,0,0],"gold":253,"neow_bonus":"HUNDRED_GOLD","is_daily":false,"chose_seed":false,"campfire_upgraded":2,"win_rate":0.0,"timestamp":1614132390,"path_taken":["M","?","?","M","M","R","$","R","T","$","E","R","E","?","R","BOSS"],"items_purchased_type":["Card","Card","Card","Card"],"build_version":"2020-12-22","purchased_purges":0,"victory":false,"max_hp_per_floor":[75,75,75,75,75,75,75,75,75,75,75,75,75,75,75,75,75],"card_choices":[{"not_picked":["HollowMod:CornifersMapStart","HollowMod:HeavyBlow"],"picked":"HollowMod:CycloneSlash","floor":1},{"not_picked":["HollowMod:ShadowDash","HollowMod:NewJinnsSoul"],"picked":"HollowMod:RecoilStrike","floor":3},{"not_picked":["HollowMod:SoulStrike","HollowMod:Hiveblood"],"picked":"HollowMod:GrimmsGift","floor":4},{"not_picked":["HollowMod:HeavyBlow","HollowMod:CloakDash"],"picked":"HollowMod:LifebloodCocoon","floor":5},{"not_picked":["HollowMod:InfectedAttack","HollowMod:TaintedHusks"],"picked":"HollowMod:DashSlash","floor":11},{"not_picked":["HollowMod:CornifersMapStart","HollowMod:DreamGate"],"picked":"HollowMod:GreatSlash","floor":13}],"player_experience":1020035,"relics_obtained":[{"floor":9,"key":"White Beast Statue"},{"floor":11,"key":"Turnip"},{"floor":13,"key":"Juzu Bracelet"}],"event_choices":[{"damage_healed":0,"gold_gain":0,"player_choice":"Gave Potion","damage_taken":0,"relics_obtained":["Centennial Puzzle"],"max_hp_gain":0,"max_hp_loss":0,"event_name":"WeMeetAgain","floor":2,"gold_loss":0},{"damage_healed":0,"gold_gain":175,"player_choice":"AGREE","damage_taken":0,"max_hp_gain":0,"max_hp_loss":0,"event_name":"Liars Game","floor":14,"gold_loss":0,"cards_obtained":["Doubt"]}],"is_beta":false,"boss_relics":[],"items_purged_floors":[],"is_endless":false,"potions_floor_spawned":[1,4,5,11,13],"killed_by":"The Guardian","ascension_level":1}}