{"host":"u7lm8z2rvb4dg2oo","time":1614201879,"event":{"mods":["AchievementEnabler","BaseMod","Bestiary","Block Reminder","Colored Map","Colored Powertips","Curses Come First","DeckTracker","Googly Eyes","Highlight Path","Minty Spire (QoL Compilation)","Quick Restart","StSLib"],"gold_per_floor":[38,109,259,259,16,16,51,51,85,160,175,209,226,255,309,309,383,383,394,394,30,30,30,30,55,55,55,55,75,75,103,115,115,115,115],"floor_reached":33,"language":"ENG","playtime":2264,"items_purged":["Doubt","Strike_G"],"score":714,"play_id":"10b5a755-634e-4984-a6bb-492ab6a58b6c","local_time":"20210224162439","is_ascension_mode":true,"campfire_choices":[{"data":"Neutralize","floor":7.0,"key":"SMITH"},{"floor":15.0,"key":"REST"},{"data":"RitualDagger","floor":23.0,"key":"SMITH"},{"floor":25.0,"key":"REST"},{"data":"Night Terror","floor":27.0,"key":"SMITH"},{"floor":32.0,"key":"REST"}],"circlet_count":0,"master_deck":["AscendersBane","Strike_G","Strike_G","Strike_G","Strike_G","Defend_G","Defend_G","Defend_G","Defend_G","Defend_G","Survivor","Neutralize+1","Backstab+1","Well Laid Plans","PiercingWail","Burst+1","Deadly Poison","Blade Dance+1","Night Terror+1","Venomology","Bouncing Flask","Caltrops","Poisoned Stab","RitualDagger+1","Bane","Flechettes","Predator"],"relics":["Ring of the Snake","NeowsBlessing","Nunchaku","Mango","Mummified Hand","Happy Flower","Torii","War Paint","SacredBark","MutagenicStrength","Sling","Blood Vial","Matryoshka","Gremlin Horn","Oddly Smooth Stone"],"acts_visited":["TheCity"],"potions_floor_usage":[33,33],"damage_taken":[{"damage":0.0,"enemies":"Small Slimes","floor":1.0,"turns":1.0},{"damage":0.0,"enemies":"Lagavulin","floor":6.0,"turns":1.0},{"damage":0.0,"enemies":"3 Sentries","floor":8.0,"turns":1.0},{"damage":0.0,"enemies":"2 Louse","floor":10.0,"turns":2.0},{"damage":33.0,"enemies":"Lagavulin","floor":11.0,"turns":9.0},{"damage":8.0,"enemies":"Jaw Worm","floor":12.0,"turns":4.0},{"damage":1.0,"enemies":"Gremlin Nob","floor":13.0,"turns":4.0},{"damage":46.0,"enemies":"Hexaghost","floor":16.0,"turns":12.0},{"damage":3.0,"enemies":"Spheric Guardian","floor":18.0,"turns":8.0},{"damage":24.0,"enemies":"Gremlin Leader","floor":24.0,"turns":7.0},{"damage":21.0,"enemies":"Shell Parasite","floor":28.0,"turns":3.0},{"damage":15.0,"enemies":"Slavers","floor":30.0,"turns":3.0},{"damage":0.0,"enemies":"Chosen and Byrds","floor":31.0,"turns":3.0},{"damage":53,"enemies":"Champ","floor":33,"turns":9}],"seed_played":"-7860936657664342711","potions_obtained":[{"floor":8.0,"key":"AttackPotion"},{"floor":12.0,"key":"PowerPotion"},{"floor":16.0,"key":"EssenceOfSteel"},{"floor":28.0,"key":"SkillPotion"},{"floor":31.0,"key":"Explosive Potion"}],"is_trial":false,"path_per_floor":["M","?","?","$","?","E","R","E","T","M","E","M","E","T","R","B",null,"M","?","$","?","?","R","E","R","T","R","M","?","E","M","R","B"],"character_chosen":"THE_SILENT","items_purchased":["Backstab","Well Laid Plans","Caltrops","Sling","Poisoned Stab"],"campfire_rested":3,"item_purchase_floors":[4,4,20,20,20],"current_hp_per_floor":[24,59,59,59,59,59,59,59,73,73,73,40,32,31,31,55,9,62,59,59,59,59,53,53,29,53,53,53,34,34,21,23,47,0,0],"gold":115,"neow_bonus":"THREE_ENEMY_KILL","is_daily":false,"chose_seed":false,"campfire_upgraded":3,"win_rate":0.0,"timestamp":1614201879,"path_taken":["M","?","?","$","?","E","R","E","T","?","E","M","E","?","R","BOSS","M","?","$","?","?","R","E","R","T","R","?","?","E","M","R","BOSS"],"items_purchased_type":["Card","Card","Card","Relic","Card"],"build_version":"2020-12-22","purchased_purges":2,"victory":false,"max_hp_per_floor":[72,66,66,66,66,66,66,66,80,80,80,80,80,80,80,80,80,80,80,80,80,80,80,80,80,80,80,80,80,80,80,80,80,80,80],"card_choices":[{"not_picked":["Sucker Punch","Expertise","Heel Hook"],"picked":"SKIP","floor":1.0},{"not_picked":["Prepared","Deflect"],"picked":"PiercingWail","floor":6.0},{"not_picked":["Dagger Spray","Poisoned Stab"],"picked":"Burst","floor":8.0},{"not_picked":["Quick Slash","Deflect","Outmaneuver"],"picked":"SKIP","floor":10.0},{"not_picked":["Escape Plan","Masterful Stab"],"picked":"Deadly Poison","floor":11.0},{"not_picked":["Sucker Punch","Flechettes"],"picked":"Blade Dance","floor":12.0},{"not_picked":["Escape Plan","Poisoned Stab"],"picked":"Night Terror","floor":13.0},{"not_picked":["Burst","Unload"],"picked":"Venomology","floor":16.0},{"not_picked":["Dodge and Roll","Prepared"],"picked":"Bouncing Flask","floor":18.0},{"not_picked":["Cloak And Dagger","Dagger Throw"],"picked":"Bane","floor":24.0},{"not_picked":["Quick Slash","Slice"],"picked":"Flechettes","floor":28.0},{"not_picked":["Quick Slash","Sucker Punch+1","Backflip"],"picked":"SKIP","floor":30.0},{"not_picked":["Outmaneuver","Slice"],"picked":"Predator","floor":31.0}],"player_experience":2062741,"relics_obtained":[{"floor":6.0,"key":"Nunchaku"},{"floor":8.0,"key":"Mango"},{"floor":9.0,"key":"Mummified Hand"},{"floor":11.0,"key":"Happy Flower"},{"floor":13.0,"key":"Torii"},{"floor":14.0,"key":"War Paint"},{"floor":24.0,"key":"Blood Vial"},{"floor":26.0,"key":"Matryoshka"},{"floor":30.0,"key":"Oddly Smooth Stone"}],"event_choices":[{"damage_healed":0.0,"max_hp_gain":0.0,"max_hp_loss":0.0,"gold_gain":150.0,"event_name":"Liars Game","player_choice":"AGREE","floor":2.0,"gold_loss":0.0,"damage_taken":0.0,"cards_obtained":["Doubt"]},{"damage_healed":0.0,"max_hp_gain":0.0,"max_hp_loss":0.0,"gold_gain":0.0,"event_name":"Scrap Ooze","player_choice":"Fled","floor":3.0,"gold_loss":0.0,"damage_taken":0.0},{"damage_healed":0.0,"max_hp_gain":0.0,"max_hp_loss":0.0,"gold_gain":0.0,"event_name":"Living Wall","player_choice":"Grow","floor":5.0,"gold_loss":0.0,"damage_taken":0.0,"cards_upgraded":["Backstab"]},{"damage_healed":0.0,"max_hp_gain":0.0,"max_hp_loss":0.0,"gold_gain":0.0,"event_name":"Drug Dealer","player_choice":"Inject Mutagens","floor":19.0,"gold_loss":0.0,"damage_taken":0.0,"relics_obtained":["MutagenicStrength"]},{"damage_healed":0.0,"max_hp_gain":0.0,"max_hp_loss":0.0,"gold_gain":0.0,"event_name":"Nest","player_choice":"Joined the Cult","floor":22.0,"gold_loss":0.0,"damage_taken":6.0,"cards_obtained":["RitualDagger"]},{"damage_healed":0.0,"max_hp_gain":0.0,"max_hp_loss":0.0,"gold_gain":0.0,"event_name":"WeMeetAgain","player_choice":"Gave Potion","floor":29.0,"gold_loss":0.0,"damage_taken":0.0,"relics_obtained":["Gremlin Horn"]}],"is_beta":false,"boss_relics":[{"not_picked":["Ring of the Serpent","Philosopher\u0027s Stone"],"picked":"SacredBark"}],"items_purged_floors":[4,20],"is_endless":false,"potions_floor_spawned":[8,12,16,28,31],"killed_by":"Champ","ascension_level":20}}