{"host":"ow66nzv2xecjoor3","time":1614158266,"event":{"mods":["BaseMod","Bestiary","Block Reminder","Colored Powertips","Curses Come First","Highlight Path","Keyboard Shortcuts","Minty Spire (QoL Compilation)","Permanent Neow","Relic Stats","StSLib","UnlockEverythingMod"],"gold_per_floor":[109,128,145,27,43,43,68,68,68,48,65,15,45,45,45,120,120,139,157,192,205,220,220,253,253,277,277,292,292,318,16,16,90,90,103,103,119,119,138,33,61,61,85,96,43,43,57,90,90,90,90],"floor_reached":50,"language":"ENG","playtime":2769,"items_purged":["Strike_G","Strike_G","Strike_G","Strike_G"],"score":1150,"play_id":"b0ade83e-4400-4c8e-93ee-a1cfe19c9f17","local_time":"20210224031746","is_ascension_mode":true,"campfire_choices":[{"data":"Bane","floor":6.0,"key":"SMITH"},{"floor":8.0,"key":"REST"},{"data":"Well Laid Plans","floor":15,"key":"SMITH"},{"data":"Adrenaline","floor":23,"key":"SMITH"},{"floor":27,"key":"REST"},{"data":"Bouncing Flask","floor":29,"key":"SMITH"},{"data":"Burst","floor":32,"key":"SMITH"},{"data":"Purity","floor":42,"key":"SMITH"},{"data":"Concentrate","floor":46,"key":"SMITH"},{"floor":49,"key":"RECALL"}],"circlet_count":0,"master_deck":["AscendersBane","Defend_G","Defend_G","Defend_G","Defend_G","Defend_G","Survivor","Neutralize","Bane+1","Endless Agony","Backflip","Bouncing Flask+1","Infinite Blades","Blade Dance","Burst+1","Leg Sweep","Well Laid Plans+1","Adrenaline+1","All Out Attack","Escape Plan","PiercingWail","Choke","Escape Plan","Apotheosis","Storm of Steel","Backflip+1","Purity+1","Cloak And Dagger+1","Concentrate+1","Prepared+1","Concentrate+1","Catalyst"],"relics":["Ring of the Snake","Smiling Mask","Dead Branch","Philosopher\u0027s Stone","Red Mask","Art of War","Blood Vial","Unceasing Top","SlaversCollar","Tingsha","PreservedInsect","Shuriken"],"acts_visited":["Exordium","TheCity","TheBeyond"],"potions_floor_usage":[13,19,19,35,39,41,48,50,50],"damage_taken":[{"damage":1.0,"enemies":"2 Louse","floor":1.0,"turns":4.0},{"damage":0.0,"enemies":"Cultist","floor":2.0,"turns":4.0},{"damage":0.0,"enemies":"Jaw Worm","floor":3.0,"turns":5.0},{"damage":9.0,"enemies":"Large Slime","floor":5.0,"turns":6.0},{"damage":29.0,"enemies":"Gremlin Nob","floor":7.0,"turns":4.0},{"damage":4,"enemies":"2 Fungi Beasts","floor":11,"turns":3},{"damage":20,"enemies":"3 Sentries","floor":13,"turns":9},{"damage":13,"enemies":"Slime Boss","floor":16,"turns":6},{"damage":6,"enemies":"Shell Parasite","floor":18,"turns":4},{"damage":0,"enemies":"Spheric Guardian","floor":19,"turns":3},{"damage":0,"enemies":"Masked Bandits","floor":20,"turns":3},{"damage":9,"enemies":"Snake Plant","floor":21,"turns":6},{"damage":13,"enemies":"Shelled Parasite and Fungi","floor":22,"turns":6},{"damage":6,"enemies":"Slavers","floor":24,"turns":4},{"damage":0,"enemies":"Snecko","floor":28,"turns":2},{"damage":2,"enemies":"Book of Stabbing","floor":30,"turns":2},{"damage":5,"enemies":"Automaton","floor":33,"turns":5},{"damage":5,"enemies":"Orb Walker","floor":35,"turns":3},{"damage":6,"enemies":"3 Shapes","floor":37,"turns":10},{"damage":14,"enemies":"Jaw Worm Horde","floor":39,"turns":4},{"damage":7,"enemies":"Nemesis","floor":41,"turns":7},{"damage":4,"enemies":"3 Darklings","floor":44,"turns":3},{"damage":1,"enemies":"Spire Growth","floor":47,"turns":2},{"damage":19,"enemies":"Giant Head","floor":48,"turns":6},{"damage":25,"enemies":"Donu and Deca","floor":50,"turns":5}],"seed_played":"514849461824757234","potions_obtained":[{"floor":1.0,"key":"Explosive Potion"},{"floor":2.0,"key":"Weak Potion"},{"floor":7.0,"key":"SpeedPotion"},{"floor":10,"key":"Swift Potion"},{"floor":18,"key":"LiquidMemories"},{"floor":24,"key":"SkillPotion"},{"floor":41,"key":"ColorlessPotion"},{"floor":48,"key":"Weak Potion"}],"is_trial":false,"path_per_floor":["M","M","M","$","M","R","E","R","T","?","M","$","E","?","R","B",null,"M","M","?","M","M","R","E","?","T","R","M","R","E","$","R","B",null,"M","?","M","?","M","$","E","R","T","M","$","R","M","E","R","B"],"character_chosen":"THE_SILENT","items_purchased":["Infinite Blades","Apotheosis","Swift Potion","SkillPotion","PowerPotion"],"campfire_rested":2,"item_purchase_floors":[4,31,31,40,45],"current_hp_per_floor":[58,58,58,58,49,49,20,39,39,39,35,35,15,37,37,24,56,50,50,50,41,28,28,22,22,22,41,43,43,43,43,43,40,60,57,57,53,53,41,41,36,36,36,34,34,34,35,18,18,0,0],"gold":90,"neow_bonus":"THREE_CARDS","is_daily":false,"chose_seed":false,"campfire_upgraded":7,"win_rate":0.0,"timestamp":1614158266,"path_taken":["M","M","M","$","M","R","E","R","T","?","M","?","E","?","R","BOSS","M","M","?","M","M","R","E","?","T","R","M","R","E","$","R","BOSS","M","?","M","?","M","$","E","R","T","M","?","R","M","E","R","BOSS"],"items_purchased_type":["Card","Card","Potion","Potion","Potion"],"build_version":"2020-12-22","purchased_purges":4,"victory":false,"max_hp_per_floor":[66,66,66,66,66,66,66,66,66,66,66,66,66,66,66,66,66,66,66,66,66,66,66,66,66,66,66,66,66,66,66,66,66,66,66,66,66,66,66,66,66,66,66,66,66,66,66,66,66,66,66],"relic_stats":{"Blood Vial":22,"counters":[25,116],"Shuriken":[5],"Dead Branch":[330],"Tingsha":[132],"PreservedInsect":130,"Art of War":[6],"Smiling Mask":225,"obtain_stats":[{"Blood Vial":26,"SlaversCollar":34,"Shuriken":48,"Dead Branch":13,"Philosopher\u0027s Stone":17,"Tingsha":41,"PreservedInsect":43,"Red Mask":20,"Art of War":24,"Smiling Mask":7,"Unceasing Top":30,"Ring of the Snake":0},{"Blood Vial":14,"SlaversCollar":17,"Shuriken":24,"Dead Branch":7,"Philosopher\u0027s Stone":8,"Tingsha":21,"PreservedInsect":21,"Red Mask":11,"Art of War":14,"Smiling Mask":5,"Unceasing Top":16,"Ring of the Snake":0},{"Blood Vial":67,"SlaversCollar":76,"Shuriken":111,"Dead Branch":35,"Philosopher\u0027s Stone":41,"Tingsha":100,"PreservedInsect":100,"Red Mask":51,"Art of War":67,"Smiling Mask":23,"Unceasing Top":71,"Ring of the Snake":0}],"Unceasing Top":[4],"Ring of the Snake":[54]},"card_choices":[{"not_picked":["Dodge and Roll","Backflip"],"picked":"Bane","floor":0.0},{"not_picked":["Backflip","Accuracy"],"picked":"Endless Agony","floor":1.0},{"not_picked":["Sucker Punch","Eviscerate"],"picked":"Backflip","floor":2.0},{"not_picked":["Tactician","Dodge and Roll"],"picked":"Bouncing Flask","floor":3.0},{"not_picked":["Heel Hook","Sucker Punch"],"picked":"Blade Dance","floor":5.0},{"not_picked":["Dodge and Roll","Deflect"],"picked":"Burst","floor":7.0},{"not_picked":["Blade Dance","Dagger Throw"],"picked":"Leg Sweep","floor":11},{"not_picked":["Unload","Bane"],"picked":"Well Laid Plans","floor":13},{"not_picked":["Tools of the Trade","A Thousand Cuts"],"picked":"Adrenaline","floor":16},{"not_picked":["Blur","Sucker Punch"],"picked":"All Out Attack","floor":18},{"not_picked":["Dagger Spray+1","Deadly Poison"],"picked":"Escape Plan","floor":19},{"not_picked":["Acrobatics","Dagger Spray"],"picked":"PiercingWail","floor":20},{"not_picked":["Dodge and Roll","Slice","Expertise"],"picked":"SKIP","floor":21},{"not_picked":["Dagger Throw","Backflip"],"picked":"Choke","floor":22},{"not_picked":["Masterful Stab","Deadly Poison","Reflex"],"picked":"SKIP","floor":24},{"not_picked":["Outmaneuver","Prepared"],"picked":"Escape Plan","floor":28},{"not_picked":["Outmaneuver","Setup","All Out Attack"],"picked":"SKIP","floor":30},{"not_picked":["Grand Finale","A Thousand Cuts"],"picked":"Storm of Steel","floor":33},{"not_picked":["Setup","Cloak And Dagger"],"picked":"Backflip+1","floor":35},{"not_picked":["Metamorphosis","Blind"],"picked":"Purity","floor":36},{"not_picked":["Underhanded Strike","Slice"],"picked":"Cloak And Dagger+1","floor":37},{"not_picked":["Backflip","Quick Slash"],"picked":"Concentrate+1","floor":39},{"not_picked":["Dagger Throw","Outmaneuver+1"],"picked":"Prepared+1","floor":41},{"not_picked":["Backflip","Dagger Spray"],"picked":"Concentrate","floor":44},{"not_picked":["Leg Sweep","Quick Slash+1"],"picked":"Catalyst","floor":47},{"not_picked":["PiercingWail","Cloak And Dagger","Infinite Blades+1"],"picked":"SKIP","floor":48}],"player_experience":2984346,"relics_obtained":[{"floor":7.0,"key":"Smiling Mask"},{"floor":13,"key":"Dead Branch"},{"floor":20,"key":"Red Mask"},{"floor":24,"key":"Art of War"},{"floor":26,"key":"Blood Vial"},{"floor":30,"key":"Unceasing Top"},{"floor":41,"key":"Tingsha"},{"floor":43,"key":"PreservedInsect"},{"floor":48,"key":"Shuriken"}],"event_choices":[{"damage_healed":0,"gold_gain":0,"player_choice":"Bought 1 Potion","damage_taken":0,"max_hp_gain":0,"max_hp_loss":0,"event_name":"The Woman in Blue","floor":10,"gold_loss":0},{"damage_healed":22,"gold_gain":0,"player_choice":"Banana","damage_taken":0,"max_hp_gain":0,"max_hp_loss":0,"event_name":"Big Fish","floor":14,"gold_loss":0},{"damage_healed":0,"gold_gain":0,"player_choice":"Fought Bandits","damage_taken":0,"max_hp_gain":0,"max_hp_loss":0,"event_name":"Masked Bandits","floor":20,"gold_loss":0},{"damage_healed":0,"gold_gain":0,"player_choice":"Ignored","damage_taken":0,"max_hp_gain":0,"max_hp_loss":0,"event_name":"Vampires","floor":25,"gold_loss":0},{"damage_healed":0,"gold_gain":0,"player_choice":"Memory 1","damage_taken":0,"max_hp_gain":0,"max_hp_loss":0,"event_name":"SensoryStone","floor":36,"gold_loss":0},{"cards_removed":["Strike_G"],"damage_healed":0,"gold_gain":0,"player_choice":"Removed Attack","damage_taken":0,"max_hp_gain":0,"max_hp_loss":0,"event_name":"Falling","floor":38,"gold_loss":0}],"is_beta":false,"boss_relics":[{"not_picked":["Tiny House","Ring of the Serpent"],"picked":"Philosopher\u0027s Stone"},{"not_picked":["Calling Bell","Black Star"],"picked":"SlaversCollar"}],"items_purged_floors":[4,12,31,40],"is_endless":false,"potions_floor_spawned":[1,2,7,11,18,24,33,41,47,48],"killed_by":"Donu and Deca","ascension_level":20}}