{"host":"Ringo","time":1614132773,"event":{"mods":["BaseMod","Colored Map","Conspire","Dota2Spire","Hubris","Minty Spire (QoL Compilation)","Replay The Spire","StSLib","The Construct","[IsaacMod]ÒÔÈö¼âËþ","¡¾ÒÅÎï¿¨ÅÆ¡¿REMEMod"],"gold_per_floor":[110,120,120,120,147,186,223,270,357,369,409,454,491,520,532,615,627,653,729,741,672,672,700,727,223,223,255,284,311,337,369,369,443,443,457,457,457,471,491,522,522,555,627,22,50,82,108,118,118,118,118],"floor_reached":52,"language":"ZHS","playtime":1235,"items_purged":["conspire:Banana"],"score":3831,"play_id":"2e762512-e9d9-4164-b110-c4bf1a9b28d9","local_time":"20210224101253","daily_mods":["SealedDeck","Vintage","Colorless Cards","Heirloom","Time Dilation","Flight","DeadlyEvents","Elite Swarm","Lethality","Binary"],"is_ascension_mode":true,"campfire_choices":[{"data":"Armaments","floor":10.0,"key":"SMITH"},{"data":"Replay:Undeath\u0027s Touch","floor":15.0,"key":"SMITH"},{"data":"Replay:Undeath\u0027s Touch+2","floor":41,"key":"SMITH"},{"data":"Replay:Undeath\u0027s Touch+3","floor":49,"key":"SMITH"}],"circlet_count":0,"master_deck":["AscendersBane","hubris:ReadiedAction","Armaments+1","Thunderclap","ReplayTheSpireMod:Private Reserves","Shrug It Off","Replay:Bootleg Shield Generator+1","Cleave","Finesse","Infernal Blade","construct:BatteryCore","Replay:Undeath\u0027s Touch+4","Dropkick","Anger+1","Pommel Strike","Pummel","Blind","REME_HeartOfCthun","Thinking Ahead","Dark Shackles+1","Inflame+1","REME_Flogging+1"],"relics":["Burning Blood","Busted Crown","HushsDoor","REME_ComplimentaryCards","replay:Trail_Library","YumHeart","SteamSale","conspire:InfiniteJournal","BookOfRevelations","MawBank","SatanicBible","Dota2Spire:Desolator","Garlic","Lizard Tail","Dota2Spire:Dagon","GuppysPaw","Pantograph","Replay:Accelerometer","Pear","REME_LowDesire","Replay:Wax Seal","Replay:Baseball","Chameleon Ring","hubris:BottledHeart","Lantern","hubris:MysteriousPyramids","Quantum Egg","Ornamental Fan","Whetstone","Leech","hubris:BottledRain","Dota2Spire:Satanic","REME_LimitBreaker","Orichalcum","conspire:SpecialSausage","Dota2Spire:UrnOfShadows","Frozen Egg 2","AnarchistCookbook","Bottled Lightning","GuppysTail","The Courier","Sling","Bag of Preparation","Shuriken","ReplayFunnel","ReplayTheSpireMod:TigerMarble","BookofShadows","Pet Ghost","hubris:SphereOfDissonance"],"acts_visited":["Exordium","TheCity","TheBeyond"],"potions_floor_usage":[51,51],"damage_taken":[{"damage":5.0,"enemies":"Jaw Worm","floor":1.0,"turns":3.0},{"damage":0.0,"enemies":"Small Slimes","floor":2.0,"turns":2.0},{"damage":0.0,"enemies":"conspire:RoseBush","floor":5.0,"turns":1.0},{"damage":0.0,"enemies":"3 Sentries","floor":6.0,"turns":1.0},{"damage":0.0,"enemies":"Gremlin Nob","floor":7.0,"turns":2.0},{"damage":0.0,"enemies":"Lagavulin","floor":8.0,"turns":3.0},{"damage":0.0,"enemies":"Replay:BlueRogue","floor":11.0,"turns":2.0},{"damage":0.0,"enemies":"3 Sentries","floor":12.0,"turns":1.0},{"damage":0.0,"enemies":"Gremlin Nob","floor":13.0,"turns":1.0},{"damage":0.0,"enemies":"2 Fungi Beasts","floor":14.0,"turns":1.0},{"damage":0.0,"enemies":"Hexaghost","floor":16.0,"turns":2.0},{"damage":0.0,"enemies":"conspire:FuzzyDice","floor":18.0,"turns":2.0},{"damage":0.0,"enemies":"REME_1_Revenger","floor":23.0,"turns":3.0},{"damage":0.0,"enemies":"Slavers","floor":24.0,"turns":2.0},{"damage":0.0,"enemies":"Book of Stabbing","floor":27.0,"turns":1.0},{"damage":0.0,"enemies":"conspire:Head Lice","floor":28.0,"turns":2.0},{"damage":0.0,"enemies":"REME_1_Revenger","floor":29.0,"turns":2.0},{"damage":0.0,"enemies":"conspire:SneckoGhost","floor":30.0,"turns":1.0},{"damage":0.0,"enemies":"Slavers","floor":31.0,"turns":1.0},{"damage":0.0,"enemies":"Champ","floor":33.0,"turns":2.0},{"damage":0.0,"enemies":"3 Shapes","floor":35.0,"turns":1.0},{"damage":0,"enemies":"3 Darklings","floor":38,"turns":1},{"damage":0,"enemies":"Jaw Worm Horde","floor":39,"turns":1},{"damage":0,"enemies":"Reptomancer","floor":40,"turns":1},{"damage":0,"enemies":"R_Hoarder","floor":42,"turns":1},{"damage":0,"enemies":"Giant Head","floor":45,"turns":1},{"damage":0,"enemies":"R_Hoarder","floor":46,"turns":2},{"damage":0,"enemies":"Reptomancer","floor":47,"turns":1},{"damage":0,"enemies":"Maw","floor":48,"turns":1},{"damage":0,"enemies":"Donu and Deca","floor":50,"turns":2},{"damage":0,"enemies":"Awakened One","floor":51,"turns":3}],"seed_played":"3840557720732866036","potions_obtained":[{"floor":1.0,"key":"Cursed Concoction"},{"floor":8.0,"key":"Toxic Potion"},{"floor":23.0,"key":"BloodPotion"},{"floor":27.0,"key":"SteroidPotion"},{"floor":35.0,"key":"Venom Potion"},{"floor":40,"key":"Fire Potion"},{"floor":46,"key":"Energy Potion"}],"is_trial":true,"path_per_floor":["M","M","?","?","M","E","E","E","T","R","E","E","E","M","R","B",null,"M","?","?","$","?","E","E","$","T","E","E","E","E","E","R_BF","B",null,"M","?","?","M","M","E","R","E","T","$","E","E","E","M","R","B","B",null],"character_chosen":"IRONCLAD","items_purchased":["Dropkick","Anger","Lantern","Ornamental Fan","Pommel Strike","Pummel","Sling","Bag of Preparation","Shuriken","ReplayFunnel","Inflame+1"],"campfire_rested":0,"item_purchase_floors":[17,17,21,25,25,25,44,44,44,44,44],"current_hp_per_floor":[69,75,75,64,70,75,75,75,75,75,60,60,60,70,70,70,66,66,51,1,1,1,1,1,1,1,1,1,1,1,1,1,1,1,1,1,1,1,1,1,1,1,1,1,1,1,1,1,1,1,1],"gold":118,"neow_bonus":"","is_daily":false,"chose_seed":false,"campfire_upgraded":4,"win_rate":0.0,"timestamp":1614132773,"path_taken":["M","M","?","?","M","E","E","E","T","R","E","E","E","?","R","BOSS","M","?","?","$","?","E","E","$","T","E","E","E","E","E","R_BF","BOSS","M","?","?","M","?","E","R","E","T","$","E","E","E","?","R","BOSS","BOSS"],"items_purchased_type":["Card","Card","Relic","Relic","Card","Card","Relic","Relic","Relic","Relic","Card"],"build_version":"2020-12-18","purchased_purges":1,"victory":true,"max_hp_per_floor":[75,75,75,75,75,75,75,75,75,75,60,60,60,70,70,70,66,66,66,1,1,1,1,1,1,1,1,1,1,1,1,1,1,1,1,1,1,1,1,1,1,1,1,1,1,1,1,1,1,1,1],"card_choices":[{"not_picked":[],"picked":"Bomb","floor":0.0},{"not_picked":["Survey Options"],"picked":"SKIP","floor":23.0},{"not_picked":["BloodyBrimstone"],"picked":"SKIP","floor":24.0},{"not_picked":[],"picked":"Blind","floor":27.0},{"not_picked":["ReplayTheSpireMod:Private Reserves"],"picked":"SKIP","floor":28.0},{"not_picked":["Blind"],"picked":"SKIP","floor":29.0},{"not_picked":[],"picked":"REME_HeartOfCthun","floor":30.0},{"not_picked":["Midas Touch"],"picked":"SKIP","floor":31.0},{"not_picked":[],"picked":"Thinking Ahead","floor":40},{"not_picked":[],"picked":"Dark Shackles+1","floor":42},{"not_picked":["Replay:BasicMightCard+1"],"picked":"SKIP","floor":45},{"not_picked":["Replay:Parry"],"picked":"SKIP","floor":46},{"not_picked":["Replay:Parry"],"picked":"SKIP","floor":46},{"not_picked":[],"picked":"REME_Flogging+1","floor":47}],"player_experience":747917,"relics_obtained":[{"floor":1.0,"key":"conspire:InfiniteJournal"},{"floor":2.0,"key":"BookOfRevelations"},{"floor":5.0,"key":"SatanicBible"},{"floor":6.0,"key":"Dota2Spire:Desolator"},{"floor":7.0,"key":"Garlic"},{"floor":8.0,"key":"Lizard Tail"},{"floor":9.0,"key":"Dota2Spire:Dagon"},{"floor":11.0,"key":"GuppysPaw"},{"floor":12.0,"key":"Pantograph"},{"floor":13.0,"key":"Replay:Accelerometer"},{"floor":14.0,"key":"Pear"},{"floor":17.0,"key":"Replay:Wax Seal"},{"floor":17.0,"key":"Replay:Baseball"},{"floor":18.0,"key":"Chameleon Ring"},{"floor":23.0,"key":"hubris:MysteriousPyramids"},{"floor":24.0,"key":"Quantum Egg"},{"floor":26.0,"key":"Whetstone"},{"floor":27.0,"key":"Leech"},{"floor":28.0,"key":"hubris:BottledRain"},{"floor":29.0,"key":"Dota2Spire:Satanic"},{"floor":30.0,"key":"REME_LimitBreaker"},{"floor":31.0,"key":"Orichalcum"},{"floor":35.0,"key":"Dota2Spire:UrnOfShadows"},{"floor":38,"key":"Frozen Egg 2"},{"floor":39,"key":"AnarchistCookbook"},{"floor":40,"key":"Bottled Lightning"},{"floor":42,"key":"GuppysTail"},{"floor":43,"key":"The Courier"},{"floor":45,"key":"ReplayTheSpireMod:TigerMarble"},{"floor":46,"key":"BookofShadows"},{"floor":47,"key":"Pet Ghost"},{"floor":48,"key":"hubris:SphereOfDissonance"}],"event_choices":[{"damage_healed":0.0,"max_hp_gain":0.0,"max_hp_loss":0.0,"gold_gain":0.0,"event_name":"Liars Game","player_choice":"Ignored","floor":3.0,"gold_loss":0.0,"damage_taken":0.0},{"damage_healed":0.0,"max_hp_gain":0.0,"max_hp_loss":0.0,"gold_gain":0.0,"event_name":"Scrap Ooze","player_choice":"Success","floor":4.0,"gold_loss":0.0,"damage_taken":11.0,"relics_obtained":["MawBank"]},{"damage_healed":0.0,"max_hp_gain":0.0,"max_hp_loss":0.0,"gold_gain":0.0,"event_name":"Duplicator","player_choice":"Ignored","floor":36.0,"gold_loss":0.0,"damage_taken":0.0}],"is_beta":true,"boss_relics":[{"not_picked":["hubris:HollowSoul","Calling Bell"],"picked":"REME_LowDesire"},{"not_picked":[]},{"not_picked":["Tiny House","ReplayTheSpireMod:DimensionalGlitch"],"picked":"conspire:SpecialSausage"},{"not_picked":[]}],"items_purged_floors":[44],"is_endless":false,"potions_floor_spawned":[1,8,11,13,23,27,29,31,35,40,46,47,48],"ascension_level":20}}