{"host":"y24pqu7jih1n8m3t","time":1614136135,"event":{"mods":["AchievementEnabler","BaseMod","Bestiary","Block Reminder","Colored Map","Colored Powertips","DeckTracker","Highlight Path","Minty Spire (QoL Compilation)","Permanent Neow","Quick Restart","Rare Cards Sparkle","Relic Stats"],"gold_per_floor":[119,137,137,154,34,60,60,60,60,60,60],"floor_reached":10,"language":"ENG","playtime":461,"items_purged":["Strike_R"],"score":76,"play_id":"c3aa96a9-17ff-4dcf-a65f-f43438e6fd77","local_time":"20210223220855","is_ascension_mode":true,"campfire_choices":[{"data":"Armaments","floor":7,"key":"SMITH"}],"circlet_count":0,"master_deck":["Strike_R","Strike_R","Strike_R","Defend_R","Defend_R","Defend_R","Bash","Shrug It Off","Armaments+1","Heavy Blade","Spot Weakness","Clothesline","Barricade"],"relics":["Runic Pyramid","Unceasing Top","Calipers"],"acts_visited":["Exordium"],"potions_floor_usage":[10],"damage_taken":[{"damage":7,"enemies":"Jaw Worm","floor":1,"turns":3},{"damage":0,"enemies":"Cultist","floor":2,"turns":3},{"damage":0,"enemies":"2 Louse","floor":4,"turns":2},{"damage":37,"enemies":"Lagavulin","floor":6,"turns":7},{"damage":15,"enemies":"3 Sentries","floor":10,"turns":4}],"seed_played":"-382719284164790505","potions_obtained":[{"floor":1,"key":"EssenceOfSteel"},{"floor":6,"key":"Fire Potion"}],"is_trial":false,"path_per_floor":["M","M","?","M","$","E","R","?","T","E"],"character_chosen":"IRONCLAD","items_purchased":["Clothesline"],"campfire_rested":0,"item_purchase_floors":[5],"current_hp_per_floor":[73,73,73,73,73,36,36,36,36,21,21],"gold":60,"neow_bonus":"BOSS_RELIC","is_daily":false,"chose_seed":false,"campfire_upgraded":1,"win_rate":0.0,"timestamp":1614136135,"path_taken":["M","M","?","?","?","E","R","?","T","E"],"items_purchased_type":["Card"],"build_version":"2020-12-22","purchased_purges":1,"victory":false,"max_hp_per_floor":[80,80,80,80,80,80,80,80,80,80,80],"relic_stats":{"counters":[5,19],"obtain_stats":[{"Calipers":9,"Burning Blood":0,"Unceasing Top":6,"Runic Pyramid":0},{"Calipers":4,"Burning Blood":0,"Unceasing Top":4,"Runic Pyramid":0},{"Calipers":15,"Burning Blood":0,"Unceasing Top":15,"Runic Pyramid":0}],"Unceasing Top":[0]},"card_choices":[{"not_picked":["Flame Barrier","Anger"],"picked":"Shrug It Off","floor":1},{"not_picked":["Dual Wield","Inflame"],"picked":"Armaments","floor":2},{"not_picked":["Heavy Blade","Clothesline"],"picked":"Spot Weakness","floor":4},{"not_picked":["Spot Weakness","Sword Boomerang"],"picked":"Barricade","floor":6}],"player_experience":215688,"relics_obtained":[{"floor":6,"key":"Unceasing Top"},{"floor":9,"key":"Calipers"}],"event_choices":[{"damage_healed":0,"gold_gain":0,"cards_transformed":["Defend_R"],"player_choice":"Transformed","damage_taken":0,"max_hp_gain":0,"max_hp_loss":0,"event_name":"Transmorgrifier","floor":3,"gold_loss":0,"cards_obtained":["Heavy Blade"]},{"cards_removed":["Strike_R"],"damage_healed":0,"gold_gain":0,"player_choice":"Forget","damage_taken":0,"max_hp_gain":0,"max_hp_loss":0,"event_name":"Living Wall","floor":8,"gold_loss":0}],"is_beta":false,"boss_relics":[],"items_purged_floors":[5],"is_endless":false,"potions_floor_spawned":[1,6],"killed_by":"3 Sentries","ascension_level":3}}