{"host":"7xwe9tmiyvwn0fou","time":1614132432,"event":{"mods":["2.2 Compatiblity","AchievementEnabler","Act Like it!","Aspiration","BaseMod","Better Altar","Better Match","Better Note","Better Sensory Stone","Better Skull","Better Third Choice","BetterRewards","CapriCore","Colored Map","Colored Powertips","Conspire","Downfall","Elementarium","Energized Spire","Friendly Minions","Gensokyo","GifTheSpireLib","Halation","Hallownest","Hero for Fun","Highlight Path","Hubris","Infinite Spire","LagranYue(???·?)","Lobotomy","Minty Spire (QoL Compilation)","MostiFishMod","Rare Cards Sparkle","Reliquary","Ruina","Shop Mod","Spikes Relics","Spire Arcade","StSLib","Stuff the Spire","Td1madao Mod","The Bug Knight","The Jungle","Waifu the Spire","everything is the same but u backflip on backflip","slay the spire mod where everything is the same but ironclad has a cowboy hat"],"gold_per_floor":[17,28,42,22,37,37,350,376,431,448,474,256,181,199,199,298,298,313,326,336,351,88,88,88,88,136,164,184,204,234,234,234,334,334,354,372,384,403,415,415,431,458,458,458,458,458,333,345,345,446,446,462,474,404,404],"floor_reached":54,"language":"ENG","playtime":1756,"items_purged":["Wear_Disguise","Yawn","Do_Nothing"],"score":1069,"play_id":"1f876687-c13c-40e6-bb5d-3c7bc1c7db69","local_time":"20210223210712","is_ascension_mode":false,"campfire_choices":[{"floor":6,"key":"RECALL"},{"floor":15,"key":"REST"},{"floor":23,"key":"REST"},{"floor":25,"key":"REST"},{"floor":32,"key":"REST"},{"data":"Serious_Punch","floor":40,"key":"SMITH"},{"floor":49,"key":"REST"}],"circlet_count":0,"master_deck":["Strike_Y","Strike_Y","Strike_Y","Strike_Y","Strike_Y","Defend_Y","Defend_Y","Defend_Y","Slap","Consecutive_Normal_Punch","Serious_Side_Hops","Slap","Serious_Punch+1","Slap","Do_Nothing+1","Ignore","Oh+1","Terrifying_Presence","Get_Hopes_Up","Slap+1","Slap","Slap+1","Slap+1","Slap+1","Slap","Slap+1","Slap","Side_Hop"],"relics":["Cape","DaveBox","LagranYue:RandomDrawCardRelic","SynthV:TestCard","FeatherPendant","Strawberry","halation:LettersToHer","MerchantsRug","conspire:SpecialSausage","Bag of Preparation","Boot","Akabeko","halation:IllGainedPizza","hubris:Backtick","Orrery","StuffTheSpire:Experiment12","reliquary:SharkskinSheath","Gensokyo:EmptyGrave","hubris:Towel","CosmicIsotope"],"acts_visited":["Gensokyo:Gensokyo","theJungle:Jungle","Gensokyo:Gensokyoest","Gensokyo:Gensokyo"],"potions_floor_usage":[],"damage_taken":[{"damage":0,"enemies":"Gensokyo:2_Kodama","floor":1,"turns":1},{"damage":0,"enemies":"Gensokyo:Gryphon","floor":2,"turns":1},{"damage":0,"enemies":"Gensokyo:Python","floor":3,"turns":1},{"damage":0,"enemies":"Gensokyo:5_Fairies","floor":5,"turns":6},{"damage":0,"enemies":"Gensokyo:Kitsune","floor":7,"turns":2},{"damage":0,"enemies":"Gensokyo:Mamizou","floor":8,"turns":1},{"damage":0,"enemies":"Gensokyo:Python_and_Kodama","floor":10,"turns":1},{"damage":0,"enemies":"Gensokyo:LivingMonolith","floor":14,"turns":1},{"damage":0,"enemies":"Gensokyo:Kokoro","floor":16,"turns":1},{"damage":0,"enemies":"theJungle:GiantWrat","floor":18,"turns":1},{"damage":0,"enemies":"theJungle:5_Spyders","floor":19,"turns":2},{"damage":0,"enemies":"theJungle:Snecko_Cultist_And_Trap","floor":20,"turns":1},{"damage":0,"enemies":"theJungle:SlimyTreeVines","floor":21,"turns":1},{"damage":0,"enemies":"Nightmare","floor":27,"turns":1},{"damage":0,"enemies":"theJungle:JungleHuntersEncounter","floor":28,"turns":2},{"damage":0,"enemies":"Snake Plant","floor":29,"turns":1},{"damage":0,"enemies":"theJungle:Cassacara","floor":30,"turns":1},{"damage":0,"enemies":"theJungle:TotemBoss","floor":33,"turns":4},{"damage":0,"enemies":"Gensokyo:3_Boulders","floor":35,"turns":2},{"damage":0,"enemies":"Gensokyo:AncientGuardian","floor":36,"turns":1},{"damage":0,"enemies":"Gensokyo:Rafflesia","floor":37,"turns":1},{"damage":0,"enemies":"Gensokyo:Sharpion","floor":38,"turns":1},{"damage":0,"enemies":"Gensokyo:4_Bats","floor":39,"turns":2},{"damage":0,"enemies":"Gensokyo:SeedOfUnknown","floor":41,"turns":1},{"damage":0,"enemies":"Nightmare","floor":42,"turns":1},{"damage":0,"enemies":"Gensokyo:3_Boulders","floor":48,"turns":1},{"damage":0,"enemies":"Gensokyo:Yuyuko","floor":50,"turns":1},{"damage":0,"enemies":"Gensokyo:Gryphon","floor":52,"turns":1},{"damage":0,"enemies":"Gensokyo:2_Kodama","floor":53,"turns":1}],"seed_played":"-4040205534880930548","potions_obtained":[{"floor":1,"key":"conspire:TimeTravelPotion"},{"floor":5,"key":"SkillPotion"},{"floor":7,"key":"Dexterity Potion"},{"floor":28,"key":"Swift Potion"},{"floor":35,"key":"conspire:TimeTravelPotion"},{"floor":37,"key":"Swift Potion"}],"is_trial":false,"path_per_floor":["M","M","M","COS","M","R","M","E","T","M","T","$","?","M","R","B",null,"M","M","M","M","$","R","?","R","T","NM","M","M","E","?","R","B",null,"M","M","M","M","M","R","M","NM","T","?","?","?","$","M","R","B",null,"M","M","?"],"character_chosen":"OPM","items_purchased":["MerchantsRug","Oh"],"campfire_rested":5,"item_purchase_floors":[12,22],"current_hp_per_floor":[999,999,999,999,999,999,999,1006,1006,1006,1006,1006,1006,1006,1006,1006,1006,1006,1006,1006,1006,1006,1006,1006,1006,1006,1006,1006,1006,1006,1006,1006,1006,1006,1006,1006,1006,1006,1006,1006,1006,1006,1006,1006,926,926,926,926,926,926,926,926,926,926,926],"gold":404,"neow_bonus":"REMOVE_TWO","is_daily":false,"chose_seed":false,"campfire_upgraded":1,"win_rate":0.0,"timestamp":1614132432,"path_taken":["M","?","M","COS","M","R","M","E","T","?","?","?","?","?","R","BOSS","M","M","M","M","$","R","?","R","T","NM","?","M","E","?","R","BOSS","M","M","M","M","M","R","M","NM","T","?","?","?","?","M","R","BOSS","M","M","?"],"items_purchased_type":["Relic","Card"],"build_version":"2020-12-22","purchased_purges":3,"victory":false,"max_hp_per_floor":[999,999,999,999,999,999,999,1006,1006,1006,1006,1006,1006,1006,1006,1006,1006,1006,1006,1006,1006,1006,1006,1006,1006,1006,1006,1006,1006,1006,1006,1006,1006,1006,1006,1006,1006,1006,1006,1006,1006,1006,1006,1006,926,926,926,926,926,926,926,926,926,926,926],"card_choices":[{"not_picked":["Side_Hop","Normal_Punch"],"picked":"Wear_Disguise","floor":1},{"not_picked":["Consecutive_Normal_Punch","Do_Nothing","Slap","Normal_Punch"],"picked":"Yawn","floor":2},{"not_picked":["Hop","Side_Hop","Yawn","Consecutive_Normal_Punch"],"picked":"Slap","floor":3},{"not_picked":["Toss_Stone","Hop","Side_Hop","Ignore"],"picked":"Do_Nothing","floor":5},{"not_picked":["Wear_Disguise","Side_Hop","Normal_Punch","Slap"],"picked":"Consecutive_Normal_Punch","floor":7},{"not_picked":["Normal_Punch","Hop","Consecutive_Normal_Punch","Yawn"],"picked":"Serious_Side_Hops","floor":8},{"not_picked":["Ignore","Side_Hop","Yawn","Hop"],"picked":"Slap","floor":10},{"not_picked":["Yawn","Consecutive_Normal_Punch","Ignore","Side_Hop","Slap"],"picked":"SKIP","floor":14},{"not_picked":["Oh","Terrifying_Presence","Serious_Side_Hops","Get_Hopes_Up"],"picked":"Serious_Punch","floor":16},{"not_picked":["Wear_Disguise+1","Side_Hop","Toss_Stone","Hop+1"],"picked":"Slap","floor":18},{"not_picked":["Consecutive_Normal_Punch+1","Wear_Disguise","Toss_Stone","Normal_Punch"],"picked":"Do_Nothing+1","floor":19},{"not_picked":["Side_Hop+1","Slap","Hop","Yawn"],"picked":"Ignore","floor":20},{"not_picked":["Yawn","Toss_Stone+1","Slap","Normal_Punch","Hop+1"],"picked":"SKIP","floor":21},{"not_picked":["Hop+1","Side_Hop","Wear_Disguise","Normal_Punch+1","Ignore+1"],"picked":"SKIP","floor":27},{"not_picked":["Ignore","Side_Hop","Wear_Disguise","Do_Nothing","Yawn"],"picked":"SKIP","floor":28},{"not_picked":["Yawn","Wear_Disguise","Toss_Stone","Normal_Punch","Hop+1"],"picked":"SKIP","floor":29},{"not_picked":["Wear_Disguise","Ignore","Hop","Toss_Stone"],"picked":"Terrifying_Presence","floor":30},{"not_picked":["Serious_Punch","Terrifying_Presence","Oh","Hip_Strike"],"picked":"Get_Hopes_Up","floor":33},{"not_picked":["Yawn","Ignore","Side_Hop","Hop"],"picked":"Slap+1","floor":34},{"not_picked":["Hop","Side_Hop","Ignore","Yawn"],"picked":"Slap","floor":34},{"not_picked":["Hop","Ignore","Side_Hop","Yawn"],"picked":"Slap","floor":34},{"not_picked":["Serious_Side_Hops","Normal_Punch","Hop+1","Ignore+1"],"picked":"Slap+1","floor":35},{"not_picked":["Hop","Yawn","Ignore+1","Side_Hop"],"picked":"Slap+1","floor":36},{"not_picked":["Do_Nothing","Consecutive_Normal_Punch+1","Toss_Stone","Ignore+1"],"picked":"Slap","floor":37},{"not_picked":["Wear_Disguise+1","Toss_Stone+1","Get_Hopes_Up","Hop+1","Consecutive_Normal_Punch"],"picked":"SKIP","floor":38},{"not_picked":["Side_Hop+1","Hop","Ignore","Yawn"],"picked":"Slap+1","floor":39},{"not_picked":["Toss_Stone+1","Consecutive_Normal_Punch","Normal_Punch+1","Wear_Disguise"],"picked":"Slap","floor":41},{"not_picked":["Normal_Punch+1","Toss_Stone","Yawn","Wear_Disguise","Terrifying_Presence"],"picked":"SKIP","floor":42},{"not_picked":["Slap","Side_Hop+1","Ignore+1","Yawn+1","Hop+1"],"picked":"SKIP","floor":48},{"not_picked":["Ignore","Wear_Disguise","Hop","Slap"],"picked":"Side_Hop","floor":52},{"not_picked":["Toss_Stone","Ignore","Wear_Disguise","Hop","Normal_Punch"],"picked":"SKIP","floor":53}],"player_experience":45360,"relics_obtained":[{"floor":1,"key":"SynthV:TestCard"},{"floor":8,"key":"Strawberry"},{"floor":11,"key":"halation:LettersToHer"},{"floor":24,"key":"Bag of Preparation"},{"floor":26,"key":"halation:LettersToHer"},{"floor":26,"key":"Boot"},{"floor":27,"key":"Akabeko"},{"floor":30,"key":"halation:IllGainedPizza"},{"floor":42,"key":"StuffTheSpire:Experiment12"},{"floor":43,"key":"halation:LettersToHer"},{"floor":43,"key":"reliquary:SharkskinSheath"}],"event_choices":[{"damage_healed":0,"gold_gain":0,"player_choice":"3","damage_taken":0,"max_hp_gain":0,"max_hp_loss":0,"event_name":"betterMatch:BetterMatch","floor":13,"gold_loss":0,"cards_obtained":[]},{"damage_healed":0,"gold_gain":0,"player_choice":"Relic","damage_taken":0,"max_hp_gain":0,"max_hp_loss":0,"event_name":"Wheel of Change","floor":24,"gold_loss":0},{"damage_healed":0,"gold_gain":0,"player_choice":"3","damage_taken":0,"max_hp_gain":0,"max_hp_loss":0,"event_name":"betterMatch:BetterMatch","floor":31,"gold_loss":0,"cards_obtained":[]}],"is_beta":false,"boss_relics":[{"not_picked":["hubris:Stopwatch","Coffee Dripper"],"picked":"conspire:SpecialSausage"},{"not_picked":["halation:LoveArrow","energizedSpire:RedRose"],"picked":"hubris:Backtick"},{"not_picked":["HereWithMe","BloodWine"],"picked":"CosmicIsotope"}],"items_purged_floors":[12,22,47],"is_endless":true,"potions_floor_spawned":[1,5,7,10,19,21,28,29,33,35,37,53],"ascension_level":0}}