{"host":"7jl4uf745pjtflnx","time":1614196623,"event":{"mods":["BaseMod","BetterRewards","Hubris","Minty Spire (QoL Compilation)","Reliquary","Replay The Spire","StSLib","SuperFastMode","The Construct"],"gold_per_floor":[114,124,124,134,134,134,161,176,176,176,189,189,15,28,28,130,130,45,45,116,30,43,43,54,84,84,96,125,139,158,189,189,189,189],"floor_reached":33,"language":"ENG","playtime":12633,"items_purged":["Strike_R","Strike_R","Regret"],"score":432,"play_id":"295a56e0-279c-4141-916d-94783ffe19de","local_time":"20210224145703","is_ascension_mode":true,"campfire_choices":[{"data":"Combust","floor":6,"key":"SMITH"},{"floor":12,"key":"REST"},{"floor":15,"key":"REST"},{"data":"Inflame","floor":23,"key":"SMITH"},{"data":"Heavy Blade","floor":32,"key":"SMITH"}],"circlet_count":0,"master_deck":["Strike_R","Strike_R","Strike_R","Defend_R","Defend_R","Defend_R+1","Defend_R","Bash","Evolve","Combust+1","True Grit+1","Shockwave","Flex+1","Seeing Red","Inflame+1","Reaper","Sickly","Shrug It Off","Spot Weakness","Fire Breathing","Thunderclap+1","Twin Strike","Cleave","Heavy Blade+1"],"relics":["Burning Blood","ClockworkSouvenir","PreservedInsect","Mirror","Replay:Mystery Machine","Replay:Ancient Bell","Anchor","construct:FoamFinger","hubris:Zylophone","Eternal Feather","Ancient Tea Set","Iron Hammer","Sundial"],"acts_visited":["Exordium","TheCity"],"potions_floor_usage":[8,16,16,25,29],"damage_taken":[{"damage":1,"enemies":"Small Slimes","floor":1,"turns":6},{"damage":2,"enemies":"2 Louse","floor":2,"turns":3},{"damage":14,"enemies":"Jaw Worm","floor":4,"turns":7},{"damage":9,"enemies":"Lagavulin","floor":7,"turns":5},{"damage":11,"enemies":"Gremlin Gang","floor":8,"turns":5},{"damage":13,"enemies":"Exordium Wildlife","floor":11,"turns":5},{"damage":11,"enemies":"Blue Slaver","floor":14,"turns":3},{"damage":24,"enemies":"The Guardian","floor":16,"turns":13},{"damage":9,"enemies":"Chosen","floor":18,"turns":8},{"damage":34,"enemies":"3 Byrds","floor":21,"turns":9},{"damage":23,"enemies":"Shelled Parasite and Fungi","floor":22,"turns":10},{"damage":11,"enemies":"3 Cultists","floor":24,"turns":4},{"damage":12,"enemies":"Gremlin Leader","floor":25,"turns":6},{"damage":38,"enemies":"Sentry and Sphere","floor":27,"turns":6},{"damage":22,"enemies":"Replay:Snechameleon","floor":28,"turns":5},{"damage":3,"enemies":"Chosen and Byrds","floor":29,"turns":3},{"damage":16,"enemies":"Snake Plant","floor":30,"turns":6},{"damage":53,"enemies":"Slavers","floor":31,"turns":5},{"damage":57,"enemies":"Champ","floor":33,"turns":6}],"seed_played":"6838140011505538601","potions_obtained":[{"floor":7,"key":"SpeedPotion"},{"floor":16,"key":"Flashbang"},{"floor":18,"key":"Fire Potion"},{"floor":22,"key":"Milkshake"}],"is_trial":false,"path_per_floor":["M","M","?","M","?","R","E","M","T","$","M","R","$","M","R","B",null,"M","?","T","M","M","R","M","E","T","M","E","M","M","E","R","B"],"character_chosen":"IRONCLAD","items_purchased":["Evolve","Combust","ClockworkSouvenir","True Grit+1","Inflame","PowerPotion","Adrenaline Potion"],"campfire_rested":2,"item_purchase_floors":[0,0,0,0,13,13,13],"current_hp_per_floor":[56,60,60,52,36,36,33,28,28,23,16,40,40,35,59,41,80,77,77,77,67,60,72,75,77,77,45,33,49,39,37,49,0,0],"gold":189,"neow_bonus":"","is_daily":false,"chose_seed":false,"campfire_upgraded":3,"win_rate":0.0,"timestamp":1614196623,"path_taken":["M","M","?","M","?","R","E","M","T","?","M","R","$","M","R","BOSS","M","?","?","?","?","R","M","E","T","M","E","M","M","E","R","BOSS"],"items_purchased_type":["Card","Card","Relic","Card","Card","Potion","Potion"],"build_version":"2020-12-22","purchased_purges":3,"victory":false,"max_hp_per_floor":[80,80,80,80,80,80,80,80,80,80,80,80,80,80,80,80,80,80,80,80,80,80,80,80,80,80,80,80,80,80,80,80,80,80],"card_choices":[{"not_picked":["Searing Blow","Second Wind","Carnage"],"picked":"SKIP","floor":1},{"not_picked":["Abandon","Clash"],"picked":"Shockwave","floor":2},{"not_picked":["ReplayReversal","Hemokinesis"],"picked":"Flex","floor":4},{"not_picked":["Headbutt","ReplayTheSpireMod:Strike From Hell"],"picked":"Seeing Red","floor":7},{"not_picked":["Run Through","Second Wind","Anger"],"picked":"SKIP","floor":8},{"not_picked":["Uppercut","Burning Pact","Iron Wave"],"picked":"SKIP","floor":11},{"not_picked":["Pommel Strike","Pummel","Demonic Infusion"],"picked":"SKIP","floor":14},{"not_picked":["Hemogenesis","Immolate"],"picked":"Reaper","floor":16},{"not_picked":["Overencumbered","Languid"],"picked":"Sickly","floor":17},{"not_picked":["Hallucinations","Regret"],"picked":"ReplayTheSpireMod:IOU","floor":17},{"not_picked":["CommonCold","Shame"],"picked":"ReplayTheSpireMod:IOU","floor":17},{"not_picked":["ReplayTheSpireMod:LeadingStrike","ReplayTheSpireMod:Limb From Limb"],"picked":"Shrug It Off","floor":18},{"not_picked":["Reckless Charge","Replay:Undeath\u0027s Touch+1"],"picked":"Fire Breathing","floor":21},{"not_picked":["Clash","Flame Barrier+1"],"picked":"Thunderclap+1","floor":22},{"not_picked":["Run Through+1","Headbutt"],"picked":"Twin Strike","floor":24},{"not_picked":["hubris:CleavingFinish","Uppercut+1"],"picked":"Cleave","floor":25},{"not_picked":["Battle Trance","Immolate"],"picked":"Heavy Blade","floor":27},{"not_picked":["Cleave","Blood for Blood","Spot Weakness"],"picked":"SKIP","floor":28},{"not_picked":["Reckless Charge","Anger+1","True Grit"],"picked":"SKIP","floor":29},{"not_picked":["Perfected Strike+1","hubris:ReadiedAction","Spot Weakness+1"],"picked":"SKIP","floor":30},{"not_picked":["Body Slam","Rampage","Flex"],"picked":"SKIP","floor":31}],"player_experience":844333,"relics_obtained":[{"floor":7,"key":"Mirror"},{"floor":9,"key":"Replay:Mystery Machine"},{"floor":20,"key":"Eternal Feather"},{"floor":25,"key":"Ancient Tea Set"},{"floor":28,"key":"Iron Hammer"},{"floor":31,"key":"Sundial"}],"event_choices":[{"damage_healed":0,"gold_gain":0,"player_choice":"Box","damage_taken":0,"relics_obtained":["PreservedInsect"],"max_hp_gain":0,"max_hp_loss":0,"event_name":"Big Fish","floor":3,"gold_loss":0,"cards_obtained":["Regret"]},{"damage_healed":0,"gold_gain":0,"player_choice":"Entered Light","damage_taken":16,"max_hp_gain":0,"max_hp_loss":0,"event_name":"Shining Light","floor":5,"gold_loss":0,"cards_upgraded":["Flex","Defend_R"]},{"damage_healed":0,"gold_gain":0,"player_choice":"Read","damage_taken":0,"max_hp_gain":0,"max_hp_loss":0,"event_name":"The Library","floor":19,"gold_loss":0,"cards_obtained":["Spot Weakness"]}],"is_beta":false,"boss_relics":[{"not_picked":["reliquary:Craggleroot","construct:ClawGrip"],"picked":"Replay:Ancient Bell"},{"not_picked":["Happy Flower","reliquary:Knoch"],"picked":"Anchor"},{"not_picked":["HornCleat","hubris:SphereOfDissonance"],"picked":"construct:FoamFinger"},{"not_picked":["Shovel","Incense Burner"],"picked":"hubris:Zylophone"}],"items_purged_floors":[0,0,10],"is_endless":false,"potions_floor_spawned":[7,16,18,22],"killed_by":"Champ","ascension_level":1}}