{"host":"anpwk55bj6rntrcq","time":1614138005,"event":{"mods":["Act Like it!","BaseMod","BetterRewards","GifTheSpireLib","Hermit","Hubris","Kratos Character Expansion","Minty Spire (QoL Compilation)","Replay The Spire","Robot Space Explorer","SCP261 Mod","StSLib","The Blackbeard","The Death Knight","The Exalted","The Necromancer","The Servant 0.9.4"],"gold_per_floor":[217,217,236,236,236,236,266,284,311,161,177,205,230,245,245,245,245,245],"floor_reached":16,"language":"ENG","playtime":450,"items_purged":[],"score":110,"play_id":"9d575eeb-6ec0-4bad-98d8-d1b338ddf156","local_time":"20210223224005","is_ascension_mode":false,"campfire_choices":[{"data":"blackbeard:Cutlass","floor":6,"key":"SMITH"},{"floor":15,"key":"REST"}],"circlet_count":0,"master_deck":["blackbeard:BlackbeardStrike","blackbeard:BlackbeardStrike","blackbeard:BlackbeardStrike","blackbeard:BlackbeardStrike","blackbeard:IntimidatingStrike","blackbeard:BlackbeardDefend","blackbeard:BlackbeardDefend","blackbeard:BlackbeardDefend","blackbeard:BlackbeardDefend","blackbeard:Cutlass+1","blackbeard:Halberd+1","blackbeard:RearmingStrike","blackbeard:Boarding","blackbeard:RearmingStrike","blackbeard:CloakAndCannonball","blackbeard:GoldenCannonball","blackbeard:Shrapnel"],"relics":["blackbeard:LoadTheCannons","Kunai","Golden Egg","Boot","Bronze Scales","blackbeard:GoldenRing","Odd Mushroom"],"acts_visited":["Exordium"],"potions_floor_usage":[12,13,13,13,14,16],"damage_taken":[{"damage":2,"enemies":"Small Slimes","floor":1,"turns":4},{"damage":0,"enemies":"2 Louse","floor":3,"turns":3},{"damage":12,"enemies":"Gremlin Nob","floor":7,"turns":3},{"damage":0,"enemies":"Cultist","floor":8,"turns":2},{"damage":12,"enemies":"Looter","floor":11,"turns":3},{"damage":36,"enemies":"Lagavulin","floor":12,"turns":4},{"damage":0,"enemies":"The Mushroom Lair","floor":13,"turns":2},{"damage":0,"enemies":"2 Fungi Beasts","floor":14,"turns":2},{"damage":36,"enemies":"The Guardian","floor":16,"turns":7}],"seed_played":"1653846857326704232","potions_obtained":[{"floor":11,"key":"SCP261:BarrettColaPotion"},{"floor":12,"key":"EntropicBrew"},{"floor":14,"key":"SCP261:DietGhostPotion"}],"is_trial":false,"path_per_floor":["M","?","M","$","?","R","E","M","T","$","M","E","?","M","R","B"],"character_chosen":"BLACKBEARD_CLASS","items_purchased":["Bronze Scales"],"campfire_rested":1,"item_purchase_floors":[10],"current_hp_per_floor":[73,73,73,73,73,73,61,61,61,61,49,13,13,13,35,0,0,0],"gold":245,"neow_bonus":"HUNDRED_GOLD","is_daily":false,"chose_seed":false,"campfire_upgraded":1,"win_rate":0.0,"timestamp":1614138005,"path_taken":["M","?","M","$","?","R","E","M","T","$","?","E","?","M","R","BOSS"],"items_purchased_type":["Relic"],"build_version":"2020-12-22","purchased_purges":0,"victory":false,"max_hp_per_floor":[75,75,75,75,75,75,75,75,75,75,75,75,75,75,75,75,75,75],"card_choices":[{"not_picked":["blackbeard:PiratesWill","blackbeard:SwordDance"],"picked":"blackbeard:CannonballSupply","floor":1},{"not_picked":["blackbeard:Fencing","blackbeard:PiratesWill"],"picked":"blackbeard:RearmingStrike","floor":3},{"not_picked":["blackbeard:Spear","blackbeard:CannonballSupply"],"picked":"blackbeard:Boarding","floor":7},{"not_picked":["blackbeard:Intoxication","blackbeard:BeatUp"],"picked":"blackbeard:RearmingStrike","floor":8},{"not_picked":["blackbeard:DeadlyArsenal","blackbeard:Eyepatch"],"picked":"blackbeard:CloakAndCannonball","floor":11},{"not_picked":["blackbeard:TerrorOfTheSeas","blackbeard:BountyHunter"],"picked":"blackbeard:GoldenCannonball","floor":12},{"not_picked":["blackbeard:DeadlyArsenal","blackbeard:TacticalRetreat"],"picked":"blackbeard:Shrapnel","floor":13},{"not_picked":["blackbeard:GoldenDefense","blackbeard:SwordDance","blackbeard:CatONineTails"],"picked":"SKIP","floor":14}],"player_experience":388051,"relics_obtained":[{"floor":7,"key":"Golden Egg"},{"floor":9,"key":"Boot"},{"floor":12,"key":"blackbeard:GoldenRing"},{"floor":13,"key":"Odd Mushroom"}],"event_choices":[{"cards_removed":["Summon_Vampire_Lady"],"damage_healed":0,"gold_gain":0,"player_choice":"Gave Card","damage_taken":0,"relics_obtained":["Kunai"],"max_hp_gain":0,"max_hp_loss":0,"event_name":"WeMeetAgain","floor":5,"gold_loss":0},{"damage_healed":0,"gold_gain":0,"player_choice":"Fought Mushrooms","damage_taken":0,"max_hp_gain":0,"max_hp_loss":0,"event_name":"Mushrooms","floor":13,"gold_loss":0}],"is_beta":false,"boss_relics":[],"items_purged_floors":[],"is_endless":false,"potions_floor_spawned":[11,12,14],"killed_by":"The Guardian","ascension_level":0}}