{"host":"v4nyfngrgywi7zc6","time":1614185669,"event":{"mods":["2.2 Compatiblity","Act Like it!","BaseMod","Custom Start","Friendly Minions","Minty Spire (QoL Compilation)","Reliquary","Ruina","Shade Mod","Shop Mod","StSLib","The Cursed","The Judge","The Jungle","The Marked","The Mystic","The Necromancer","The Saiyan"],"gold_per_floor":[111,111,111,124,71,71,112,112,136,156,156,81,101,142,142,142,142],"floor_reached":16,"language":"ENG","playtime":583,"items_purged":["theMarked:Defend"],"score":133,"play_id":"b21025f2-44d2-46b3-8d0c-58340652458e","local_time":"20210224105429","is_ascension_mode":false,"campfire_choices":[{"data":"theMarked:Heritage","floor":6,"key":"SMITH"},{"floor":11,"key":"REST"},{"floor":15,"key":"REST"}],"circlet_count":0,"master_deck":["theMarked:Strike","theMarked:Strike","theMarked:Strike","theMarked:Strike","theMarked:Defend","theMarked:Defend","theMarked:Defend","theMarked:SoldierOfQuellstein+1","theMarked:Heritage+1","theMarked:Memento","theMarked:WardOff"],"relics":["theMarked:ArtifactOfAir","NeowsBlessing","Golden Idol","reliquary:IridiumChain","White Beast Statue"],"acts_visited":["Exordium"],"potions_floor_usage":[14,16],"damage_taken":[{"damage":0,"enemies":"2 Louse","floor":1,"turns":1},{"damage":0,"enemies":"Jaw Worm","floor":4,"turns":1},{"damage":0,"enemies":"Gremlin Nob","floor":7,"turns":1},{"damage":2,"enemies":"Small Slimes","floor":10,"turns":4},{"damage":12,"enemies":"Blue Slaver","floor":13,"turns":5},{"damage":50,"enemies":"3 Sentries","floor":14,"turns":11},{"damage":29,"enemies":"The Guardian","floor":16,"turns":10}],"seed_played":"-1116972628741951111","potions_obtained":[{"floor":13,"key":"theMarked:ChargePotion"},{"floor":14,"key":"Energy Potion"}],"is_trial":false,"path_per_floor":["M","?","?","M","$","R","E","?","T","M","R","$","M","E","R","B"],"character_chosen":"THE_DEFAULT","items_purchased":["theMarked:WardOff"],"campfire_rested":2,"item_purchase_floors":[5],"current_hp_per_floor":[72,54,54,54,54,54,54,47,47,45,66,66,54,4,25,0,0],"gold":142,"neow_bonus":"THREE_ENEMY_KILL","is_daily":false,"chose_seed":false,"campfire_upgraded":1,"win_rate":0.0,"timestamp":1614185669,"path_taken":["M","?","?","M","$","R","E","?","T","M","R","?","M","E","R","BOSS"],"items_purchased_type":["Card"],"build_version":"2020-12-22","purchased_purges":1,"victory":false,"max_hp_per_floor":[72,72,72,72,72,72,72,72,72,72,72,72,72,72,72,72,72],"card_choices":[{"not_picked":["theMarked:EmpowerWeapon","theMarked:HeightenedSenses"],"picked":"theMarked:Heritage","floor":1},{"not_picked":["theMarked:Aftermath","theMarked:ChainLightning"],"picked":"theMarked:Memento","floor":4},{"not_picked":["theMarked:Friction","theMarked:Improvise","theMarked:LightningStrikesTwice"],"picked":"SKIP","floor":7},{"not_picked":["theMarked:HeightenedSenses","theMarked:Aftermath","theMarked:WastefulAttack"],"picked":"SKIP","floor":10},{"not_picked":["theMarked:ElectricStrings","theMarked:Aftermath","theMarked:TwofoldDefense"],"picked":"SKIP","floor":13},{"not_picked":["theMarked:EnhanceMovement","theMarked:Aftermath","theMarked:Maelstrom"],"picked":"SKIP","floor":14}],"player_experience":303752,"relics_obtained":[{"floor":7,"key":"reliquary:IridiumChain"},{"floor":14,"key":"White Beast Statue"}],"event_choices":[{"damage_healed":0,"gold_gain":0,"player_choice":"Take Damage","damage_taken":18,"relics_obtained":["Golden Idol"],"max_hp_gain":0,"max_hp_loss":0,"event_name":"Golden Idol","floor":2,"gold_loss":0},{"damage_healed":0,"gold_gain":0,"player_choice":"Grow","damage_taken":0,"max_hp_gain":0,"max_hp_loss":0,"event_name":"Living Wall","floor":3,"gold_loss":0,"cards_upgraded":["theMarked:SoldierOfQuellstein"]},{"cards_removed":["theMarked:Strike"],"damage_healed":0,"gold_gain":0,"player_choice":"Card Removal","damage_taken":7,"max_hp_gain":0,"max_hp_loss":0,"event_name":"Golden Wing","floor":8,"gold_loss":0}],"is_beta":false,"boss_relics":[],"items_purged_floors":[12],"is_endless":false,"potions_floor_spawned":[13,14],"killed_by":"The Guardian","ascension_level":0}}