{"host":"Slaske","time":1614190353,"event":{"mods":["AchievementEnabler","BaseMod","Colored Map","Colored Powertips","Minty Spire (QoL Compilation)","Random Character Button","Relic Stats","slay the spire mod where everything is the same but ironclad has a cowboy hat"],"gold_per_floor":[112,123,123,123,198,224,224,224,273,292,316,316,346,521,521,521,521],"floor_reached":16,"language":"ENG","playtime":1406,"items_purged":[],"score":164,"play_id":"e1e46a9a-f080-492e-83b2-a33f570be7d2","local_time":"20210224191233","is_ascension_mode":true,"campfire_choices":[{"floor":7,"key":"REST"},{"data":"Cloak And Dagger","floor":12,"key":"SMITH"},{"floor":15,"key":"REST"}],"circlet_count":0,"master_deck":["Strike_G","Strike_G","Strike_G","Defend_G","Defend_G","Defend_G+1","Defend_G","Defend_G","Survivor","Neutralize+1","Blur","Sucker Punch","Cloak And Dagger+1","Terror","Cloak And Dagger","Doubt"],"relics":["Ring of the Snake","NeowsBlessing","Bag of Marbles","Regal Pillow","Ancient Tea Set","Pantograph"],"acts_visited":["Exordium"],"potions_floor_usage":[13,13],"damage_taken":[{"damage":0,"enemies":"Jaw Worm","floor":1,"turns":1},{"damage":0,"enemies":"2 Louse","floor":2,"turns":1},{"damage":0,"enemies":"3 Sentries","floor":6,"turns":2},{"damage":0,"enemies":"Small Slimes","floor":10,"turns":3},{"damage":20,"enemies":"Gremlin Nob","floor":13,"turns":4},{"damage":72,"enemies":"Hexaghost","floor":16,"turns":16}],"seed_played":"271692333724401406","potions_obtained":[{"floor":6,"key":"ColorlessPotion"},{"floor":10,"key":"DistilledChaos"}],"is_trial":false,"path_per_floor":["M","M","?","?","?","E","R","?","T","M","T","R","E","?","R","B"],"character_chosen":"THE_SILENT","items_purchased":[],"campfire_rested":2,"item_purchase_floors":[],"current_hp_per_floor":[70,70,63,49,38,38,59,59,59,59,59,59,39,39,70,0,0],"gold":521,"neow_bonus":"THREE_ENEMY_KILL","is_daily":false,"chose_seed":false,"campfire_upgraded":1,"win_rate":0.0,"timestamp":1614190353,"path_taken":["M","M","?","?","?","E","R","?","T","?","?","R","E","?","R","BOSS"],"items_purchased_type":[],"build_version":"2020-12-18","purchased_purges":0,"victory":false,"max_hp_per_floor":[70,70,70,70,70,70,70,70,70,70,70,70,70,70,70,70,70],"relic_stats":{"Regal Pillow":10,"counters":[6,27],"Pantograph":0,"obtain_stats":[{"Regal Pillow":9,"NeowsBlessing":0,"Pantograph":13,"Bag of Marbles":6,"Ancient Tea Set":11,"Ring of the Snake":0},{"Regal Pillow":3,"NeowsBlessing":0,"Pantograph":5,"Bag of Marbles":3,"Ancient Tea Set":4,"Ring of the Snake":0},{"Regal Pillow":4,"NeowsBlessing":0,"Pantograph":11,"Bag of Marbles":4,"Ancient Tea Set":7,"Ring of the Snake":0}],"Ring of the Snake":[12]},"card_choices":[{"not_picked":["Deflect","Expertise"],"picked":"Blur","floor":1},{"not_picked":["Bane","Flying Knee"],"picked":"Sucker Punch","floor":2},{"not_picked":["Slice","Bane"],"picked":"Cloak And Dagger","floor":6},{"not_picked":["Bouncing Flask","Catalyst"],"picked":"Terror","floor":10},{"not_picked":["Deadly Poison","Dagger Throw"],"picked":"Cloak And Dagger","floor":13}],"player_experience":547438,"relics_obtained":[{"floor":6,"key":"Bag of Marbles"},{"floor":9,"key":"Regal Pillow"},{"floor":11,"key":"Ancient Tea Set"},{"floor":13,"key":"Pantograph"}],"event_choices":[{"cards_removed":["Strike_G"],"damage_healed":0,"gold_gain":0,"player_choice":"Card Removal","damage_taken":7,"max_hp_gain":0,"max_hp_loss":0,"event_name":"Golden Wing","floor":3,"gold_loss":0},{"damage_healed":0,"gold_gain":0,"player_choice":"Entered Light","damage_taken":14,"max_hp_gain":0,"max_hp_loss":0,"event_name":"Shining Light","floor":4,"gold_loss":0,"cards_upgraded":["Defend_G","Neutralize"]},{"damage_healed":0,"gold_gain":75,"player_choice":"Gather Gold","damage_taken":11,"max_hp_gain":0,"max_hp_loss":0,"event_name":"World of Goop","floor":5,"gold_loss":0},{"cards_removed":["Strike_G"],"damage_healed":0,"gold_gain":0,"player_choice":"Offered Basic","damage_taken":0,"max_hp_gain":0,"max_hp_loss":0,"event_name":"Bonfire Elementals","floor":8,"gold_loss":0},{"damage_healed":0,"gold_gain":175,"player_choice":"AGREE","damage_taken":0,"max_hp_gain":0,"max_hp_loss":0,"event_name":"Liars Game","floor":14,"gold_loss":0,"cards_obtained":["Doubt"]}],"is_beta":true,"boss_relics":[],"items_purged_floors":[],"is_endless":false,"potions_floor_spawned":[6,10],"killed_by":"Hexaghost","ascension_level":5}}