{"host":"117k4jqr844m944g","time":1614176044,"event":{"mods":["BaseMod","Downfall","Minty Spire (QoL Compilation)","StSLib","UnlockEverythingMod"],"gold_per_floor":[99,110,121,136,152,162,162,195,212,233,246,276,276,296,316,421,421,321,331,431,531,362,393,416,444,444,474,474,121,121,135,145,249,249,249,269,283,294,294,320,345,380,395,423,469,483,517,15,29,29],"floor_reached":51,"language":"ZHS","playtime":5505,"items_purged":["bronze:Strike","bronze:Strike","bronze:Defend"],"score":1204,"play_id":"d39617ac-51c0-417b-8939-dfd4383b3c42","local_time":"20210224221404","is_ascension_mode":true,"campfire_choices":[{"data":"bronze:Library","floor":1.0,"key":"SMITH"},{"data":"bronze:ClassDefault","floor":18.0,"key":"SMITH"},{"data":"bronze:Goto","floor":26.0,"key":"SMITH"},{"floor":30.0,"key":"REST"},{"data":"bronze:SpaghettiCode","floor":35.0,"key":"SMITH"}],"circlet_count":0,"master_deck":["bronze:Defend","bronze:Defend","bronze:Defend+1","bronze:Replicate","bronze:Goto+1","bronze:Library+1","bronze:Flail","bronze:ClassDefault+1","bronze:Frontload","bronze:DigitalCarnage","bronze:Branch","bronze:GetLatest+1","bronze:Turbo","bronze:Repair","bronze:MaxOutput","bronze:TinkerersToolbox","bronze:ChildClass+1","bronze:AlphaBuild","bronze:DonuBeam","bronze:DecaBeam","bronze:Virus","bronze:Fortify","bronze:GetLatest","bronze:SpaghettiCode+1","bronze:SpaghettiCode+1","bronze:Optimize+1","bronze:Library","bronze:MaxOutput+1","bronze:Refactor+1","bronze:ChildClass+1","bronze:Assembly+1","bronze:Turbo+1","Apotheosis+1","bronze:ChildClass+1"],"relics":["bronze:BronzeCore","Mercury Hourglass","Kunai","Odd Mushroom","HornCleat","Black Star","downfall:HeartBlessingGreen","MutagenicStrength","Boot","Pen Nib","Regal Pillow","Ice Cream","Pantograph","Happy Flower","Toxic Egg 2","SlaversCollar","War Paint","Orichalcum","Anchor","Potion Belt","Blood Vial","Shovel","Prayer Wheel","Mango","Ornamental Fan","Nunchaku","Turnip"],"acts_visited":["Exordium","TheCity","TheBeyond"],"potions_floor_usage":[],"damage_taken":[{"damage":4.0,"enemies":"Cultist","floor":2.0,"turns":5.0},{"damage":5.0,"enemies":"2 Louse","floor":3.0,"turns":4.0},{"damage":2.0,"enemies":"Jaw Worm","floor":4.0,"turns":3.0},{"damage":0.0,"enemies":"3 Louse","floor":5.0,"turns":2.0},{"damage":21.0,"enemies":"Exordium Thugs","floor":6.0,"turns":4.0},{"damage":18.0,"enemies":"3 Sentries","floor":8.0,"turns":4.0},{"damage":9.0,"enemies":"Red Slaver","floor":9.0,"turns":2.0},{"damage":0.0,"enemies":"The Mushroom Lair","floor":10.0,"turns":3.0},{"damage":0.0,"enemies":"Large Slime","floor":11.0,"turns":2.0},{"damage":1.0,"enemies":"Lagavulin","floor":12.0,"turns":5.0},{"damage":0.0,"enemies":"Exordium Wildlife","floor":14.0,"turns":2.0},{"damage":0.0,"enemies":"downfall:LooterAlt","floor":15.0,"turns":3.0},{"damage":4.0,"enemies":"WA_ARCHETYPE_RETAIN","floor":16.0,"turns":4.0},{"damage":13.0,"enemies":"Spheric Guardian","floor":19.0,"turns":8.0},{"damage":18.0,"enemies":"Spheric Guardian","floor":20.0,"turns":5.0},{"damage":15.0,"enemies":"downfall:Augmenter","floor":21.0,"turns":7.0},{"damage":0.0,"enemies":"downfall:FleeingMerchant","floor":22.0,"turns":4.0},{"damage":0.0,"enemies":"Slavers","floor":23.0,"turns":6.0},{"damage":23.0,"enemies":"Gremlin Leader","floor":25.0,"turns":5.0},{"damage":7.0,"enemies":"Book of Stabbing","floor":27.0,"turns":4.0},{"damage":0.0,"enemies":"downfall:FleeingMerchant","floor":29.0,"turns":4.0},{"damage":5.0,"enemies":"Chosen","floor":31.0,"turns":3.0},{"damage":0.0,"enemies":"Snecko","floor":32.0,"turns":4.0},{"damage":18.0,"enemies":"DF_ARCHETYPE_CLAW","floor":33.0,"turns":8.0},{"damage":0.0,"enemies":"Orb Walker","floor":36.0,"turns":3.0},{"damage":2.0,"enemies":"3 Shapes","floor":37.0,"turns":2.0},{"damage":14.0,"enemies":"Transient","floor":38.0,"turns":5.0},{"damage":0.0,"enemies":"Giant Head","floor":40.0,"turns":6.0},{"damage":7.0,"enemies":"Nemesis","floor":42.0,"turns":5.0},{"damage":3.0,"enemies":"Spire Growth","floor":43.0,"turns":4.0},{"damage":0.0,"enemies":"Reptomancer","floor":44.0,"turns":4.0},{"damage":0.0,"enemies":"2 Orb Walkers","floor":45.0,"turns":5.0},{"damage":0.0,"enemies":"Jaw Worm Horde","floor":46.0,"turns":2.0},{"damage":1.0,"enemies":"Giant Head","floor":47.0,"turns":6.0},{"damage":0.0,"enemies":"downfall:FleeingMerchant","floor":48.0,"turns":3.0},{"damage":0.0,"enemies":"Maw","floor":49.0,"turns":3.0},{"damage":0,"enemies":"SI_POISON_ARCHETYPE","floor":50,"turns":5}],"seed_played":"-2723526592225793650","potions_obtained":[{"floor":4.0,"key":"bronze:BurnAndBuffPotion"},{"floor":6.0,"key":"Block Potion"},{"floor":8.0,"key":"FairyPotion"},{"floor":10.0,"key":"CultistPotion"},{"floor":15.0,"key":"bronze:BuildAFunctionPotion"},{"floor":16.0,"key":"EntropicBrew"},{"floor":21.0,"key":"SpeedPotion"},{"floor":27.0,"key":"GamblersBrew"},{"floor":42.0,"key":"DuplicationPotion"},{"floor":43.0,"key":"AttackPotion"}],"is_trial":false,"path_per_floor":["R","M","M","M","M","M","T","E","M","?","M","E","?","M","M","B",null,"R","M","?","?","$","E","T","E","R","E","?","$","R","M","M","B",null,"R","M","M","M","?","E","T","E","M","E","?","M","E","$","M","B",null],"character_chosen":"THE_AUTOMATON","items_purchased":["bronze:SpaghettiCode","Toxic Egg 2","bronze:Turbo+1","Apotheosis+1","Turnip","SpeedPotion","EntropicBrew"],"campfire_rested":1,"item_purchase_floors":[22,29,48,48,48,48,48],"current_hp_per_floor":[70,66,61,59,59,38,38,20,11,11,11,10,10,17,17,20,70,70,59,48,33,40,47,47,31,31,24,3,24,60,62,62,59,70,70,70,70,63,63,70,70,63,62,64,80,82,83,84,84,84],"gold":29,"neow_bonus":"ONE_RANDOM_RARE_CARD","is_daily":false,"chose_seed":false,"campfire_upgraded":4,"win_rate":0.0,"timestamp":1614176044,"path_taken":["R","M","?","M","M","M","T","E","M","?","M","E","?","M","M","BOSS","R","M","?","?","$","E","T","E","R","E","?","$","R","M","M","BOSS","R","M","M","M","?","E","T","E","?","E","?","M","E","$","M","BOSS"],"items_purchased_type":["Card","Relic","Card","Card","Relic","Potion","Potion"],"build_version":"2020-12-22","purchased_purges":3,"victory":true,"max_hp_per_floor":[70,70,70,70,70,70,70,70,70,70,70,70,70,70,70,70,70,70,70,70,70,70,70,70,70,70,70,70,70,70,70,70,70,70,70,70,70,70,70,70,70,70,70,70,84,84,84,84,84,84],"card_choices":[{"not_picked":["bronze:FineTuning","bronze:ChosenStrike","bronze:Deprecate"],"picked":"SKIP","floor":2.0},{"not_picked":["bronze:Fortify","bronze:BugBarrage"],"picked":"bronze:Flail","floor":3.0},{"not_picked":["bronze:WildBeam","bronze:InfiniteBeams","bronze:FineTuning"],"picked":"SKIP","floor":4.0},{"not_picked":["bronze:Library","bronze:CloningBeam"],"picked":"bronze:ClassDefault","floor":5.0},{"not_picked":["bronze:DelayedGuard","bronze:DarkDash"],"picked":"bronze:Frontload","floor":6.0},{"not_picked":["bronze:ItsAFeature","bronze:Shield"],"picked":"bronze:DigitalCarnage","floor":8.0},{"not_picked":["bronze:BugBarrage","bronze:WildBeam"],"picked":"bronze:Branch","floor":9.0},{"not_picked":["bronze:Overheat","bronze:Deprecate"],"picked":"bronze:GetLatest","floor":10.0},{"not_picked":["bronze:BitShift","bronze:Invalidate"],"picked":"bronze:Turbo","floor":11.0},{"not_picked":["bronze:Separator","bronze:GetLatest"],"picked":"bronze:Repair","floor":12.0},{"not_picked":["bronze:Backtrace","bronze:BitShift"],"picked":"bronze:MaxOutput","floor":14.0},{"not_picked":["bronze:Shield","bronze:FollowUp","bronze:Turbo"],"picked":"SKIP","floor":15.0},{"not_picked":["bronze:InfiniteLoop","bronze:Format"],"picked":"bronze:TinkerersToolbox","floor":16.0},{"not_picked":["bronze:DelayedSlice","bronze:BugBarrage"],"picked":"bronze:ChildClass+1","floor":19.0},{"not_picked":["bronze:WildBeam+1","bronze:Frontload+1"],"picked":"bronze:AlphaBuild","floor":20.0},{"not_picked":[],"picked":"bronze:DonuBeam","floor":20.0},{"not_picked":[],"picked":"bronze:DecaBeam","floor":20.0},{"not_picked":["bronze:WhirlingStrike","bronze:DelayedSlice"],"picked":"bronze:GetLatest","floor":22.0},{"not_picked":["bronze:Invalidate","bronze:ForceShield","bronze:Break"],"picked":"SKIP","floor":23.0},{"not_picked":["bronze:InfiniteBeams","bronze:HyperBeam","bronze:BitShift"],"picked":"SKIP","floor":25.0},{"not_picked":["bronze:Deprecate","bronze:FineTuning","bronze:DelayedSlice+1"],"picked":"SKIP","floor":27.0},{"not_picked":["bronze:WildBeam","bronze:Optimize","bronze:CutThrough"],"picked":"SKIP","floor":29.0},{"not_picked":["bronze:DarkDash","bronze:ForLoop+1","bronze:WhirlingStrike"],"picked":"SKIP","floor":31.0},{"not_picked":["bronze:NullPointer","bronze:WildBeam","bronze:Flail"],"picked":"SKIP","floor":32.0},{"not_picked":["bronze:Library","bronze:ShipIt"],"picked":"bronze:SpaghettiCode+1","floor":33.0},{"not_picked":["bronze:DelayedSlice+1","bronze:Flail","bronze:Shield+1"],"picked":"SKIP","floor":36.0},{"not_picked":["bronze:Deprecate+1","bronze:Overheat"],"picked":"bronze:Optimize+1","floor":37.0},{"not_picked":["bronze:Constructor+1","bronze:Invalidate+1","bronze:ShipIt"],"picked":"SKIP","floor":38.0},{"not_picked":["bronze:BugBarrage","bronze:Shield+1","bronze:BuggyMess+1"],"picked":"SKIP","floor":40.0},{"not_picked":["bronze:WhirlingStrike+1","bronze:Terminator+1"],"picked":"bronze:MaxOutput+1","floor":42.0},{"not_picked":["bronze:Iterate","bronze:Virus","bronze:CloningBeam"],"picked":"SKIP","floor":43.0},{"not_picked":["bronze:Iterate","bronze:Virus","bronze:CloningBeam"],"picked":"SKIP","floor":43.0},{"not_picked":["bronze:Repair+1","bronze:Invalidate+1","bronze:Safeguard+1"],"picked":"SKIP","floor":44.0},{"not_picked":["bronze:Repair+1","bronze:Invalidate+1","bronze:Safeguard+1"],"picked":"SKIP","floor":44.0},{"not_picked":["bronze:BuggyMess+1","bronze:Separator+1"],"picked":"bronze:Refactor+1","floor":45.0},{"not_picked":["bronze:ChosenStrike+1","bronze:CutThrough","bronze:Frontload+1"],"picked":"SKIP","floor":46.0},{"not_picked":["bronze:BuggyMess+1","bronze:ForLoop+1","bronze:CloningBeam+1"],"picked":"SKIP","floor":46.0},{"not_picked":["bronze:BugBarrage+1","bronze:ChosenStrike+1"],"picked":"bronze:ChildClass+1","floor":47.0},{"not_picked":["bronze:Overheat","bronze:Fortify+1"],"picked":"bronze:Assembly+1","floor":48.0},{"not_picked":["bronze:Constructor+1","bronze:FollowUp"],"picked":"bronze:ChildClass+1","floor":49.0},{"not_picked":["bronze:Branch+1","bronze:FollowUp+1","bronze:WildBeam+1"],"picked":"SKIP","floor":49.0}],"player_experience":133816,"relics_obtained":[{"floor":7.0,"key":"Mercury Hourglass"},{"floor":8.0,"key":"Kunai"},{"floor":10.0,"key":"Odd Mushroom"},{"floor":12.0,"key":"HornCleat"},{"floor":21.0,"key":"MutagenicStrength"},{"floor":23.0,"key":"Oddly Smooth Stone"},{"floor":23.0,"key":"Boot"},{"floor":24.0,"key":"Pen Nib"},{"floor":25.0,"key":"Regal Pillow"},{"floor":25.0,"key":"Ice Cream"},{"floor":27.0,"key":"Pantograph"},{"floor":27.0,"key":"Happy Flower"},{"floor":40.0,"key":"War Paint"},{"floor":40.0,"key":"Orichalcum"},{"floor":41.0,"key":"Anchor"},{"floor":42.0,"key":"Potion Belt"},{"floor":42.0,"key":"Blood Vial"},{"floor":44.0,"key":"Shovel"},{"floor":44.0,"key":"Prayer Wheel"},{"floor":45.0,"key":"Mango"},{"floor":47.0,"key":"Ornamental Fan"},{"floor":47.0,"key":"Nunchaku"}],"event_choices":[{"damage_healed":0.0,"max_hp_gain":0.0,"max_hp_loss":0.0,"gold_gain":0.0,"event_name":"Mushrooms","player_choice":"Fought Mushrooms","floor":10.0,"gold_loss":0.0,"damage_taken":0.0},{"damage_healed":0.0,"max_hp_gain":0.0,"max_hp_loss":0.0,"gold_gain":0.0,"event_name":"Mysterious Sphere","player_choice":"Fight","floor":45.0,"gold_loss":0.0,"damage_taken":0.0}],"is_beta":false,"boss_relics":[{"not_picked":["Fusion Hammer","bronze:PlatinumCore"],"picked":"Black Star"},{"not_picked":["expansioncontent:StudyCardRelic","SacredBark"],"picked":"SlaversCollar"}],"items_purged_floors":[22,29,48],"is_endless":false,"potions_floor_spawned":[4,6,8,10,12,15,16,19,21,27,32,33,42,43,44,46,47,49],"ascension_level":4}}