{"host":"75labscqqrd170u0","time":1614148993,"event":{"mods":["BaseMod","Downfall","Hermit","Koishi","Marisa????????","Minty Spire (QoL Compilation)","Remilia??????","Replay The Spire","StSLib","The Cursed","The Servant 0.9.4"],"gold_per_floor":[185,201,215,230,248,248,248,248,262,272,272,290,290,29,46,148,148,48,60,60,74,90,109,109,109,119,69,128,145,145,145,159,121,121,121,121],"floor_reached":34,"language":"ENG","playtime":2277,"items_purged":["Delirium"],"score":275,"play_id":"918a0f92-fb20-421a-853b-f3d7e09370ea","local_time":"20210224014313","is_ascension_mode":false,"campfire_choices":[{"floor":25,"key":"REST"}],"circlet_count":0,"master_deck":["Slimebound:Strike_Slimebound","Slimebound:Strike_Slimebound","Slimebound:Tackle","Slimebound:Defend_Slimebound","Slimebound:Defend_Slimebound+1","Slimebound:Defend_Slimebound","Slimebound:Split","Slimebound:CorrosiveSpit","Slimebound:AcidTongue","Slimebound:SplitMire","Slimebound:ItLooksTasty","Slimebound:LeadByExample","Slimebound:Repurpose","Slimebound:SplitLeeching","Slimebound:Schlurp","Slimebound:Schlurp","Slimebound:RainOfGoop","Slimebound:SlimeSlap","Slimebound:SplitMire","Slimebound:SlimeBarrage+1","Slimebound:SplitAcid+1","Slimebound:Schlurp","Slimebound:SplitAcid+1","Slimebound:AcidTongue","Slimebound:Gluttony","Slimebound:ViciousTackle","Slimebound:SlimeBarrage","Slimebound:SplitMire+1","Slimebound:LevelUp","Slimebound:SlimeBarrage"],"relics":["Slimebound:AbsorbEndCombat","Toy Ornithopter","Ring of Panic","Ring of Fury","Gremlin Horn","Fusion Hammer","downfall:HeartBlessingBlue","Garlic","Blue Doll"],"acts_visited":["Exordium","TheCity"],"potions_floor_usage":[9,16,16,16,19,26,29,32,33],"damage_taken":[{"damage":3,"enemies":"Cultist","floor":2,"turns":3},{"damage":3,"enemies":"Small Slimes","floor":3,"turns":3},{"damage":6,"enemies":"Jaw Worm","floor":4,"turns":3},{"damage":41,"enemies":"Large Slime","floor":5,"turns":6},{"damage":11,"enemies":"Exordium Wildlife","floor":9,"turns":4},{"damage":5,"enemies":"downfall:LooterAlt","floor":10,"turns":4},{"damage":7,"enemies":"2 Fungi Beasts","floor":12,"turns":4},{"damage":0,"enemies":"downfall:FleeingMerchant","floor":14,"turns":4},{"damage":7,"enemies":"Large Slime","floor":15,"turns":3},{"damage":12,"enemies":"SI_SHIV_ARCHETYPE","floor":16,"turns":5},{"damage":8,"enemies":"Spheric Guardian","floor":19,"turns":3},{"damage":37,"enemies":"downfall:LooterAlt2","floor":21,"turns":5},{"damage":0,"enemies":"Snake Plant","floor":22,"turns":2},{"damage":22,"enemies":"Shelled Parasite and Fungi","floor":23,"turns":3},{"damage":9,"enemies":"Centurion and Healer","floor":26,"turns":5},{"damage":3,"enemies":"downfall:FleeingMerchant","floor":27,"turns":4},{"damage":34,"enemies":"Cultist and Chosen","floor":29,"turns":7},{"damage":0,"enemies":"Snake Plant","floor":32,"turns":2},{"damage":3,"enemies":"downfall:FleeingMerchant","floor":33,"turns":4},{"damage":0,"enemies":"Centurion and Healer","floor":34,"turns":1}],"seed_played":"8175334885325716251","potions_obtained":[{"floor":2,"key":"Fire Potion"},{"floor":3,"key":"Block Potion"},{"floor":5,"key":"ColorlessPotion"},{"floor":15,"key":"Fire Potion"},{"floor":18,"key":"FearPotion"},{"floor":23,"key":"AttackPotion"},{"floor":28,"key":"champ:CounterPotion"},{"floor":28,"key":"champ:CounterPotion"},{"floor":32,"key":"Fire Potion"}],"is_trial":false,"path_per_floor":["R","M","M","M","M","T","T","?","M","M","?","M","?","$","M","B",null,"R","M","?","M","M","M","T","R","M","$","?","M","PTL","PTL","M","$","M"],"character_chosen":"SLIMEBOUND","items_purchased":["Gremlin Horn","Slimebound:AcidTongue","Slimebound:LevelUp","Slimebound:SlimeBarrage","Blue Doll"],"campfire_rested":1,"item_purchase_floors":[14,27,33,33,33],"current_hp_per_floor":[71,71,71,69,36,36,36,36,38,37,37,34,34,36,33,44,71,81,81,81,50,54,40,40,64,68,73,73,46,46,46,55,65,65,65,65],"gold":121,"neow_bonus":"TEN_PERCENT_HP_BONUS","is_daily":false,"chose_seed":false,"campfire_upgraded":0,"win_rate":0.0,"timestamp":1614148993,"path_taken":["R","M","M","M","M","?","T","?","M","M","?","M","?","$","M","BOSS","R","M","?","?","?","M","T","R","M","$","?","M","PTL","PTL","M","$","M"],"items_purchased_type":["Relic","Card","Card","Card","Relic"],"build_version":"2020-12-13","purchased_purges":1,"victory":false,"max_hp_per_floor":[71,71,71,71,71,71,71,71,71,71,71,71,71,71,71,71,71,81,81,81,81,81,81,81,81,81,81,81,81,81,81,81,81,81,81,81],"card_choices":[{"not_picked":["Slimebound:GrowthPunch","Slimebound:SlimeSpikes"],"picked":"Slimebound:AcidTongue","floor":2},{"not_picked":["Slimebound:MegaLick","Slimebound:LivingWall"],"picked":"Slimebound:SplitMire","floor":3},{"not_picked":["Slimebound:GoopTackle","Slimebound:LivingWall"],"picked":"Slimebound:ItLooksTasty","floor":4},{"not_picked":["Slimebound:GoopSpray","Slimebound:LeechingTouch"],"picked":"Slimebound:LeadByExample","floor":5},{"not_picked":["Slimebound:SlimeSpikes","Slimebound:GoopTackle"],"picked":"Slimebound:Repurpose","floor":9},{"not_picked":["Slimebound:FirmFortitude","Slimebound:ComboTackle"],"picked":"Slimebound:SplitLeeching","floor":10},{"not_picked":["Slimebound:SlimeSpikes","Slimebound:SlimeBrawl"],"picked":"Slimebound:Schlurp","floor":12},{"not_picked":["Slimebound:GoopSpray","Slimebound:FinishingTackle"],"picked":"Slimebound:Schlurp","floor":14},{"not_picked":["Slimebound:Schlurp","Slimebound:PrepareCrush"],"picked":"Slimebound:RainOfGoop","floor":15},{"not_picked":["Slimebound:Teamwork","Slimebound:WasteNot"],"picked":"Slimebound:SlimeSlap","floor":16},{"not_picked":["Slimebound:Schlurp","Slimebound:ComboTackle+1"],"picked":"Slimebound:SplitMire","floor":19},{"not_picked":["Slimebound:Schlurp","Slimebound:SlimeSpikes"],"picked":"Slimebound:SlimeBarrage+1","floor":21},{"not_picked":["Slimebound:ItLooksTasty","Slimebound:TongueLash"],"picked":"Slimebound:SplitAcid+1","floor":22},{"not_picked":["Slimebound:Teamwork","Slimebound:LeechingTouch"],"picked":"Slimebound:Schlurp","floor":23},{"not_picked":["Slimebound:RejuvenatingLick","Slimebound:SamplingLick"],"picked":"Slimebound:SplitAcid+1","floor":26},{"not_picked":["Slimebound:LeechingTouch","Slimebound:MegaLick+1","Slimebound:GoopTackle+1"],"picked":"SKIP","floor":27},{"not_picked":["Slimebound:LeechEnergy","Slimebound:ForwardTackle+1"],"picked":"Slimebound:Gluttony","floor":28},{"not_picked":["Slimebound:SpikyOuterGoop","Slimebound:SplitLeeching"],"picked":"Slimebound:ViciousTackle","floor":29},{"not_picked":["Slimebound:Schlurp+1","Slimebound:GoopTackle"],"picked":"Slimebound:SlimeBarrage","floor":32},{"not_picked":["Slimebound:DisruptingSlam+1","Slimebound:WasteNot"],"picked":"Slimebound:SplitMire+1","floor":33}],"player_experience":82334,"relics_obtained":[{"floor":7,"key":"Toy Ornithopter"},{"floor":13,"key":"Ring of Panic"},{"floor":13,"key":"Ring of Fury"},{"floor":24,"key":"Garlic"}],"event_choices":[],"is_beta":false,"boss_relics":[{"not_picked":["Kintsugi","ChewingGum"],"picked":"Fusion Hammer"}],"items_purged_floors":[33],"is_endless":false,"potions_floor_spawned":[2,3,5,15,23,32],"killed_by":"Centurion and Healer","ascension_level":0}}