{"host":"1bzbl1adcbkdzqlf","time":1614192929,"event":{"mods":["BaseMod","Minty Spire (QoL Compilation)","Slay the Relics Exporter"],"gold_per_floor":[218,238,238,163,163,163,180,207,207,240,240,255,267,278,278,278,278],"floor_reached":16,"language":"ENG","playtime":906,"items_purged":["Strike_R"],"score":224,"play_id":"acbbf872-c511-496a-93bd-d142809eea87","local_time":"20210224125529","is_ascension_mode":true,"campfire_choices":[{"floor":6,"key":"REST"},{"floor":11,"key":"REST"},{"data":"Armaments","floor":15,"key":"SMITH"}],"circlet_count":0,"master_deck":["AscendersBane","Strike_R","Strike_R","Strike_R","Defend_R+1","Defend_R","Defend_R","Defend_R","Bash","Thunderclap+1","Armaments+1","Pommel Strike","Uppercut","Flame Barrier","Spot Weakness","Fire Breathing"],"relics":["Burning Blood","Singing Bowl","Toy Ornithopter","Pen Nib"],"acts_visited":["Exordium"],"potions_floor_usage":[8,10,10,16],"damage_taken":[{"damage":12,"enemies":"Jaw Worm","floor":1,"turns":3},{"damage":16,"enemies":"2 Louse","floor":2,"turns":3},{"damage":0,"enemies":"Cultist","floor":7,"turns":3},{"damage":34,"enemies":"Lagavulin","floor":8,"turns":6},{"damage":24,"enemies":"3 Sentries","floor":10,"turns":5},{"damage":1,"enemies":"Exordium Wildlife","floor":12,"turns":2},{"damage":6,"enemies":"Looter","floor":13,"turns":3},{"damage":8,"enemies":"Blue Slaver","floor":14,"turns":2},{"damage":52,"enemies":"Hexaghost","floor":16,"turns":9}],"seed_played":"-7081565947300614920","potions_obtained":[{"floor":2,"key":"FearPotion"},{"floor":7,"key":"SteroidPotion"},{"floor":8,"key":"LiquidMemories"},{"floor":14,"key":"AttackPotion"}],"is_trial":false,"path_per_floor":["M","M","?","$","?","R","M","E","T","E","R","M","M","M","R","B"],"character_chosen":"IRONCLAD","items_purchased":[],"campfire_rested":2,"item_purchase_floors":[],"current_hp_per_floor":[62,52,45,45,22,44,50,22,22,16,39,44,44,42,42,0,0],"gold":278,"neow_bonus":"HUNDRED_GOLD","is_daily":false,"chose_seed":false,"campfire_upgraded":1,"win_rate":0.0,"timestamp":1614192929,"path_taken":["M","M","?","$","?","R","M","E","T","E","R","M","M","M","R","BOSS"],"items_purchased_type":[],"build_version":"2020-12-22","purchased_purges":1,"victory":false,"max_hp_per_floor":[75,75,75,75,75,75,75,75,75,77,77,77,77,77,77,77,77],"card_choices":[{"not_picked":["Dual Wield","Entrench"],"picked":"Thunderclap","floor":1},{"not_picked":["True Grit","Pommel Strike"],"picked":"Armaments","floor":2},{"not_picked":["Anger","Wild Strike"],"picked":"Pommel Strike","floor":7},{"not_picked":["Havoc","Fire Breathing"],"picked":"Uppercut","floor":8},{"not_picked":["Uppercut","Body Slam","Clash"],"picked":"Singing Bowl","floor":10},{"not_picked":["Reckless Charge","Cleave"],"picked":"Flame Barrier","floor":12},{"not_picked":["Cleave","Clash"],"picked":"Spot Weakness","floor":13},{"not_picked":["Twin Strike","Cleave"],"picked":"Fire Breathing","floor":14}],"player_experience":535305,"relics_obtained":[{"floor":8,"key":"Singing Bowl"},{"floor":9,"key":"Toy Ornithopter"},{"floor":10,"key":"Pen Nib"}],"event_choices":[{"cards_removed":["Strike_R"],"damage_healed":0,"gold_gain":0,"player_choice":"Card Removal","damage_taken":7,"max_hp_gain":0,"max_hp_loss":0,"event_name":"Golden Wing","floor":3,"gold_loss":0},{"damage_healed":0,"gold_gain":0,"player_choice":"Entered Light","damage_taken":23,"max_hp_gain":0,"max_hp_loss":0,"event_name":"Shining Light","floor":5,"gold_loss":0,"cards_upgraded":["Defend_R","Thunderclap"]}],"is_beta":false,"boss_relics":[],"items_purged_floors":[4],"is_endless":false,"potions_floor_spawned":[2,7,8,14],"killed_by":"Hexaghost","ascension_level":20}}