{"host":"qv0ilctqn0ifp2gd","time":1614137078,"event":{"mods":["AchievementEnabler","BaseMod","Minty Spire (QoL Compilation)"],"gold_per_floor":[214,214,227,302,75,103,120,120,120,153,2,37,37,52,52,151,151,170,187,10,10,26,61,61,81,105,105,118,218,218,229,229,325,325,335,635,650,25,42,42,57,57,81,131,159,34,34,34,34,34,34,34,34,66,66,66],"floor_reached":55,"language":"ENG","playtime":3135,"items_purged":["Strike_P","Strike_P","Defend_P"],"score":783,"play_id":"1f899f28-f043-46f5-bfe0-04455fa67b33","local_time":"20210223222438","is_ascension_mode":false,"campfire_choices":[{"data":"Wallop","floor":15.0,"key":"SMITH"},{"data":"Apotheosis","floor":24,"key":"SMITH"},{"data":"Eruption","floor":27,"key":"SMITH"},{"data":"DeusExMachina","floor":30,"key":"SMITH"},{"floor":32,"key":"REST"},{"floor":40,"key":"RECALL"},{"floor":42,"key":"REST"},{"floor":49,"key":"REST"},{"floor":52,"key":"REST"}],"circlet_count":0,"master_deck":["Defend_P","Eruption+1","Vigilance","FollowUp","Prostrate","Wallop+1","Evaluate","CrushJoints","ThirdEye","Brilliance","WaveOfTheHand","Apotheosis+1","Prostrate","FlurryOfBlows+1","ReachHeaven+1","DeusExMachina+1","Halt","DevaForm","FlurryOfBlows+1","Crescendo+1","Brilliance","Fasting2","ClearTheMind","ConjureBlade","WheelKick+1","Ragnarok","InnerPeace"],"relics":["PureWater","TheAbacus","Meat on the Bone","InkBottle","MealTicket","ClockworkSouvenir","Question Card","Empty Cage","Ancient Tea Set","Prayer Wheel","Letter Opener","Fusion Hammer","HandDrill","PreservedInsect","Orichalcum","Gambling Chip","Pear","Eternal Feather"],"acts_visited":["Exordium","TheCity","TheBeyond","TheEnding"],"potions_floor_usage":[29,33,44,45,50,50,50,55],"damage_taken":[{"damage":0.0,"enemies":"Jaw Worm","floor":1.0,"turns":3.0},{"damage":0.0,"enemies":"Cultist","floor":3.0,"turns":2.0},{"damage":15.0,"enemies":"3 Sentries","floor":6.0,"turns":9.0},{"damage":0.0,"enemies":"Small Slimes","floor":7.0,"turns":2.0},{"damage":26.0,"enemies":"Gremlin Nob","floor":10.0,"turns":3.0},{"damage":23.0,"enemies":"Lagavulin","floor":12.0,"turns":5.0},{"damage":3.0,"enemies":"Blue Slaver","floor":14.0,"turns":2.0},{"damage":51.0,"enemies":"The Guardian","floor":16.0,"turns":12.0},{"damage":0.0,"enemies":"2 Thieves","floor":18.0,"turns":4.0},{"damage":22.0,"enemies":"Spheric Guardian","floor":19.0,"turns":6.0},{"damage":2.0,"enemies":"Centurion and Healer","floor":22.0,"turns":6.0},{"damage":49.0,"enemies":"Slavers","floor":23.0,"turns":7.0},{"damage":0,"enemies":"Cultist and Chosen","floor":25,"turns":3},{"damage":0,"enemies":"Chosen and Byrds","floor":28,"turns":5},{"damage":19,"enemies":"Colosseum Slavers","floor":29,"turns":3},{"damage":0,"enemies":"Colosseum Nobs","floor":29,"turns":3},{"damage":0,"enemies":"3 Cultists","floor":31,"turns":3},{"damage":0,"enemies":"Collector","floor":33,"turns":7},{"damage":3,"enemies":"3 Shapes","floor":35,"turns":3},{"damage":19,"enemies":"3 Darklings","floor":37,"turns":6},{"damage":0,"enemies":"Transient","floor":39,"turns":5},{"damage":8,"enemies":"4 Shapes","floor":41,"turns":5},{"damage":18,"enemies":"Mind Bloom Boss Battle","floor":44,"turns":4},{"damage":16,"enemies":"Reptomancer","floor":45,"turns":5},{"damage":76,"enemies":"Donu and Deca","floor":50,"turns":8},{"damage":43,"enemies":"Shield and Spear","floor":54,"turns":5},{"damage":68,"enemies":"The Heart","floor":55,"turns":3}],"seed_played":"4737197032680845943","potions_obtained":[{"floor":7.0,"key":"Weak Potion"},{"floor":10.0,"key":"AttackPotion"},{"floor":14.0,"key":"SneckoOil"},{"floor":16.0,"key":"SteroidPotion"},{"floor":19.0,"key":"SkillPotion"},{"floor":22.0,"key":"SpeedPotion"},{"floor":28,"key":"Energy Potion"},{"floor":31,"key":"AttackPotion"},{"floor":33,"key":"PowerPotion"},{"floor":37,"key":"LiquidMemories"},{"floor":44,"key":"DuplicationPotion"},{"floor":45,"key":"Weak Potion"},{"floor":54,"key":"Weak Potion"}],"is_trial":false,"path_per_floor":["M","?","M","?","$","E","M","?","T","E","$","E","$","M","R","B",null,"M","M","$","?","M","E","R","M","T","R","M","?","R","M","R","B",null,"M","?","M","$","M","R","M","R","T","?","E","$","?","?","R","B",null,"R","$","E","B"],"character_chosen":"WATCHER","items_purchased":["TheAbacus","ClockworkSouvenir","Apotheosis","HandDrill","PreservedInsect","Brilliance","Fasting2"],"campfire_rested":4,"item_purchase_floors":[5,11,20,38,38,38,38],"current_hp_per_floor":[72,72,72,61,61,46,46,51,51,37,52,41,56,53,53,14,77,77,55,70,70,68,31,31,43,43,43,43,48,48,48,71,71,77,74,74,55,70,70,70,62,77,77,59,53,68,68,68,83,19,83,83,83,52,0,0],"gold":66,"neow_bonus":"HUNDRED_GOLD","is_daily":false,"chose_seed":false,"campfire_upgraded":4,"win_rate":0.0,"timestamp":1614137078,"path_taken":["M","?","?","?","$","E","M","?","T","E","$","E","?","M","R","BOSS","M","?","$","?","?","E","R","M","T","R","?","?","R","M","R","BOSS","M","?","?","$","M","R","M","R","T","?","E","$","?","?","R","BOSS","R","$","E","BOSS"],"items_purchased_type":["Relic","Relic","Card","Relic","Relic","Card","Card"],"build_version":"2020-12-22","purchased_purges":3,"victory":false,"max_hp_per_floor":[72,72,72,72,72,72,72,77,77,77,77,77,77,77,77,77,77,77,77,77,77,77,77,77,77,77,77,77,77,77,77,77,77,77,77,77,77,77,77,77,77,77,77,77,87,87,87,83,83,83,83,83,83,83,83,83],"card_choices":[{"not_picked":["Evaluate","Tantrum"],"picked":"FollowUp","floor":1.0},{"not_picked":["Vengeance","Prostrate"],"picked":"FollowUp","floor":3.0},{"not_picked":["Omniscience","CutThroughFate"],"picked":"Wallop","floor":6.0},{"not_picked":["EmptyFist","BowlingBash"],"picked":"Evaluate","floor":7.0},{"not_picked":["FearNoEvil","Conclude"],"picked":"CrushJoints","floor":10.0},{"not_picked":["ThirdEye","EmptyMind","Pray"],"picked":"SKIP","floor":12.0},{"not_picked":["EmptyMind","DeceiveReality","CutThroughFate"],"picked":"ThirdEye","floor":14.0},{"not_picked":["Vault","Establishment","MasterReality"],"picked":"Brilliance","floor":16.0},{"not_picked":["Weave","Indignation","FlyingSleeves+1","FollowUp"],"picked":"SKIP","floor":18.0},{"not_picked":["Fasting2","Meditate","Worship+1"],"picked":"WaveOfTheHand","floor":19.0},{"not_picked":["Crescendo+1","ClearTheMind","InnerPeace"],"picked":"Prostrate","floor":22.0},{"not_picked":["Evaluate","Prostrate","LessonLearned","DeceiveReality+1"],"picked":"SKIP","floor":23.0},{"not_picked":["FearNoEvil","Protect","Weave"],"picked":"FlurryOfBlows+1","floor":25},{"not_picked":["WaveOfTheHand+1","JustLucky","Collect"],"picked":"ReachHeaven+1","floor":28},{"not_picked":["PathToVictory","EmptyFist","BowlingBash"],"picked":"DeusExMachina","floor":29},{"not_picked":["ClearTheMind","EmptyBody","Prostrate"],"picked":"Halt","floor":31},{"not_picked":["EmptyFist","Protect","JustLucky+1","Crescendo"],"picked":"SKIP","floor":31},{"not_picked":["Vault","Judgement","Omniscience"],"picked":"DevaForm","floor":33},{"not_picked":["Protect+1","Consecrate","EmptyFist"],"picked":"FlurryOfBlows+1","floor":35},{"not_picked":["EmptyBody+1","CrushJoints","Evaluate+1","Study+1"],"picked":"SKIP","floor":35},{"not_picked":["Sanctity","FollowUp+1","Evaluate"],"picked":"Crescendo+1","floor":37},{"not_picked":["Meditate+1","FlyingSleeves+1","Prostrate","PathToVictory"],"picked":"SKIP","floor":37},{"not_picked":["SignatureMove","Meditate+1","Swivel+1"],"picked":"ClearTheMind","floor":39},{"not_picked":["Swivel","EmptyMind+1","Tantrum","Consecrate"],"picked":"SKIP","floor":39},{"not_picked":["LikeWater","ThirdEye","EmptyBody+1"],"picked":"ConjureBlade","floor":41},{"not_picked":["Halt+1","ReachHeaven","CutThroughFate+1"],"picked":"WheelKick+1","floor":41},{"not_picked":["Halt","FlyingSleeves","BowlingBash+1"],"picked":"Ragnarok","floor":45},{"not_picked":["CutThroughFate+1","ClearTheMind+1","Crescendo"],"picked":"InnerPeace","floor":54}],"player_experience":47531,"relics_obtained":[{"floor":6.0,"key":"Meat on the Bone"},{"floor":9.0,"key":"InkBottle"},{"floor":10.0,"key":"MealTicket"},{"floor":12.0,"key":"Question Card"},{"floor":23.0,"key":"Ancient Tea Set"},{"floor":29,"key":"Prayer Wheel"},{"floor":29,"key":"Letter Opener"},{"floor":43,"key":"Orichalcum"},{"floor":44,"key":"Gambling Chip"},{"floor":45,"key":"Pear"},{"floor":54,"key":"Eternal Feather"}],"event_choices":[{"damage_healed":0.0,"max_hp_gain":0.0,"max_hp_loss":0.0,"gold_gain":0.0,"cards_transformed":["Defend_P"],"event_name":"Transmorgrifier","player_choice":"Transformed","floor":2.0,"gold_loss":0.0,"damage_taken":0.0,"cards_obtained":["Prostrate"]},{"damage_healed":0.0,"max_hp_gain":0.0,"max_hp_loss":0.0,"gold_gain":75.0,"event_name":"World of Goop","player_choice":"Gather Gold","floor":4.0,"gold_loss":0.0,"damage_taken":11.0},{"damage_healed":0.0,"max_hp_gain":5.0,"max_hp_loss":0.0,"gold_gain":0.0,"event_name":"Big Fish","player_choice":"Donut","floor":8.0,"gold_loss":0.0,"damage_taken":0.0},{"cards_removed":["Strike_P"],"damage_healed":0.0,"max_hp_gain":0.0,"max_hp_loss":0.0,"gold_gain":0.0,"event_name":"Bonfire Elementals","player_choice":"Offered Basic","floor":21.0,"gold_loss":0.0,"damage_taken":0.0},{"damage_healed":0,"gold_gain":0,"player_choice":"Fight","damage_taken":0,"max_hp_gain":0,"max_hp_loss":0,"event_name":"Colosseum","floor":29,"gold_loss":0},{"damage_healed":0,"gold_gain":0,"player_choice":"Fought Nobs","damage_taken":0,"max_hp_gain":0,"max_hp_loss":0,"event_name":"Colosseum","floor":29,"gold_loss":0},{"damage_healed":0,"gold_gain":300,"player_choice":"Gold","damage_taken":0,"max_hp_gain":0,"max_hp_loss":0,"event_name":"Wheel of Change","floor":36,"gold_loss":0},{"damage_healed":0,"gold_gain":0,"player_choice":"Fight","damage_taken":0,"max_hp_gain":0,"max_hp_loss":0,"event_name":"MindBloom","floor":44,"gold_loss":0},{"cards_removed":["FollowUp"],"damage_healed":0,"gold_gain":0,"player_choice":"Removed Attack","damage_taken":0,"max_hp_gain":0,"max_hp_loss":0,"event_name":"Falling","floor":47,"gold_loss":0},{"damage_healed":0,"gold_gain":0,"player_choice":"Max HP","damage_taken":0,"max_hp_gain":0,"max_hp_loss":4,"event_name":"Winding Halls","floor":48,"gold_loss":0}],"is_beta":false,"boss_relics":[{"not_picked":["Runic Pyramid","Philosopher\u0027s Stone"],"picked":"Empty Cage"},{"not_picked":["Coffee Dripper","HolyWater"],"picked":"Fusion Hammer"}],"items_purged_floors":[5,38,46],"is_endless":false,"potions_floor_spawned":[7,10,14,16,19,22,28,31,33,37,44,45,54],"killed_by":"The Heart","ascension_level":0}}