{"host":"ta9jukzngm5b813r","time":1614134356,"event":{"mods":["BaseMod","Colored Map","Minty Spire (QoL Compilation)","Permanent Neow","Relic Stats","Replay The Spire","StSLib"],"gold_per_floor":[119,131,149,149,159,184,184,184,184],"floor_reached":8,"language":"ENG","playtime":707,"items_purged":[],"score":61,"play_id":"31c75257-5ce9-4626-9d04-8c8e63ed1064","local_time":"20210223183916","is_ascension_mode":true,"campfire_choices":[{"floor":7,"key":"REST"}],"circlet_count":0,"master_deck":["Strike_G","Strike_G","Strike_G","Strike_G","Strike_G","Defend_G","Defend_G","Defend_G","Defend_G","Defend_G","Survivor","Neutralize","Blade Dance","Well Laid Plans","Cloak And Dagger","Backflip"],"relics":["Ring of the Snake","Replay:Mystery Machine","Anchor"],"acts_visited":["Exordium"],"potions_floor_usage":[6,8],"damage_taken":[{"damage":9,"enemies":"Jaw Worm","floor":1,"turns":6},{"damage":0,"enemies":"Small Slimes","floor":2,"turns":3},{"damage":0,"enemies":"2 Louse","floor":3,"turns":4},{"damage":0,"enemies":"Blue Slaver","floor":5,"turns":5},{"damage":41,"enemies":"Lagavulin","floor":6,"turns":9},{"damage":44,"enemies":"Gremlin Nob","floor":8,"turns":5}],"seed_played":"4870229518149720182","potions_obtained":[{"floor":2,"key":"Weak Potion"},{"floor":6,"key":"ColorlessPotion"}],"is_trial":false,"path_per_floor":["M","M","M","$","M","E","R","E"],"character_chosen":"THE_SILENT","items_purchased":[],"campfire_rested":1,"item_purchase_floors":[],"current_hp_per_floor":[61,61,61,61,61,20,41,0,0],"gold":184,"neow_bonus":"RANDOM_COMMON_RELIC","is_daily":false,"chose_seed":false,"campfire_upgraded":0,"win_rate":0.0,"timestamp":1614134356,"path_taken":["M","M","M","$","M","E","R","E"],"items_purchased_type":[],"build_version":"2020-12-22","purchased_purges":0,"victory":false,"max_hp_per_floor":[70,70,70,70,70,70,70,70,70],"relic_stats":{"counters":[6,32],"obtain_stats":[{"Anchor":6,"Replay:Mystery Machine":0,"Ring of the Snake":0},{"Anchor":5,"Replay:Mystery Machine":0,"Ring of the Snake":0},{"Anchor":27,"Replay:Mystery Machine":0,"Ring of the Snake":0}],"Ring of the Snake":[12]},"card_choices":[{"not_picked":["Hidden Blade","Poisoned Stab"],"picked":"Blade Dance","floor":1},{"not_picked":["Underhanded Strike","Quick Slash"],"picked":"Well Laid Plans","floor":2},{"not_picked":["Dagger Throw","Underhanded Strike"],"picked":"Cloak And Dagger","floor":3},{"not_picked":["Expertise","Prepared"],"picked":"Backflip","floor":5},{"not_picked":["Acrobatics","Reflex","Riddle With Holes"],"picked":"SKIP","floor":6}],"player_experience":244929,"relics_obtained":[{"floor":6,"key":"Anchor"}],"event_choices":[],"is_beta":false,"boss_relics":[],"items_purged_floors":[],"is_endless":false,"potions_floor_spawned":[2,6],"killed_by":"Gremlin Nob","ascension_level":1}}