{"host":"ia9e4s524g7bamk7","time":1614156759,"event":{"mods":["AchievementEnabler","BaseMod","Colored Map","Minty Spire (QoL Compilation)","Permanent Neow","Slay-I","slay the spire mod where everything is the same but ironclad has a cowboy hat"],"gold_per_floor":[113,129,144,161,161,236,267,267,267,267,284,310,310,326,326,424,424,435,360,3,3,18,51,51,66,92,126,143,123,123,152,152,255,255,272,290,306,88,88,88,88,88],"floor_reached":41,"language":"ENG","playtime":2342,"items_purged":["Strike_G"],"score":656,"play_id":"9cbd447f-54a2-428b-a66b-75188552ca1e","local_time":"20210224095239","is_ascension_mode":true,"campfire_choices":[{"data":"A Thousand Cuts","floor":8,"key":"SMITH"},{"data":"Neutralize","floor":10,"key":"SMITH"},{"floor":13,"key":"REST"},{"data":"Blade Dance","floor":15,"key":"SMITH"},{"data":"Bane","floor":24,"key":"SMITH"},{"floor":30,"key":"REST"},{"data":"After Image","floor":32,"key":"SMITH"},{"floor":40,"key":"RECALL"}],"circlet_count":0,"master_deck":["Strike_G+1","Strike_G+1","Defend_G+1","Defend_G+1","Defend_G+1","Defend_G+1","Defend_G+1","Survivor","Neutralize+1","A Thousand Cuts+1","Heel Hook","Blade Dance+1","Poisoned Stab","Poisoned Stab","Unload","Poisoned Stab","Bane+1","Leg Sweep","Bullet Time","Deflect","Backstab","Setup","Blade Dance","Blade Dance","After Image+1","Backstab+1","A Thousand Cuts","Acrobatics","Slice+1","Endless Agony+1","Blur","Sadistic Nature","Flash of Steel","Dramatic Entrance"],"relics":["Ring of the Snake","Paper Crane","Mango","Pocketwatch","Runic Pyramid","Bottled Tornado","Oddly Smooth Stone","Omamori","Singing Bowl","White Beast Statue","Cursed Key","Snake Skull"],"acts_visited":["Exordium","TheCity","TheBeyond"],"potions_floor_usage":[4,7,18,23,25,27,31],"damage_taken":[{"damage":2,"enemies":"Cultist","floor":1,"turns":5},{"damage":12,"enemies":"2 Louse","floor":2,"turns":3},{"damage":0,"enemies":"Small Slimes","floor":3,"turns":3},{"damage":5,"enemies":"3 Louse","floor":4,"turns":3},{"damage":9,"enemies":"Lagavulin","floor":7,"turns":6},{"damage":8,"enemies":"Lots of Slimes","floor":11,"turns":4},{"damage":9,"enemies":"Gremlin Nob","floor":12,"turns":4},{"damage":0,"enemies":"Looter","floor":14,"turns":2},{"damage":19,"enemies":"The Guardian","floor":16,"turns":11},{"damage":3,"enemies":"Spheric Guardian","floor":18,"turns":3},{"damage":7,"enemies":"Chosen","floor":22,"turns":4},{"damage":11,"enemies":"Slavers","floor":23,"turns":4},{"damage":17,"enemies":"Centurion and Healer","floor":25,"turns":4},{"damage":17,"enemies":"Book of Stabbing","floor":27,"turns":4},{"damage":0,"enemies":"Cultist and Chosen","floor":28,"turns":3},{"damage":0,"enemies":"Gremlin Leader","floor":31,"turns":5},{"damage":23,"enemies":"Champ","floor":33,"turns":12},{"damage":15,"enemies":"3 Darklings","floor":35,"turns":3},{"damage":0,"enemies":"Orb Walker","floor":36,"turns":3},{"damage":0,"enemies":"Writhing Mass","floor":37,"turns":7},{"damage":45,"enemies":"Reptomancer","floor":41,"turns":4}],"seed_played":"-2554895724448455477","potions_obtained":[{"floor":1,"key":"BlessingOfTheForge"},{"floor":2,"key":"Fire Potion"},{"floor":12,"key":"CunningPotion"},{"floor":14,"key":"ColorlessPotion"},{"floor":16,"key":"SpeedPotion"},{"floor":22,"key":"Dexterity Potion"},{"floor":25,"key":"LiquidBronze"},{"floor":28,"key":"SpeedPotion"},{"floor":29,"key":"Regen Potion"},{"floor":33,"key":"Poison Potion"},{"floor":36,"key":"SmokeBomb"}],"is_trial":false,"path_per_floor":["M","M","M","M","?","?","E","R","T","R","M","E","R","M","R","B",null,"M","?","$","?","M","E","R","M","T","E","M","?","R","E","R","B",null,"M","M","M","$","?","R","E"],"character_chosen":"THE_SILENT","items_purchased":["Bottled Tornado","Backstab","Blur","Snake Skull"],"campfire_rested":2,"item_purchase_floors":[20,20,38,38],"current_hp_per_floor":[61,49,49,44,37,26,17,17,31,31,23,14,37,37,37,18,62,59,59,59,59,52,41,41,24,24,9,9,9,32,44,44,21,65,50,50,50,50,40,40,0,0],"gold":88,"neow_bonus":"THREE_RARE_CARDS","is_daily":false,"chose_seed":false,"campfire_upgraded":5,"win_rate":0.0,"timestamp":1614156759,"path_taken":["M","M","?","M","?","?","E","R","T","R","M","E","R","M","R","BOSS","M","?","$","?","M","E","R","M","T","E","M","?","R","E","R","BOSS","M","?","M","$","?","R","E"],"items_purchased_type":["Relic","Card","Card","Relic"],"build_version":"2020-12-22","purchased_purges":1,"victory":false,"max_hp_per_floor":[63,63,63,63,63,63,63,63,77,77,77,77,77,77,77,77,77,77,77,77,77,77,77,77,77,77,79,79,79,79,79,79,79,79,79,79,79,79,79,79,79,79],"card_choices":[{"not_picked":["After Image","Wraith Form v2"],"picked":"A Thousand Cuts","floor":0},{"not_picked":["Underhanded Strike","Reflex"],"picked":"Heel Hook","floor":1},{"not_picked":["Underhanded Strike","Cloak And Dagger"],"picked":"Blade Dance","floor":2},{"not_picked":["Blur","Deflect"],"picked":"Poisoned Stab","floor":3},{"not_picked":["Dagger Spray","Acrobatics"],"picked":"Poisoned Stab","floor":4},{"not_picked":["Predator","Dagger Throw"],"picked":"Unload","floor":7},{"not_picked":["Backstab","Flying Knee"],"picked":"Poisoned Stab","floor":11},{"not_picked":["Grand Finale","Accuracy"],"picked":"Bane","floor":12},{"not_picked":["Bouncing Flask","Outmaneuver"],"picked":"Leg Sweep","floor":14},{"not_picked":["A Thousand Cuts","Corpse Explosion"],"picked":"Bullet Time","floor":16},{"not_picked":["Distraction","Escape Plan"],"picked":"Deflect","floor":18},{"not_picked":["Skewer","Prepared"],"picked":"Setup","floor":22},{"not_picked":["Dagger Throw","Riddle With Holes"],"picked":"Blade Dance","floor":23},{"not_picked":["Dagger Spray","Noxious Fumes"],"picked":"Blade Dance","floor":25},{"not_picked":["Blade Dance","Tactician","Poisoned Stab"],"picked":"Singing Bowl","floor":27},{"not_picked":["Blade Dance","Outmaneuver"],"picked":"After Image","floor":28},{"not_picked":["Glass Knife","Calculated Gamble"],"picked":"Backstab+1","floor":31},{"not_picked":["Envenom","Storm of Steel"],"picked":"A Thousand Cuts","floor":33},{"not_picked":["Bane+1","Slice"],"picked":"Acrobatics","floor":35},{"not_picked":["Masterful Stab","Tactician"],"picked":"Slice+1","floor":36},{"not_picked":["Predator+1","Blade Dance"],"picked":"Endless Agony+1","floor":37},{"not_picked":["Dark Shackles","Finesse"],"picked":"Sadistic Nature","floor":39},{"not_picked":["Deep Breath","Good Instincts"],"picked":"Flash of Steel","floor":39},{"not_picked":["Dark Shackles","Mind Blast"],"picked":"Dramatic Entrance","floor":39}],"player_experience":418668,"relics_obtained":[{"floor":7,"key":"Paper Crane"},{"floor":9,"key":"Mango"},{"floor":12,"key":"Pocketwatch"},{"floor":23,"key":"Oddly Smooth Stone"},{"floor":26,"key":"Omamori"},{"floor":27,"key":"Singing Bowl"},{"floor":31,"key":"White Beast Statue"}],"event_choices":[{"cards_removed":["Strike_G"],"damage_healed":0,"gold_gain":0,"player_choice":"Card Removal","damage_taken":7,"max_hp_gain":0,"max_hp_loss":0,"event_name":"Golden Wing","floor":5,"gold_loss":0},{"damage_healed":0,"gold_gain":75,"player_choice":"Gather Gold","damage_taken":11,"max_hp_gain":0,"max_hp_loss":0,"event_name":"World of Goop","floor":6,"gold_loss":0},{"cards_removed":["Strike_G"],"damage_healed":0,"gold_gain":0,"player_choice":"Gave Gold","damage_taken":0,"max_hp_gain":0,"max_hp_loss":0,"event_name":"Beggar","floor":19,"gold_loss":75},{"damage_healed":0,"gold_gain":0,"player_choice":"Simplicity","damage_taken":0,"max_hp_gain":0,"max_hp_loss":0,"event_name":"Back to Basics","floor":21,"gold_loss":0,"cards_upgraded":["Strike_G","Strike_G","Defend_G","Defend_G","Defend_G","Defend_G","Defend_G"]},{"damage_healed":0,"gold_gain":0,"player_choice":"Bought 1 Potion","damage_taken":0,"max_hp_gain":0,"max_hp_loss":0,"event_name":"The Woman in Blue","floor":29,"gold_loss":0},{"damage_healed":0,"gold_gain":0,"player_choice":"Memory 3","damage_taken":10,"max_hp_gain":0,"max_hp_loss":0,"event_name":"SensoryStone","floor":39,"gold_loss":0}],"is_beta":false,"boss_relics":[{"not_picked":["Sozu","Black Star"],"picked":"Runic Pyramid"},{"not_picked":["Astrolabe","Calling Bell"],"picked":"Cursed Key"}],"items_purged_floors":[20],"is_endless":false,"potions_floor_spawned":[1,2,12,14,16,22,25,28,33,35,36,37],"killed_by":"Reptomancer","ascension_level":7}}