{"host":"36qke0usa4c48kdx","time":1614203103,"event":{"mods":["AchievementEnabler","BaseMod","Colored Map","Downfall","Hermit","Hubris","Marisa????????","Minty Spire (QoL Compilation)","READ ME - Guardian Mod","Replay The Spire","Shop Mod","StSLib","The Bug Knight","The Cursed","The Disciple","The Servant 0.9.4"],"gold_per_floor":[110,125,125,125,300,331,331,366,441,441,441],"floor_reached":10,"language":"ENG","playtime":355,"items_purged":[],"score":124,"play_id":"536fff74-d5df-4617-b936-d5b86d72171c","local_time":"20210224224503","is_ascension_mode":true,"campfire_choices":[{"data":"Defy","floor":7.0,"key":"SMITH"}],"circlet_count":0,"master_deck":["Strike_S","Strike_S","Strike_S","Strike_S","Defend_S","Defend_S","Defend_S","Defend_S","KidneyShot","Exchange","Defy+1","Manipulate+1","Doubt","Dilation","Rearm"],"relics":["Uniform","NeowsBlessing","Kunai","OldScarf","Shovel","Onion Ring"],"acts_visited":["Exordium"],"potions_floor_usage":[10],"damage_taken":[{"damage":0.0,"enemies":"Small Slimes","floor":1.0,"turns":1.0},{"damage":0.0,"enemies":"Jaw Worm","floor":2.0,"turns":1.0},{"damage":0.0,"enemies":"Gremlin Nob","floor":6.0,"turns":1.0},{"damage":17.0,"enemies":"Lagavulin","floor":8.0,"turns":9.0},{"damage":54,"enemies":"Gremlin Nob","floor":10,"turns":6}],"seed_played":"-1263883066068594253","potions_obtained":[{"floor":2.0,"key":"DuplicationPotion"}],"is_trial":false,"path_per_floor":["M","M","?","T","?","E","R","E","T","E"],"character_chosen":"THE_SERVANT","items_purchased":[],"campfire_rested":0,"item_purchase_floors":[],"current_hp_per_floor":[65,65,65,65,65,65,65,48,48,0,0],"gold":441,"neow_bonus":"THREE_ENEMY_KILL","is_daily":false,"chose_seed":false,"campfire_upgraded":1,"win_rate":0.0,"timestamp":1614203103,"path_taken":["M","M","?","?","?","E","R","E","T","E"],"items_purchased_type":[],"build_version":"2020-12-22","purchased_purges":0,"victory":false,"max_hp_per_floor":[65,65,65,65,65,65,65,65,65,65,65],"card_choices":[{"not_picked":["TimeWarp","FanOfKnives"],"picked":"Defy","floor":1.0},{"not_picked":["Revamp","FastForward"],"picked":"Manipulate","floor":2.0},{"not_picked":["Snipe","Sabotage"],"picked":"Dilation","floor":6.0},{"not_picked":["Advance","Hightail"],"picked":"Rearm","floor":8.0}],"player_experience":807212,"relics_obtained":[{"floor":4.0,"key":"Kunai"},{"floor":6.0,"key":"OldScarf"},{"floor":8.0,"key":"Shovel"},{"floor":9.0,"key":"Onion Ring"}],"event_choices":[{"damage_healed":0.0,"max_hp_gain":0.0,"max_hp_loss":0.0,"gold_gain":0.0,"event_name":"Living Wall","player_choice":"Grow","floor":3.0,"gold_loss":0.0,"damage_taken":0.0,"cards_upgraded":["Manipulate"]},{"damage_healed":0.0,"max_hp_gain":0.0,"max_hp_loss":0.0,"gold_gain":175.0,"event_name":"Liars Game","player_choice":"AGREE","floor":5.0,"gold_loss":0.0,"damage_taken":0.0,"cards_obtained":["Doubt"]}],"is_beta":false,"boss_relics":[],"items_purged_floors":[],"is_endless":false,"potions_floor_spawned":[2],"killed_by":"Gremlin Nob","ascension_level":5}}