{"host":"zuf44wbx6j0c4h1p","time":1614129480,"event":{"mods":["2.2 Compatiblity","Aspiration","BaseMod","Bossed Relics","Infinite Spire","Minty Spire (QoL Compilation)","Replay The Spire","SCP261 Mod","Shapeshifter Mod","Shop Mod","Small Relic Pack","Spicy Shops","Spire Arcade","StSLib","Uncapped","Wandering Minibosses","thorton"],"gold_per_floor":[168,186,107,107,107,445,458,492,517,536,54,54,129,129,129,239,239,263,138,160,160,181,181,215,239,264,291,310,348,348,401,401,523,523,568,568,712,387,422,422,482,482,559,600,638,688,688,740,740,769,769,769,569,641,664],"floor_reached":56,"language":"ENG","playtime":2463,"items_purged":["Normality","ReplayTheSpireMod:Restless Dread","ReplayTheSpireMod:GoodbyeWorld+1","thethorton:Defend","thethorton:DownPayment+1","thethorton:Strike","thethorton:Strike"],"score":1339,"play_id":"f709783d-4de9-44dc-b9a5-791ca31c1905","local_time":"20210223191800","is_ascension_mode":false,"campfire_choices":[{"floor":15.0,"key":"RECALL"},{"data":"thethorton:PowerUp","floor":23.0,"key":"SMITH"},{"floor":30.0,"key":"REST"},{"floor":32.0,"key":"REST"},{"floor":42.0,"key":"DIG"},{"floor":49.0,"key":"REST"}],"circlet_count":0,"master_deck":["thethorton:Strike+1","thethorton:Defend","thethorton:Defend","thethorton:Defend+1","thethorton:Heckle","thethorton:CreditCard","thethorton:HitAhead+1","thethorton:StampSmack+1","Inflame+1","thethorton:BusinessCard","thethorton:TemporalBlast+1","thethorton:WhirlingBriefcase","thethorton:Demotion","thethorton:DualBap+1","thethorton:OddChange","thethorton:PowerUp+1","thethorton:BigBreak","thethorton:BoardroomBlast+1","thethorton:ToxicGreed+1","thethorton:HitAhead","thethorton:Siphon","ReplayTheSpireMod:Black Plague","thethorton:BusinessCard+1","thethorton:HitAhead","Dark Shackles","thethorton:MomentaryBreak","thethorton:Fatigue"],"relics":["thethorton:CouragePotion","Iron Core","ReplayTheSpireMod:CursedCoin","aspiration:ChemicalBlood","MerchantsRug","Guide Book","Pandora\u0027s Box","thethorton:BottledFunds","Simple Rune","Replay:Rubber Ducky","Replay:Wax Seal","Replay:Bandana","Busted Crown","Replay:Multitool","infinitespire:Bottled Soul","Juzu Bracelet","Bottled Flame","Pantograph","Chameleon Ring","aspiration:HiddenCompartment"],"acts_visited":["Exordium","TheCity","TheBeyond","TheEnding"],"potions_floor_usage":[54,55,55,55,55],"damage_taken":[{"damage":7.0,"enemies":"Jaw Worm","floor":1.0,"turns":5.0},{"damage":0.0,"enemies":"Small Slimes","floor":2.0,"turns":4.0},{"damage":8.0,"enemies":"3 Sentries","floor":6.0,"turns":5.0},{"damage":0.0,"enemies":"2 Louse","floor":7.0,"turns":1.0},{"damage":23.0,"enemies":"Lagavulin","floor":8.0,"turns":4.0},{"damage":10.0,"enemies":"2 Fungi Beasts","floor":10.0,"turns":3.0},{"damage":0.0,"enemies":"Slime Boss","floor":16.0,"turns":5.0},{"damage":7.0,"enemies":"Spheric Guardian","floor":18.0,"turns":3.0},{"damage":15.0,"enemies":"3 Byrds","floor":20.0,"turns":3.0},{"damage":0.0,"enemies":"Sentry and Sphere","floor":22.0,"turns":3.0},{"damage":26.0,"enemies":"Book of Stabbing","floor":24.0,"turns":3.0},{"damage":4.0,"enemies":"Centurion and Healer","floor":25.0,"turns":4.0},{"damage":8.0,"enemies":"Snake Plant","floor":27.0,"turns":3.0},{"damage":0.0,"enemies":"3 Cultists","floor":28.0,"turns":4.0},{"damage":7.0,"enemies":"Chosen and Byrds","floor":29.0,"turns":2.0},{"damage":6.0,"enemies":"Cultist and Chosen","floor":31.0,"turns":4.0},{"damage":9.0,"enemies":"Champ","floor":33.0,"turns":6.0},{"damage":16.0,"enemies":"3 Darklings","floor":35.0,"turns":3.0},{"damage":5.0,"enemies":"infinitespire:Three Voidlings","floor":37.0,"turns":3.0},{"damage":11.0,"enemies":"Nightmare_Alpha","floor":37.0,"turns":4.0},{"damage":2.0,"enemies":"Orb Walker","floor":39.0,"turns":3.0},{"damage":0.0,"enemies":"R_Hoarder","floor":41.0,"turns":5.0},{"damage":9.0,"enemies":"Sphere and 2 Shapes","floor":44.0,"turns":4.0},{"damage":9.0,"enemies":"Spire Growth","floor":45.0,"turns":3.0},{"damage":0.0,"enemies":"Nemesis","floor":46.0,"turns":3.0},{"damage":10.0,"enemies":"3 Darklings","floor":48.0,"turns":2.0},{"damage":30.0,"enemies":"Time Eater","floor":50.0,"turns":8.0},{"damage":40,"enemies":"Shield and Spear","floor":54,"turns":3},{"damage":35,"enemies":"The Heart","floor":55,"turns":9}],"seed_played":"6880567910139902323","potions_obtained":[{"floor":7.0,"key":"FairyPotion"},{"floor":10.0,"key":"SCP261:EnergyGasPotion"},{"floor":14.0,"key":"Venom Potion"},{"floor":18.0,"key":"Milkshake"},{"floor":25.0,"key":"Block Potion"},{"floor":27.0,"key":"SCP261:DewritoBlazePotion"},{"floor":31.0,"key":"SCP261:BarrettColaPotion"},{"floor":39.0,"key":"SteroidPotion"},{"floor":44.0,"key":"Swift Potion"},{"floor":45.0,"key":"ColorlessPotion"},{"floor":48.0,"key":"Toxic Potion"},{"floor":52.0,"key":"Ancient Potion"},{"floor":52.0,"key":"ColorlessPotion"},{"floor":54,"key":"DistilledChaos"}],"is_trial":false,"path_per_floor":["M","M","$","?","?","E","M","E","T","M","$","?","?","?","R","B",null,"M","$","M","AVR","M","R","E","M","T","M","M","M","R","M","R","B",null,"M","?","?","$","M","R","E","R","T","M","M","E","?","M","R","B",null,"R","$","E","B",null],"character_chosen":"THE_THORT","items_purchased":["Inflame","ReplayTheSpireMod:CursedCoin","Lee\u0027s Waffle","MerchantsRug","Guide Book"],"campfire_rested":3,"item_purchase_floors":[3,3,11,11,11],"current_hp_per_floor":[61,61,61,47,47,39,39,16,16,6,75,75,64,64,64,64,75,68,68,53,53,53,53,32,28,28,20,20,13,37,31,55,46,80,64,64,52,52,50,74,74,74,74,65,56,56,56,46,70,50,80,80,80,40,33],"gold":664,"neow_bonus":"NOSTALGIA","is_daily":false,"chose_seed":false,"campfire_upgraded":1,"win_rate":0.0,"timestamp":1614129480,"path_taken":["M","M","$","?","?","E","M","E","T","M","?","?","?","?","R","BOSS","M","$","M","AVR","M","R","E","M","T","?","M","M","R","M","R","BOSS","M","?","?","?","M","R","E","R","T","M","M","E","?","M","R","BOSS","R","$","E","BOSS"],"items_purchased_type":["Card","Relic","Relic","Relic","Relic"],"build_version":"2020-12-22","purchased_purges":7,"victory":true,"max_hp_per_floor":[68,68,68,68,68,68,68,68,68,68,75,75,75,75,75,75,75,75,75,75,75,75,75,80,80,80,80,80,80,80,80,80,80,80,80,80,80,80,80,80,80,80,80,80,80,80,80,80,80,80,80,80,80,80,80],"card_choices":[{"not_picked":["thethorton:DownPayment","Rebound"],"picked":"thethorton:HitAhead","floor":1.0},{"not_picked":["Body Slam","thethorton:ShoutAndRun"],"picked":"thethorton:StampSmack","floor":2.0},{"not_picked":["Evolve","Cold Snap","thethorton:CompoundInterest"],"picked":"SKIP","floor":6.0},{"not_picked":["Defragment","Body Slam"],"picked":"thethorton:BusinessCard","floor":7.0},{"not_picked":["Fire Breathing","Capacitor"],"picked":"thethorton:TemporalBlast","floor":8.0},{"not_picked":["thethorton:DownPayment","thethorton:TakeAccounts"],"picked":"thethorton:WhirlingBriefcase","floor":10.0},{"not_picked":["Double Tap","thethorton:TrueForm"],"picked":"thethorton:Demotion","floor":16.0},{"not_picked":["thethorton:SeeingDouble","thethorton:GoldBuffer"],"picked":"thethorton:DualBap+1","floor":18.0},{"not_picked":["thethorton:RunningFeint","thethorton:ElbowSmash+1"],"picked":"thethorton:OddChange","floor":20.0},{"not_picked":["thethorton:CashBash","thethorton:FocusStrength+1"],"picked":"thethorton:PowerUp","floor":22.0},{"not_picked":["thethorton:HitAhead+1","thethorton:BusinessCard+1"],"picked":"thethorton:BigBreak","floor":24.0},{"not_picked":["thethorton:Distance","thethorton:FearfulRun+1","thethorton:DualBap"],"picked":"SKIP","floor":25.0},{"not_picked":["thethorton:CoffeeBlast","thethorton:BookBash+1"],"picked":"thethorton:BoardroomBlast+1","floor":27.0},{"not_picked":["thethorton:ROI","thethorton:GoldBuffer"],"picked":"thethorton:ToxicGreed+1","floor":28.0},{"not_picked":["thethorton:AdministrativeActions","thethorton:CoinClash"],"picked":"thethorton:HitAhead","floor":29.0},{"not_picked":["thethorton:SicklyRun","thethorton:BookBash","thethorton:RunningFeint"],"picked":"SKIP","floor":31.0},{"not_picked":["thethorton:CompoundInterest","thethorton:DodgeAndRollAndRun"],"picked":"thethorton:Siphon","floor":33.0},{"not_picked":[],"picked":"thethorton:DownPayment+1","floor":35.0},{"not_picked":["infinitespire:DeathsTouch","infinitespire:SevenWalls"],"picked":"ReplayTheSpireMod:Black Plague","floor":37.0},{"not_picked":[],"picked":"thethorton:BusinessCard","floor":39.0},{"not_picked":["thethorton:TakeAccounts"],"picked":"SKIP","floor":41.0},{"not_picked":[],"picked":"thethorton:HitAhead","floor":44.0},{"not_picked":["thethorton:CallIn+1"],"picked":"SKIP","floor":45.0},{"not_picked":["thethorton:StumblingSlap+1"],"picked":"SKIP","floor":46.0},{"not_picked":[],"picked":"Dark Shackles","floor":47.0},{"not_picked":[],"picked":"thethorton:MomentaryBreak","floor":48.0},{"not_picked":[],"picked":"thethorton:Fatigue","floor":54}],"player_experience":72712,"relics_obtained":[{"floor":6.0,"key":"Old Coin"},{"floor":8.0,"key":"aspiration:ChemicalBlood"},{"floor":24.0,"key":"Replay:Rubber Ducky"},{"floor":26.0,"key":"Replay:Wax Seal"},{"floor":37.0,"key":"Replay:Multitool"},{"floor":41.0,"key":"infinitespire:Bottled Soul"},{"floor":42.0,"key":"Juzu Bracelet"},{"floor":43.0,"key":"Bottled Flame"},{"floor":46.0,"key":"Chameleon Ring"},{"floor":54,"key":"aspiration:HiddenCompartment"}],"event_choices":[{"damage_healed":0.0,"max_hp_gain":0.0,"max_hp_loss":0.0,"gold_gain":0.0,"event_name":"Shining Light","player_choice":"Entered Light","floor":4.0,"gold_loss":0.0,"damage_taken":14.0,"cards_upgraded":["thethorton:HitAhead","thethorton:StampSmack"]},{"damage_healed":0.0,"max_hp_gain":0.0,"max_hp_loss":0.0,"gold_gain":75.0,"event_name":"World of Goop","player_choice":"Gather Gold","floor":13.0,"gold_loss":0.0,"damage_taken":11.0},{"damage_healed":0.0,"max_hp_gain":0.0,"max_hp_loss":0.0,"gold_gain":0.0,"event_name":"Lab","player_choice":"Got Potions","floor":14.0,"gold_loss":0.0,"damage_taken":0.0},{"damage_healed":0.0,"max_hp_gain":0.0,"max_hp_loss":0.0,"gold_gain":0.0,"event_name":"SensoryStone","player_choice":"Memory 1","floor":47.0,"gold_loss":0.0,"damage_taken":0.0}],"is_beta":false,"boss_relics":[{"not_picked":["relicPack:ShieldShield","Fusion Hammer"],"picked":"Pandora\u0027s Box"},{"not_picked":["Velvet Choker","aspiration:FutureDiary"],"picked":"Busted Crown"}],"items_purged_floors":[3,11,19,21,38,38,53],"is_endless":false,"potions_floor_spawned":[7,10,18,25,27,31,39,44,45,46,48,54],"ascension_level":0}}