{"host":"6xnetdfutjfdr70g","time":1614189228,"event":{"mods":["BaseMod","Colored Powertips","Highlight Path","Minty Spire (QoL Compilation)","Relic Stats"],"gold_per_floor":[110,121,138,148,148,181,181,181,233,233,265,283,283,293,293,366,366,381,381,381,395,411,411,411],"floor_reached":23,"language":"ENG","playtime":776,"items_purged":[],"score":345,"play_id":"007b257a-b16d-44a6-a795-fbe5a014d527","local_time":"20210224115348","is_ascension_mode":true,"campfire_choices":[{"floor":7,"key":"REST"},{"data":"Zap","floor":10,"key":"SMITH"},{"floor":13,"key":"REST"},{"data":"Hologram","floor":15,"key":"SMITH"}],"circlet_count":0,"master_deck":["AscendersBane","Strike_B","Defend_B","Defend_B","Zap+1","Dualcast","Sweeping Beam","Streamline","Cold Snap","Auto Shields","Ball Lightning","Hologram+1","Core Surge","Chill","Melter","RitualDagger","Skim"],"relics":["Cracked Core","Kunai","Bronze Scales","White Beast Statue","Nuclear Battery"],"acts_visited":["Exordium","TheCity"],"potions_floor_usage":[6,22,22,23],"damage_taken":[{"damage":1.0,"enemies":"Cultist","floor":1.0,"turns":3.0},{"damage":2.0,"enemies":"2 Louse","floor":2.0,"turns":3.0},{"damage":0.0,"enemies":"Small Slimes","floor":3.0,"turns":2.0},{"damage":12.0,"enemies":"2 Fungi Beasts","floor":4.0,"turns":3.0},{"damage":9,"enemies":"3 Sentries","floor":6,"turns":5},{"damage":17,"enemies":"Gremlin Nob","floor":11,"turns":4},{"damage":0,"enemies":"Large Slime","floor":12,"turns":3},{"damage":4,"enemies":"Looter","floor":14,"turns":3},{"damage":13,"enemies":"Hexaghost","floor":16,"turns":9},{"damage":8,"enemies":"Shell Parasite","floor":18,"turns":3},{"damage":9,"enemies":"3 Byrds","floor":21,"turns":3},{"damage":22,"enemies":"Snake Plant","floor":22,"turns":2},{"damage":20,"enemies":"Slavers","floor":23,"turns":1}],"seed_played":"-3153465446109320260","potions_obtained":[{"floor":1.0,"key":"Fire Potion"},{"floor":6,"key":"GamblersBrew"},{"floor":12,"key":"Ancient Potion"},{"floor":14,"key":"LiquidMemories"},{"floor":16,"key":"Regen Potion"},{"floor":22,"key":"EssenceOfSteel"}],"is_trial":false,"path_per_floor":["M","M","M","M","?","E","R","?","T","R","E","M","R","M","R","B",null,"M","?","?","M","M","E"],"character_chosen":"DEFECT","items_purchased":[],"campfire_rested":2,"item_purchase_floors":[],"current_hp_per_floor":[63,61,61,49,24,15,34,27,27,27,10,10,29,25,25,12,51,43,43,37,28,11,0,0],"gold":411,"neow_bonus":"REMOVE_TWO","is_daily":false,"chose_seed":false,"campfire_upgraded":2,"win_rate":0.0,"timestamp":1614189228,"path_taken":["M","M","?","M","?","E","R","?","T","R","E","M","R","M","R","BOSS","M","?","?","M","M","E"],"items_purchased_type":[],"build_version":"2020-12-22","purchased_purges":0,"victory":false,"max_hp_per_floor":[64,64,64,64,64,64,64,64,64,64,64,64,64,64,64,64,64,64,64,64,64,64,64,64],"relic_stats":{"counters":[13,44],"Bronze Scales":[110],"Kunai":[6],"obtain_stats":[{"Bronze Scales":6,"Kunai":5,"Cracked Core":0,"White Beast Statue":11,"Nuclear Battery":17},{"Bronze Scales":5,"Kunai":4,"Cracked Core":0,"White Beast Statue":6,"Nuclear Battery":9},{"Bronze Scales":16,"Kunai":11,"Cracked Core":0,"White Beast Statue":20,"Nuclear Battery":35}]},"card_choices":[{"not_picked":["Rebound","Compile Driver"],"picked":"Sweeping Beam","floor":1.0},{"not_picked":["Compile Driver","Coolheaded"],"picked":"Streamline","floor":2.0},{"not_picked":["Biased Cognition","Go for the Eyes"],"picked":"Cold Snap","floor":3.0},{"not_picked":["Scrape","Redo","Skim"],"picked":"SKIP","floor":4.0},{"not_picked":["Leap","Rip and Tear"],"picked":"Auto Shields","floor":6},{"not_picked":["Leap","Steam"],"picked":"Ball Lightning","floor":11},{"not_picked":["Compile Driver","Streamline","Stack"],"picked":"SKIP","floor":12},{"not_picked":["Redo","Ball Lightning"],"picked":"Hologram","floor":14},{"not_picked":["Buffer","Hyperbeam"],"picked":"Core Surge","floor":16},{"not_picked":["Tempest","Steam","Redo"],"picked":"SKIP","floor":18},{"not_picked":["Chaos","Stack"],"picked":"Skim","floor":21},{"not_picked":["Beam Cell","Cold Snap","Rebound"],"picked":"SKIP","floor":22}],"player_experience":467141,"relics_obtained":[{"floor":6,"key":"Bronze Scales"},{"floor":11,"key":"White Beast Statue"}],"event_choices":[{"damage_healed":0.0,"max_hp_gain":0.0,"max_hp_loss":0.0,"gold_gain":0.0,"event_name":"Scrap Ooze","player_choice":"Success","floor":5.0,"gold_loss":0.0,"damage_taken":25.0,"relics_obtained":["Kunai"]},{"cards_removed":["Defend_B"],"damage_healed":0,"gold_gain":0,"player_choice":"Card Removal","damage_taken":7,"max_hp_gain":0,"max_hp_loss":0,"event_name":"Golden Wing","floor":8,"gold_loss":0},{"damage_healed":0,"gold_gain":0,"cards_transformed":["Strike_B","Strike_B"],"player_choice":"Became Test Subject","damage_taken":0,"max_hp_gain":0,"max_hp_loss":0,"event_name":"Drug Dealer","floor":19,"gold_loss":0,"cards_obtained":["Chill","Melter"]},{"damage_healed":0,"gold_gain":0,"player_choice":"Joined the Cult","damage_taken":6,"max_hp_gain":0,"max_hp_loss":0,"event_name":"Nest","floor":20,"gold_loss":0,"cards_obtained":["RitualDagger"]}],"is_beta":false,"boss_relics":[{"not_picked":["Sozu","Ectoplasm"],"picked":"Nuclear Battery"}],"items_purged_floors":[],"is_endless":false,"potions_floor_spawned":[1,6,12,14,16,18,21,22],"killed_by":"Slavers","ascension_level":14}}