{"host":"lufzn74xe9ct3rkf","time":1614139612,"event":{"mods":["AchievementEnabler","BaseMod","DNKmod","Evolution","Friendly Minions","Minty Spire (QoL Compilation)","StSLib","Treasure Hunter"],"gold_per_floor":[1542,1542,1028,1038,1057,1087,1119,1119,1119,1154,1183,1258,1358,1374,1374,1469,1469,1482,1495,1514,1514,782,817,179,191,217,248,248,277,295,313,313,412,412,424,159,209,222,222,255,255,274,326,351,351,363,375,375,375,375],"floor_reached":51,"language":"ENG","playtime":1771,"items_purged":[],"score":1445,"play_id":"70f6f0b4-15b5-4a9a-b6b4-322932706951","local_time":"20210223200652","is_ascension_mode":false,"campfire_choices":[{"data":"Jack Of All Trades","floor":8.0,"key":"SMITH"},{"floor":15.0,"key":"DIG"},{"floor":28.0,"key":"DIG"},{"data":"Neutralize","floor":32,"key":"SMITH"},{"data":"Shockwave","floor":41,"key":"SMITH"},{"floor":49,"key":"DIG"}],"circlet_count":0,"master_deck":["Poisoned Stab+1","Poisoned Stab","Poisoned Stab","Poisoned Stab+1","Poisoned Stab","Dodge and Roll","Dodge and Roll+1","Dodge and Roll","Dodge and Roll","Dodge and Roll+1","Survivor","Neutralize+1","Jack Of All Trades+1","Quick Slash+1","Glass Knife+1","Bane+1","Well Laid Plans+1","Heel Hook+1","TH:CursedSword+1","Dash+1","TH:CursedSword+1","Dagger Spray+1","TH:EnergyPotion+1","TH:EnergyPotion+1","Slice+1","TH:CursedSword+1","Poisoned Stab+1","Endless Agony+1","TH:DeckOfManyThings+1","Glass Knife+1","Quick Slash+1","Flying Knee+1","A Thousand Cuts+1","Quick Slash+1","Riddle With Holes+1","TH:EnergyPotion+1","Eviscerate+1","Dramatic Entrance+1","Dagger Throw+1","Quick Slash+1","FlurryOfBlows+1","Underhanded Strike+1","TH:Mimic+1","TH:TreasureMap+1","Underhanded Strike+1","TH:DeckOfManyThings+1","Gash+1","Armaments+1","Panacea","Darkness","Compile Driver+1","TH:CursedSword+1","Barricade+1","Consecrate+1","FTL+1","Endless Agony+1","True Grit+1","EmptyBody+1","Sadistic Nature+1","TH:CopperCoins+1","TH:CursedSword+1","Shockwave+1","Mind Blast+1","Enlightenment+1","TH:EnergyPotion+1","TH:DeckOfManyThings+1","Cloak And Dagger","Dramatic Entrance+1","Good Instincts","Purity","Sword Boomerang+1","Streamline+1","Infinite Blades+1","ReachHeaven+1","TH:EnergyPotion+1"],"relics":["Ring of the Serpent","EVO:Axolotl","Boot","Shuriken","WingedGreaves","White Beast Statue","Pocketwatch","Sundial","Girya","Question Card","Snake Skull","Matryoshka","Juzu Bracelet","Vajra","Gremlin Horn","Centennial Puzzle","Nunchaku","PreservedInsect","Bottled Flame","Unceasing Top","Happy Flower","Mango","Meat on the Bone","Shovel","Lantern","Molten Egg 2","Ancient Tea Set","Frozen Egg 2","TH:Anvil","Blood Vial","Bronze Scales","MealTicket","Dream Catcher","War Paint","Whetstone","Blue Candle","Thread and Needle","Incense Burner","Pen Nib","Prayer Wheel","PrismaticShard","Tiny Chest","Toy Ornithopter","Darkstone Periapt","Eternal Feather","Mummified Hand","WristBlade","Membership Card","Bag of Marbles","Gambling Chip","Dead Branch","Omamori","Smiling Mask","The Specimen","Strawberry","HornCleat"],"acts_visited":["Exordium","TheCity","TheBeyond"],"potions_floor_usage":[33,50,50,50],"damage_taken":[{"damage":0.0,"enemies":"Jaw Worm","floor":1.0,"turns":2.0},{"damage":0.0,"enemies":"Cultist","floor":4.0,"turns":1.0},{"damage":0.0,"enemies":"Small Slimes","floor":5.0,"turns":1.0},{"damage":0.0,"enemies":"Lagavulin","floor":6.0,"turns":2.0},{"damage":0.0,"enemies":"Gremlin Nob","floor":7.0,"turns":1.0},{"damage":0.0,"enemies":"Lagavulin","floor":10.0,"turns":1.0},{"damage":0.0,"enemies":"3 Sentries","floor":11.0,"turns":1.0},{"damage":0.0,"enemies":"Exordium Wildlife","floor":14.0,"turns":1.0},{"damage":0.0,"enemies":"Slime Boss","floor":16.0,"turns":1.0},{"damage":0.0,"enemies":"3 Byrds","floor":18.0,"turns":1.0},{"damage":0.0,"enemies":"Spheric Guardian","floor":19.0,"turns":1.0},{"damage":4.0,"enemies":"Snecko","floor":20.0,"turns":2.0},{"damage":0.0,"enemies":"Slavers","floor":23.0,"turns":1.0},{"damage":0.0,"enemies":"Snake Plant","floor":25.0,"turns":1.0},{"damage":0.0,"enemies":"Book of Stabbing","floor":27.0,"turns":1.0},{"damage":0.0,"enemies":"Gremlin Leader","floor":29.0,"turns":1.0},{"damage":0,"enemies":"Sentry and Sphere","floor":30,"turns":1},{"damage":0,"enemies":"Shelled Parasite and Fungi","floor":31,"turns":1},{"damage":2,"enemies":"Collector","floor":33,"turns":2},{"damage":0,"enemies":"Orb Walker","floor":35,"turns":1},{"damage":1,"enemies":"Mind Bloom Boss Battle","floor":37,"turns":1},{"damage":0,"enemies":"3 Darklings","floor":38,"turns":1},{"damage":0,"enemies":"Reptomancer","floor":40,"turns":1},{"damage":3,"enemies":"Transient","floor":42,"turns":4},{"damage":0,"enemies":"Nemesis","floor":44,"turns":1},{"damage":0,"enemies":"Maw","floor":46,"turns":1},{"damage":0,"enemies":"Writhing Mass","floor":47,"turns":1},{"damage":35,"enemies":"Time Eater","floor":50,"turns":4}],"seed_played":"6751644298066952258","potions_obtained":[{"floor":1.0,"key":"SteroidPotion"},{"floor":4.0,"key":"Strength Potion"},{"floor":5.0,"key":"GamblersBrew"},{"floor":6.0,"key":"Fruit Juice"},{"floor":7.0,"key":"SkillPotion"},{"floor":14.0,"key":"EssenceOfSteel"},{"floor":16.0,"key":"Explosive Potion"},{"floor":18.0,"key":"Swift Potion"},{"floor":25.0,"key":"CultistPotion"},{"floor":35,"key":"SpeedPotion"},{"floor":38,"key":"CultistPotion"}],"is_trial":false,"path_per_floor":["M","?","$","M","M","E","E","R","T","E","E","?","?","M","R","B",null,"M","M","M","?","$","E","$","M","T","E","R","E","M","M","R","B",null,"M","$","?","M","T","E","R","M","T","E","?","M","M","T","R","B",null],"character_chosen":"THE_SILENT","items_purchased":["Bane+1","Frozen Egg 2","TH:Anvil","Thread and Needle","Incense Burner","Quick Slash+1","Riddle With Holes+1","Prayer Wheel","PrismaticShard","Dramatic Entrance+1","Dagger Throw+1","Quick Slash+1","Membership Card","Bag of Marbles","Endless Agony+1"],"campfire_rested":0,"item_purchase_floors":[3,3,3,22,22,22,22,24,24,24,24,24,36,36,36],"current_hp_per_floor":[75,75,75,75,75,80,80,80,80,80,80,69,69,71,71,73,80,80,80,76,61,76,78,85,85,85,85,85,85,85,85,85,83,85,85,85,84,85,85,85,85,82,82,84,74,76,78,85,92,57],"gold":375,"neow_bonus":"RANDOM_COLORLESS","is_daily":false,"chose_seed":false,"campfire_upgraded":3,"win_rate":0.0,"timestamp":1614139612,"path_taken":["M","?","$","M","M","E","E","R","T","E","E","?","?","M","R","BOSS","M","M","M","?","$","E","$","M","T","E","R","E","M","M","R","BOSS","M","$","?","M","?","E","R","M","T","E","?","M","M","?","R","BOSS"],"items_purchased_type":["Card","Relic","Relic","Relic","Relic","Card","Card","Relic","Relic","Card","Card","Card","Relic","Relic","Card"],"build_version":"2020-12-22","purchased_purges":0,"victory":true,"max_hp_per_floor":[75,75,75,75,75,80,80,80,80,80,80,80,80,80,80,80,80,80,80,80,85,85,85,85,85,85,85,85,85,85,85,85,85,85,85,85,85,85,85,85,85,85,85,85,85,85,85,92,92,92],"card_choices":[{"not_picked":["Blind","Impatience"],"picked":"Jack Of All Trades","floor":0.0},{"not_picked":["Accuracy","Infinite Blades","Cloak And Dagger"],"picked":"Quick Slash+1","floor":1.0},{"not_picked":["Choke+1","Backflip","PiercingWail"],"picked":"Well Laid Plans+1","floor":4.0},{"not_picked":["Deflect","Accuracy+1","PiercingWail"],"picked":"Heel Hook+1","floor":5.0},{"not_picked":["TH:Mimic","TH:CopperCoins"],"picked":"TH:CursedSword","floor":6.0},{"not_picked":["Escape Plan","PiercingWail","Reflex"],"picked":"Dash+1","floor":6.0},{"not_picked":["TH:DeckOfManyThings","TH:ArmorSpikes"],"picked":"TH:CursedSword","floor":7.0},{"not_picked":["Underhanded Strike+1","Blur","Tactician"],"picked":"Dagger Spray+1","floor":7.0},{"not_picked":["TH:Mimic","TH:ElvenBoots"],"picked":"TH:EnergyPotion","floor":9.0},{"not_picked":["TH:BikiniMail","TH:TreasureMap"],"picked":"TH:EnergyPotion","floor":10.0},{"not_picked":["Deflect","Reflex","Phantasmal Killer"],"picked":"Slice+1","floor":10.0},{"not_picked":["TH:DeckOfManyThings","TH:EnergyPotion"],"picked":"TH:CursedSword","floor":11.0},{"not_picked":["Blade Dance","Deflect","Sucker Punch+1"],"picked":"Poisoned Stab+1","floor":11.0},{"not_picked":["Flying Knee+1","Escape Plan","Dodge and Roll"],"picked":"Endless Agony+1","floor":14.0},{"not_picked":["TH:TreasureMap","TH:PixieDust"],"picked":"TH:DeckOfManyThings","floor":16.0},{"not_picked":["Unload+1","Storm of Steel","Burst"],"picked":"Glass Knife+1","floor":16.0},{"not_picked":["Masterful Stab+1","Catalyst","Slice+1"],"picked":"Quick Slash+1","floor":18.0},{"not_picked":["Deadly Poison","Dash+1","Outmaneuver"],"picked":"Flying Knee+1","floor":19.0},{"not_picked":["Outmaneuver","Prepared","PiercingWail"],"picked":"A Thousand Cuts+1","floor":20.0},{"not_picked":["TH:PixieDust","TH:ElvenBoots"],"picked":"TH:EnergyPotion","floor":23.0},{"not_picked":["Blade Dance","Cloak And Dagger","Infinite Blades+1"],"picked":"Eviscerate+1","floor":23.0},{"not_picked":["Dash+1","BootSequence","PiercingWail+1"],"picked":"FlurryOfBlows+1","floor":25.0},{"not_picked":["Bandage Up","Compile Driver+1","Beam Cell+1"],"picked":"Underhanded Strike+1","floor":25.0},{"not_picked":["TH:BikiniMail","TH:PixieDust"],"picked":"TH:Mimic","floor":26.0},{"not_picked":["TH:PixieDust","TH:EnergyPotion"],"picked":"TH:TreasureMap","floor":27.0},{"not_picked":["Bullet Time","ClearTheMind","True Grit"],"picked":"Underhanded Strike+1","floor":27.0},{"not_picked":["TH:ElvenBoots","TH:TreasureMap"],"picked":"TH:DeckOfManyThings","floor":29.0},{"not_picked":["Madness","PiercingWail","Force Field"],"picked":"Gash+1","floor":29.0},{"not_picked":["Shockwave","Gash+1","FlurryOfBlows+1"],"picked":"Armaments+1","floor":30},{"not_picked":["Cloak And Dagger","Dual Wield","Go for the Eyes+1"],"picked":"Panacea","floor":30},{"not_picked":["Coolheaded","PiercingWail","Deflect+1"],"picked":"Darkness","floor":31},{"not_picked":["Havoc","Evaluate","Leap+1"],"picked":"Compile Driver+1","floor":31},{"not_picked":["TH:TreasureMap","TH:DeckOfManyThings"],"picked":"TH:CursedSword","floor":33},{"not_picked":["Buffer+1","Doppelganger","Feed+1"],"picked":"Barricade+1","floor":33},{"not_picked":["Protect","Streamline+1","Flying Knee+1"],"picked":"Consecrate+1","floor":35},{"not_picked":["Clash+1","Defragment+1","Compile Driver+1"],"picked":"FTL+1","floor":35},{"not_picked":["Shrug It Off","Catalyst","Nirvana+1"],"picked":"True Grit+1","floor":37},{"not_picked":["Barrage+1","Halt+1","InnerPeace+1"],"picked":"EmptyBody+1","floor":38},{"not_picked":["Cloak And Dagger+1","Infinite Blades+1","Fusion+1"],"picked":"Sadistic Nature+1","floor":38},{"not_picked":["TH:ArmorSpikes","TH:TreasureMap"],"picked":"TH:CopperCoins","floor":39},{"not_picked":["TH:EnergyPotion","TH:ArmorSpikes"],"picked":"TH:CursedSword","floor":40},{"not_picked":["TH:TreasureMap","Deep Breath","Bane+1"],"picked":"Shockwave","floor":40},{"not_picked":["Blade Dance+1","Slice+1","Warcry+1"],"picked":"Mind Blast+1","floor":42},{"not_picked":["EmptyBody","Leap+1","Heavy Blade+1"],"picked":"Enlightenment+1","floor":42},{"not_picked":["TH:PixieDust","TH:Mimic"],"picked":"TH:EnergyPotion","floor":43},{"not_picked":["TH:ElvenBoots","TH:PixieDust"],"picked":"TH:DeckOfManyThings","floor":44},{"not_picked":["Consume+1","Envenom+1","Halt+1"],"picked":"Cloak And Dagger","floor":44},{"not_picked":["Panacea","Thinking Ahead","TH:DeckOfManyThings"],"picked":"Dramatic Entrance+1","floor":45},{"not_picked":["PanicButton","Finesse","Dark Shackles"],"picked":"Good Instincts","floor":45},{"not_picked":["TH:TreasureMap","PanicButton","Impatience"],"picked":"Purity","floor":45},{"not_picked":["Compile Driver+1","Reprogram+1","Dark Shackles+1"],"picked":"Sword Boomerang+1","floor":46},{"not_picked":["Armaments+1","ClearTheMind+1","Cleave+1"],"picked":"Streamline+1","floor":46},{"not_picked":["Acrobatics","Multi-Cast","Go for the Eyes+1"],"picked":"Infinite Blades+1","floor":47},{"not_picked":["Chill+1","Double Energy+1","Feel No Pain+1"],"picked":"ReachHeaven+1","floor":47},{"not_picked":["TH:DeckOfManyThings","TH:ArmorSpikes"],"picked":"TH:EnergyPotion","floor":48}],"player_experience":47233,"relics_obtained":[{"floor":6.0,"key":"Blood Vial"},{"floor":7.0,"key":"Bronze Scales"},{"floor":9.0,"key":"MealTicket"},{"floor":9.0,"key":"Dream Catcher"},{"floor":10.0,"key":"War Paint"},{"floor":11.0,"key":"Whetstone"},{"floor":15.0,"key":"Blue Candle"},{"floor":23.0,"key":"Pen Nib"},{"floor":26.0,"key":"Tiny Chest"},{"floor":26.0,"key":"Toy Ornithopter"},{"floor":27.0,"key":"Darkstone Periapt"},{"floor":28.0,"key":"Eternal Feather"},{"floor":29.0,"key":"Mummified Hand"},{"floor":37,"key":"Gambling Chip"},{"floor":39,"key":"Dead Branch"},{"floor":40,"key":"Omamori"},{"floor":43,"key":"Smiling Mask"},{"floor":44,"key":"The Specimen"},{"floor":48,"key":"Strawberry"},{"floor":49,"key":"HornCleat"}],"event_choices":[{"damage_healed":0.0,"max_hp_gain":0.0,"max_hp_loss":0.0,"gold_gain":0.0,"event_name":"Match and Keep!","player_choice":"1 cards matched","floor":2.0,"gold_loss":0.0,"damage_taken":0.0,"cards_obtained":["Glass Knife"]},{"damage_healed":0.0,"max_hp_gain":0.0,"max_hp_loss":0.0,"gold_gain":75.0,"event_name":"World of Goop","player_choice":"Gather Gold","floor":12.0,"gold_loss":0.0,"damage_taken":11.0},{"damage_healed":0.0,"max_hp_gain":0.0,"max_hp_loss":0.0,"gold_gain":100.0,"event_name":"Golden Shrine","player_choice":"Pray","floor":13.0,"gold_loss":0.0,"damage_taken":0.0},{"damage_healed":0.0,"max_hp_gain":5.0,"max_hp_loss":0.0,"gold_gain":0.0,"event_name":"Forgotten Altar","player_choice":"Shed Blood","floor":21.0,"gold_loss":0.0,"damage_taken":20.0},{"damage_healed":0,"gold_gain":0,"player_choice":"Fight","damage_taken":0,"max_hp_gain":0,"max_hp_loss":0,"event_name":"MindBloom","floor":37,"gold_loss":0},{"damage_healed":0,"gold_gain":0,"player_choice":"Memory 3","damage_taken":10,"max_hp_gain":0,"max_hp_loss":0,"event_name":"SensoryStone","floor":45,"gold_loss":0}],"is_beta":false,"boss_relics":[{"not_picked":["Astrolabe","Runic Dome"],"picked":"Ring of the Serpent"},{"not_picked":["HoveringKite","Coffee Dripper"],"picked":"WristBlade"}],"items_purged_floors":[],"is_endless":false,"potions_floor_spawned":[1,4,5,6,7,10,11,14,16,18,19,20,23,25,27,29,30,31,33,35,37,38,40,42,44,46,47],"ascension_level":0}}