{"host":"18ybagvpjbhxblmx","time":1614197725,"event":{"mods":["BaseMod","BetterRewards","Colored Map","Conspire","Friendly Minions","Hubris","Infinite Spire","Marisa????????","Minty Spire (QoL Compilation)","Quick Restart","Replay The Spire","StSLib","The Cursed","The Runesmith","The Servant 0.9.4"],"gold_per_floor":[115,115,128,3,3,3,3,3],"floor_reached":7,"language":"ENG","playtime":306,"items_purged":["TheCursedMod:Strike_TheCursed","TheCursedMod:Defend_TheCursed","TheCursedMod:Strike_TheCursed"],"score":41,"play_id":"14bd3b9e-375e-4d33-bd5f-da30bd1a7274","local_time":"20210224211524","is_ascension_mode":true,"campfire_choices":[{"data":"TheCursedMod:CircleOfFocus","floor":6.0,"key":"SMITH"}],"circlet_count":0,"master_deck":["TheCursedMod:Strike_TheCursed","TheCursedMod:Strike_TheCursed","TheCursedMod:Defend_TheCursed","TheCursedMod:Defend_TheCursed","TheCursedMod:Defend_TheCursed","TheCursedMod:CursedWand","TheCursedMod:CleanUpWorkshop","TheCursedMod:Dregs","TheCursedMod:FleshFromBone","TheCursedMod:CircleOfFocus+1"],"relics":["TheCursedMod:BlackMagic101","Garlic","Calipers","hubris:Towel"],"acts_visited":["Exordium"],"potions_floor_usage":[],"damage_taken":[{"damage":0.0,"enemies":"2 Louse","floor":1.0,"turns":3.0},{"damage":0.0,"enemies":"Cultist","floor":3.0,"turns":4.0},{"damage":0,"enemies":"3 Sentries","floor":7,"turns":1}],"seed_played":"-4883974252386953227","potions_obtained":[{"floor":3.0,"key":"SteroidPotion"}],"is_trial":false,"path_per_floor":["M","?","M","$","?","R","E"],"character_chosen":"THE_CURSED","items_purchased":["Garlic","Calipers","TheCursedMod:FleshFromBone"],"campfire_rested":0,"item_purchase_floors":[0,0,0],"current_hp_per_floor":[40,40,40,40,40,40,40,40],"gold":3,"neow_bonus":"","is_daily":false,"chose_seed":false,"campfire_upgraded":1,"win_rate":0.0,"timestamp":1614197724,"path_taken":["M","?","M","$","?","R","E"],"items_purchased_type":["Relic","Relic","Card"],"build_version":"2020-12-22","purchased_purges":3,"victory":false,"max_hp_per_floor":[75,75,75,75,75,75,75,75],"card_choices":[{"not_picked":["TheCursedMod:ReleasedStrength","TheCursedMod:HellsGateOpen","TheCursedMod:Obscuration"],"picked":"SKIP","floor":1.0},{"not_picked":["TheCursedMod:TacticalStrike","TheCursedMod:SoulReap"],"picked":"TheCursedMod:CircleOfFocus","floor":3.0}],"player_experience":291703,"relics_obtained":[],"event_choices":[{"damage_healed":0.0,"max_hp_gain":0.0,"max_hp_loss":0.0,"gold_gain":0.0,"event_name":"conspire:Investor","player_choice":"Leave","floor":2.0,"gold_loss":0.0,"damage_taken":0.0}],"is_beta":false,"boss_relics":[],"items_purged_floors":[0,0,4],"is_endless":false,"potions_floor_spawned":[3],"killed_by":"3 Sentries","ascension_level":1}}