{"host":"5n1fl7z5i1vf7jan","time":1614146860,"event":{"mods":["BaseMod","Minty Spire (QoL Compilation)","Quick Restart","Relic Stats"],"gold_per_floor":[113,131,142,142,142,142,158,158,158,176,196,224,253,266,266,266,266],"floor_reached":16,"language":"ENG","playtime":589,"items_purged":[],"score":208,"play_id":"c79077b5-e243-4964-bfd7-52b32e0ecbcd","local_time":"20210223220740","is_ascension_mode":true,"campfire_choices":[{"data":"Zap","floor":6.0,"key":"SMITH"},{"data":"Doom and Gloom","floor":8.0,"key":"SMITH"},{"floor":15,"key":"REST"}],"circlet_count":0,"master_deck":["AscendersBane","Strike_B","Strike_B","Strike_B","Strike_B","Defend_B","Defend_B","Defend_B","Defend_B","Zap+1","Dualcast","Ball Lightning","Ball Lightning","Doom and Gloom+1","Rebound","Conserve Battery","BootSequence","Coolheaded","Coolheaded"],"relics":["Inserter","CultistMask","Question Card","The Courier","Odd Mushroom"],"acts_visited":["Exordium"],"potions_floor_usage":[16],"damage_taken":[{"damage":1.0,"enemies":"Small Slimes","floor":1.0,"turns":4.0},{"damage":2.0,"enemies":"Cultist","floor":2.0,"turns":4.0},{"damage":2.0,"enemies":"2 Louse","floor":3.0,"turns":2.0},{"damage":11.0,"enemies":"Blue Slaver","floor":7.0,"turns":3.0},{"damage":1.0,"enemies":"Exordium Wildlife","floor":10.0,"turns":2.0},{"damage":17.0,"enemies":"Exordium Thugs","floor":11.0,"turns":4.0},{"damage":18.0,"enemies":"Lagavulin","floor":12.0,"turns":6.0},{"damage":0.0,"enemies":"The Mushroom Lair","floor":13.0,"turns":3.0},{"damage":2,"enemies":"Large Slime","floor":14,"turns":3},{"damage":31,"enemies":"Hexaghost","floor":16,"turns":9}],"seed_played":"351715032427362148","potions_obtained":[{"floor":1.0,"key":"SpeedPotion"},{"floor":12.0,"key":"SkillPotion"},{"floor":14,"key":"Block Potion"}],"is_trial":false,"path_per_floor":["M","M","M","?","?","R","M","R","T","M","M","E","?","M","R","B"],"character_chosen":"DEFECT","items_purchased":[],"campfire_rested":1,"item_purchase_floors":[],"current_hp_per_floor":[63,61,59,59,59,59,48,48,48,47,30,12,12,10,31,0,0],"gold":266,"neow_bonus":"BOSS_RELIC","is_daily":false,"chose_seed":false,"campfire_upgraded":2,"win_rate":0.0,"timestamp":1614146860,"path_taken":["M","M","M","?","?","R","?","R","T","M","M","E","?","M","R","BOSS"],"items_purchased_type":[],"build_version":"2020-12-22","purchased_purges":0,"victory":false,"max_hp_per_floor":[71,71,71,71,71,71,71,71,71,71,71,71,71,71,71,71,71],"relic_stats":{"Inserter":[20],"counters":[10,40],"Question Card":5,"obtain_stats":[{"Inserter":0,"CultistMask":5,"The Courier":12,"Odd Mushroom":13,"Cracked Core":0,"Question Card":9},{"Inserter":0,"CultistMask":3,"The Courier":7,"Odd Mushroom":8,"Cracked Core":0,"Question Card":4},{"Inserter":0,"CultistMask":10,"The Courier":25,"Odd Mushroom":28,"Cracked Core":0,"Question Card":13}]},"card_choices":[{"not_picked":["Scrape","White Noise"],"picked":"Ball Lightning","floor":1.0},{"not_picked":["Heatsinks","Gash"],"picked":"Ball Lightning","floor":2.0},{"not_picked":["Turbo","FTL"],"picked":"Doom and Gloom","floor":3.0},{"not_picked":["Leap","Hologram"],"picked":"Rebound","floor":7.0},{"not_picked":["Gash","Skim","Force Field"],"picked":"Conserve Battery","floor":10.0},{"not_picked":["Reinforced Body","Darkness","Rip and Tear"],"picked":"BootSequence","floor":11.0},{"not_picked":["Hello World","Double Energy","Skim","Thunder Strike"],"picked":"SKIP","floor":12.0},{"not_picked":["Blizzard","Ball Lightning","Steam"],"picked":"Coolheaded","floor":13.0},{"not_picked":["Aggregate","Conserve Battery","Stack"],"picked":"Coolheaded","floor":14}],"player_experience":387092,"relics_obtained":[{"floor":9.0,"key":"Question Card"},{"floor":12.0,"key":"The Courier"},{"floor":13.0,"key":"Odd Mushroom"}],"event_choices":[{"damage_healed":0.0,"max_hp_gain":0.0,"max_hp_loss":0.0,"gold_gain":0.0,"event_name":"Liars Game","player_choice":"Ignored","floor":4.0,"gold_loss":0.0,"damage_taken":0.0},{"damage_healed":0.0,"max_hp_gain":0.0,"max_hp_loss":0.0,"gold_gain":0.0,"event_name":"FaceTrader","player_choice":"Trade","floor":5.0,"gold_loss":0.0,"damage_taken":0.0,"relics_obtained":["CultistMask"]},{"damage_healed":0.0,"max_hp_gain":0.0,"max_hp_loss":0.0,"gold_gain":0.0,"event_name":"Mushrooms","player_choice":"Fought Mushrooms","floor":13.0,"gold_loss":0.0,"damage_taken":0.0}],"is_beta":false,"boss_relics":[],"items_purged_floors":[],"is_endless":false,"potions_floor_spawned":[1,12,14],"killed_by":"Hexaghost","ascension_level":20}}