{"host":"3po7ngt2j61s4rmj","time":1614197061,"event":{"mods":["BaseMod","Hermit","Minty Spire (QoL Compilation)","Relic Stats","Shade Mod","StSLib","The Cursed","The Jungle"],"gold_per_floor":[117,136,136,136,136,136,176,195,195,215,259,278,292,292,292],"floor_reached":14,"language":"ENG","playtime":956,"items_purged":[],"score":171,"play_id":"cbd2c797-9fff-46db-bdf9-59582f07bb01","local_time":"20210224130421","is_ascension_mode":true,"campfire_choices":[{"data":"hermit:Gestalt","floor":6,"key":"SMITH"}],"circlet_count":0,"master_deck":["hermit:Strike_Hermit","hermit:Strike_Hermit+1","hermit:Strike_Hermit","hermit:Strike_Hermit+1","hermit:Defend_Hermit","hermit:Defend_Hermit","hermit:Defend_Hermit","hermit:Defend_Hermit","hermit:Snapshot+1","hermit:Covet+1","hermit:Combo","hermit:Dive","Injury","hermit:Gestalt+1","Impatience","hermit:Showdown","hermit:TakeCover","hermit:EyeOfTheStorm","hermit:CursedWeapon","hermit:Virtue"],"relics":["hermit:Momento","Whetstone","Golden Idol","InkBottle","Boot","Matryoshka"],"acts_visited":["Exordium"],"potions_floor_usage":[7,12,14],"damage_taken":[{"damage":2,"enemies":"2 Louse","floor":1,"turns":3},{"damage":11,"enemies":"Jaw Worm","floor":2,"turns":4},{"damage":1,"enemies":"Lagavulin","floor":7,"turns":5},{"damage":1,"enemies":"Cultist","floor":8,"turns":4},{"damage":2,"enemies":"Blue Slaver","floor":10,"turns":4},{"damage":18,"enemies":"Gremlin Nob","floor":11,"turns":5},{"damage":0,"enemies":"Lots of Slimes","floor":12,"turns":2},{"damage":2,"enemies":"Exordium Thugs","floor":13,"turns":2},{"damage":23,"enemies":"3 Sentries","floor":14,"turns":4}],"seed_played":"-1822143085960925228","potions_obtained":[{"floor":1,"key":"Block Potion"},{"floor":8,"key":"Explosive Potion"},{"floor":11,"key":"LiquidBronze"},{"floor":12,"key":"FearPotion"}],"is_trial":false,"path_per_floor":["M","M","?","?","?","R","E","M","T","M","E","M","M","E"],"character_chosen":"HERMIT","items_purchased":[],"campfire_rested":0,"item_purchase_floors":[],"current_hp_per_floor":[66,55,55,40,40,40,39,38,38,36,18,18,16,0,0],"gold":292,"neow_bonus":"RANDOM_COMMON_RELIC","is_daily":false,"chose_seed":false,"campfire_upgraded":1,"win_rate":0.0,"timestamp":1614197061,"path_taken":["M","M","?","?","?","R","E","?","T","M","E","M","M","E"],"items_purchased_type":[],"build_version":"2020-12-22","purchased_purges":0,"victory":false,"max_hp_per_floor":[75,75,75,75,75,75,75,75,75,75,75,75,75,75,75],"relic_stats":{"counters":[9,33],"Golden Idol":32,"Whetstone":["hermit:Strike_Hermit","hermit:Snapshot"],"Boot":[2],"obtain_stats":[{"Matryoshka":11,"Golden Idol":3,"Whetstone":0,"Boot":9,"hermit:Momento":0,"InkBottle":7},{"Matryoshka":6,"Golden Idol":2,"Whetstone":0,"Boot":4,"hermit:Momento":0,"InkBottle":3},{"Matryoshka":25,"Golden Idol":7,"Whetstone":0,"Boot":16,"hermit:Momento":0,"InkBottle":12}],"InkBottle":[7]},"card_choices":[{"not_picked":["hermit:BodyArmor","hermit:Malice"],"picked":"hermit:Combo","floor":1},{"not_picked":["hermit:WideOpen","hermit:Headshot"],"picked":"hermit:Dive","floor":2},{"not_picked":["hermit:Headshot","hermit:WideOpen"],"picked":"hermit:Showdown","floor":7},{"not_picked":["hermit:Dive","hermit:CalledShot"],"picked":"hermit:TakeCover","floor":8},{"not_picked":["hermit:Combo","hermit:NoHoldsBarred"],"picked":"hermit:EyeOfTheStorm","floor":10},{"not_picked":["hermit:Midnight","hermit:Desperado","hermit:Glare"],"picked":"SKIP","floor":11},{"not_picked":["hermit:Glare","hermit:Dissolve"],"picked":"hermit:CursedWeapon","floor":12},{"not_picked":["hermit:Roulette","hermit:SprayPray"],"picked":"hermit:Virtue","floor":13}],"player_experience":1288384,"relics_obtained":[{"floor":7,"key":"InkBottle"},{"floor":9,"key":"Boot"},{"floor":11,"key":"Matryoshka"}],"event_choices":[{"damage_healed":0,"gold_gain":0,"player_choice":"Take Wound","damage_taken":0,"relics_obtained":["Golden Idol"],"max_hp_gain":0,"max_hp_loss":0,"event_name":"Golden Idol","floor":3,"gold_loss":0,"cards_obtained":["Injury"]},{"damage_healed":0,"gold_gain":0,"player_choice":"Entered Light","damage_taken":15,"max_hp_gain":0,"max_hp_loss":0,"event_name":"Shining Light","floor":4,"gold_loss":0,"cards_upgraded":["hermit:Strike_Hermit","hermit:Covet"]},{"damage_healed":0,"gold_gain":0,"player_choice":"2 cards matched","damage_taken":0,"max_hp_gain":0,"max_hp_loss":0,"event_name":"Match and Keep!","floor":5,"gold_loss":0,"cards_obtained":["hermit:Gestalt","Impatience"]}],"is_beta":false,"boss_relics":[],"items_purged_floors":[],"is_endless":false,"potions_floor_spawned":[1,8,11,12],"killed_by":"3 Sentries","ascension_level":7}}