{"host":"8kasag7p6x5tk23p","time":1614179258,"event":{"mods":["AchievementEnabler","BaseMod","Colored Map","Colored Powertips","Downfall","Hermit","Marisa????????","Minty Spire (QoL Compilation)","READ ME - Snecko Mod","Robot Space Explorer","StSLib","The Bug Knight","The Cursed","The Hierophant","The Marked","The Runesmith","The Servant 0.9.4"],"gold_per_floor":[109,39,39,50,65,65,65,15,15,15,50,50,71,113,113,113,113],"floor_reached":16,"language":"ENG","playtime":1128,"items_purged":[],"score":92,"play_id":"64e25d6a-21b7-4fe5-a6f6-cce125475e22","local_time":"20210225010738","is_ascension_mode":false,"campfire_choices":[{"floor":6,"key":"RECALL"},{"data":"hierophant:ChurchCoffers","floor":12,"key":"SMITH"},{"floor":15,"key":"REST"}],"circlet_count":0,"master_deck":["hierophant:Strike_Hierophant","hierophant:Strike_Hierophant","hierophant:Strike_Hierophant","hierophant:Strike_Hierophant","hierophant:Punish","hierophant:Defend_Hierophant","hierophant:Defend_Hierophant","hierophant:Defend_Hierophant","hierophant:Defend_Hierophant","hierophant:ChurchCoffers+1","hierophant:MirrorShield","hierophant:PassingBell","hierophant:HolyVerse","hierophant:MorningPrayer","hierophant:SecretStash","hierophant:OrnateBuckler","hierophant:Flagellation","hierophant:HammerAndAnvil","hierophant:FieryStrike"],"relics":["hierophant:PropheticMaskRelic"],"acts_visited":["Exordium"],"potions_floor_usage":[16],"damage_taken":[{"damage":1,"enemies":"Jaw Worm","floor":1,"turns":6},{"damage":1,"enemies":"Cultist","floor":4,"turns":4},{"damage":3,"enemies":"2 Louse","floor":5,"turns":3},{"damage":7,"enemies":"Blue Slaver","floor":11,"turns":6},{"damage":8,"enemies":"Gremlin Gang","floor":13,"turns":2},{"damage":5,"enemies":"2 Fungi Beasts","floor":14,"turns":3},{"damage":86,"enemies":"Slime Boss","floor":16,"turns":15}],"seed_played":"-3826338360436784550","potions_obtained":[{"floor":5,"key":"SneckoOil"},{"floor":11,"key":"Fire Potion"},{"floor":14,"key":"Strength Potion"}],"is_trial":false,"path_per_floor":["M","$","?","M","M","R","?","$","T","?","M","R","M","M","R","B"],"character_chosen":"HIEROPHANT","items_purchased":["hierophant:PassingBell","hierophant:HolyVerse","hierophant:OrnateBuckler"],"campfire_rested":1,"item_purchase_floors":[2,2,8],"current_hp_per_floor":[81,81,81,80,77,77,77,77,77,77,70,70,62,57,81,0,0],"gold":113,"neow_bonus":"TEN_PERCENT_HP_BONUS","is_daily":false,"chose_seed":false,"campfire_upgraded":1,"win_rate":0.0,"timestamp":1614179258,"path_taken":["M","$","?","M","?","R","?","$","T","?","M","R","?","M","R","BOSS"],"items_purchased_type":["Card","Card","Card"],"build_version":"2020-12-22","purchased_purges":0,"victory":false,"max_hp_per_floor":[82,82,82,82,82,82,82,82,82,82,82,82,82,82,82,82,82],"card_choices":[{"not_picked":["hierophant:Remorse","hierophant:RepressedViolence"],"picked":"hierophant:MirrorShield","floor":1},{"not_picked":["hierophant:SealAway","hierophant:RecallFunds"],"picked":"hierophant:MorningPrayer","floor":4},{"not_picked":["hierophant:Charity","hierophant:Blessing"],"picked":"hierophant:SecretStash","floor":5},{"not_picked":["hierophant:MirrorShield","hierophant:SealAway"],"picked":"hierophant:Flagellation","floor":11},{"not_picked":["hierophant:MorningPrayer","hierophant:CursedGold"],"picked":"hierophant:HammerAndAnvil","floor":13},{"not_picked":["hierophant:Alms","hierophant:HammerAndAnvil"],"picked":"hierophant:FieryStrike","floor":14}],"player_experience":93607,"relics_obtained":[],"event_choices":[{"damage_healed":0,"gold_gain":0,"player_choice":"Ignored","damage_taken":0,"max_hp_gain":0,"max_hp_loss":0,"event_name":"NoteForYourself","floor":3,"gold_loss":0},{"damage_healed":0,"gold_gain":0,"player_choice":"Ignored","damage_taken":0,"max_hp_gain":0,"max_hp_loss":0,"event_name":"Golden Wing","floor":7,"gold_loss":0},{"damage_healed":0,"gold_gain":0,"player_choice":"Ignored","damage_taken":0,"max_hp_gain":0,"max_hp_loss":0,"event_name":"Transmorgrifier","floor":10,"gold_loss":0}],"is_beta":false,"boss_relics":[],"items_purged_floors":[],"is_endless":false,"potions_floor_spawned":[5,11,14],"killed_by":"Slime Boss","ascension_level":0}}