{"host":"2htowdb5wria0zm7","time":1614194711,"event":{"mods":["BaseMod","Better Third Choice","BetterRewards","Googly Eyes","Hyrulean Relics","Minty Spire (QoL Compilation)","StSLib"],"gold_per_floor":[118,138,157,176,176,176,205,216,240,202,202,235,247,284,296,413,425,455,467,164,184,184,213,168,218,218,218,230,247,247,266,266,362,362,381,392,404,61,61,61],"floor_reached":39,"language":"ENG","playtime":1846,"items_purged":["Strike_B"],"score":571,"play_id":"ddfecc22-0e85-4370-93db-c61fb63d369d","local_time":"20210224142511","is_ascension_mode":false,"campfire_choices":[{"floor":11,"key":"REST"},{"floor":13,"key":"RECALL"},{"floor":15,"key":"REST"},{"floor":27,"key":"REST"},{"floor":30,"key":"REST"},{"floor":32,"key":"REST"}],"circlet_count":0,"master_deck":["Strike_B","Strike_B","Defend_B","Defend_B","Defend_B","Defend_B","Zap+1","Dualcast","Ball Lightning","Storm","Rebound","Conserve Battery","Hologram","Ball Lightning","Static Discharge","FTL","Capacitor","Leap","Sweeping Beam","Biased Cognition","Barrage+1","Self Repair","Beam Cell","Writhe","Genetic Algorithm","Dark Shackles","Redo+1","Turbo","Biased Cognition","Redo","Sweeping Beam+1","Doom and Gloom+1","Defragment","Sunder"],"relics":["Cracked Core","Pear","TheAbacus","Orichalcum","MealTicket","MawBank","Bronze Scales","Black Star","Membership Card","Kunai","Cables","Anchor","Bottled Flame","Busted Crown","Runic Capacitor","Pen Nib","Dream Catcher"],"acts_visited":["Exordium","TheCity","TheBeyond"],"potions_floor_usage":[7,14,16,16,33,33,39],"damage_taken":[{"damage":1,"enemies":"Cultist","floor":1,"turns":3},{"damage":1,"enemies":"2 Louse","floor":2,"turns":2},{"damage":5,"enemies":"Small Slimes","floor":3,"turns":3},{"damage":23,"enemies":"Exordium Wildlife","floor":4,"turns":5},{"damage":34,"enemies":"Gremlin Nob","floor":7,"turns":4},{"damage":0,"enemies":"Blue Slaver","floor":8,"turns":2},{"damage":19,"enemies":"3 Sentries","floor":12,"turns":5},{"damage":7,"enemies":"Lagavulin","floor":14,"turns":5},{"damage":14,"enemies":"Slime Boss","floor":16,"turns":6},{"damage":15,"enemies":"Shell Parasite","floor":18,"turns":4},{"damage":11,"enemies":"Chosen","floor":21,"turns":4},{"damage":58,"enemies":"Slavers","floor":23,"turns":4},{"damage":13,"enemies":"Centurion and Healer","floor":28,"turns":5},{"damage":20,"enemies":"Snake Plant","floor":29,"turns":2},{"damage":9,"enemies":"Snecko","floor":31,"turns":4},{"damage":42,"enemies":"Champ","floor":33,"turns":7},{"damage":3,"enemies":"Orb Walker","floor":35,"turns":3},{"damage":21,"enemies":"3 Darklings","floor":36,"turns":4},{"damage":36,"enemies":"Spire Growth","floor":37,"turns":4},{"damage":66,"enemies":"2 Orb Walkers","floor":39,"turns":5}],"seed_played":"8353120474110618593","potions_obtained":[{"floor":1,"key":"FearPotion"},{"floor":3,"key":"Regen Potion"},{"floor":8,"key":"Swift Potion"},{"floor":12,"key":"SkillPotion"},{"floor":28,"key":"GamblersBrew"},{"floor":31,"key":"FocusPotion"},{"floor":33,"key":"FocusPotion"},{"floor":36,"key":"SpeedPotion"},{"floor":37,"key":"Weak Potion"}],"is_trial":false,"path_per_floor":["M","M","M","M","?","?","E","M","T","$","R","E","R","E","R","B",null,"M","?","$","M","?","E","$","?","T","R","M","M","R","M","R","B",null,"M","M","M","$","?"],"character_chosen":"DEFECT","items_purchased":["Pear","TheAbacus","Ball Lightning","Storm","Capacitor","Membership Card","Kunai","Self Repair","Dark Shackles","Runic Capacitor","Pen Nib","Dream Catcher","Defragment","Sunder"],"campfire_rested":5,"item_purchase_floors":[0,0,0,0,10,20,20,20,24,38,38,38,38,38],"current_hp_per_floor":[76,75,70,47,47,40,18,18,18,33,58,39,39,32,57,43,85,70,70,85,74,74,23,38,38,38,63,57,37,62,53,78,36,85,85,64,35,50,0,0],"gold":61,"neow_bonus":"","is_daily":false,"chose_seed":false,"campfire_upgraded":0,"win_rate":0.0,"timestamp":1614194711,"path_taken":["M","?","M","M","?","?","E","M","T","?","R","E","R","E","R","BOSS","M","?","$","M","?","E","$","?","T","R","?","M","R","M","R","BOSS","M","M","M","$","?"],"items_purchased_type":["Relic","Relic","Card","Card","Card","Relic","Relic","Card","Card","Relic","Relic","Relic","Card","Card"],"build_version":"2020-12-22","purchased_purges":1,"victory":false,"max_hp_per_floor":[85,85,85,85,85,85,85,85,85,85,85,85,85,85,85,85,85,85,85,85,85,85,85,85,85,85,85,85,85,85,85,85,85,85,85,85,85,85,85,85],"card_choices":[{"not_picked":["Doom and Gloom","Auto Shields"],"picked":"Rebound","floor":1},{"not_picked":["Coolheaded","Gash"],"picked":"Conserve Battery","floor":2},{"not_picked":["Compile Driver","Chaos"],"picked":"Hologram","floor":3},{"not_picked":["Reboot","Leap"],"picked":"Ball Lightning","floor":4},{"not_picked":["Steam","Turbo"],"picked":"Static Discharge","floor":7},{"not_picked":["Fusion","Coolheaded"],"picked":"FTL","floor":8},{"not_picked":["Chaos","Sweeping Beam"],"picked":"Leap","floor":12},{"not_picked":["Skim","Streamline"],"picked":"Sweeping Beam","floor":14},{"not_picked":["Rainbow","All For One"],"picked":"Biased Cognition","floor":16},{"not_picked":["Rip and Tear","Stack"],"picked":"Barrage+1","floor":18},{"not_picked":["Go for the Eyes+1","Storm"],"picked":"Beam Cell","floor":21},{"not_picked":["Core Surge","Steam"],"picked":"Genetic Algorithm","floor":23},{"not_picked":["Rebound","Coolheaded"],"picked":"Redo+1","floor":28},{"not_picked":["Barrage","Go for the Eyes","Hologram"],"picked":"SKIP","floor":29},{"not_picked":["Hologram+1","Streamline"],"picked":"Turbo","floor":31},{"not_picked":["Fission","Seek"],"picked":"Biased Cognition","floor":33},{"not_picked":[],"picked":"Redo","floor":35},{"not_picked":[],"picked":"Sweeping Beam+1","floor":36},{"not_picked":[],"picked":"Doom and Gloom+1","floor":37}],"player_experience":509669,"relics_obtained":[{"floor":7,"key":"Orichalcum"},{"floor":9,"key":"MealTicket"},{"floor":12,"key":"MawBank"},{"floor":14,"key":"Bronze Scales"},{"floor":23,"key":"Anchor"},{"floor":23,"key":"Bottled Flame"}],"event_choices":[{"damage_healed":0,"gold_gain":0,"player_choice":"Grow","damage_taken":0,"max_hp_gain":0,"max_hp_loss":0,"event_name":"Living Wall","floor":5,"gold_loss":0,"cards_upgraded":["Zap"]},{"cards_removed":["Strike_B"],"damage_healed":0,"gold_gain":0,"player_choice":"Card Removal","damage_taken":7,"max_hp_gain":0,"max_hp_loss":0,"event_name":"Golden Wing","floor":6,"gold_loss":0},{"damage_healed":0,"gold_gain":0,"player_choice":"Ignored","damage_taken":0,"max_hp_gain":0,"max_hp_loss":0,"event_name":"Ghosts","floor":19,"gold_loss":0},{"damage_healed":0,"gold_gain":0,"player_choice":"Opened","damage_taken":0,"relics_obtained":["Cables"],"max_hp_gain":0,"max_hp_loss":0,"event_name":"The Mausoleum","floor":22,"gold_loss":0,"cards_obtained":["Writhe"]},{"damage_healed":0,"gold_gain":100,"player_choice":"Bet on Murderer","damage_taken":0,"max_hp_gain":0,"max_hp_loss":0,"event_name":"The Joust","floor":25,"gold_loss":50},{"damage_healed":0,"gold_gain":0,"player_choice":"Fight","damage_taken":0,"max_hp_gain":0,"max_hp_loss":0,"event_name":"Mysterious Sphere","floor":39,"gold_loss":0}],"is_beta":false,"boss_relics":[{"not_picked":["Philosopher\u0027s Stone","SacredBark"],"picked":"Black Star"},{"not_picked":["Tiny House","Coffee Dripper"],"picked":"Busted Crown"}],"items_purged_floors":[38],"is_endless":false,"potions_floor_spawned":[1,3,8,12,28,31,33,36,37],"killed_by":"2 Orb Walkers","ascension_level":0}}