{"host":"5tzvto3beate6p8b","time":1614189639,"event":{"mods":["BaseMod","Colored Map","DeckTracker","Minty Spire (QoL Compilation)","Relic Stats","StSLib","SuperFastMode"],"gold_per_floor":[111,123,48,48,58,85,85,85,85],"floor_reached":8,"language":"JPN","playtime":224,"items_purged":[],"score":112,"play_id":"ced524ca-dedc-4f2b-9823-6b55065954f0","local_time":"20210225030039","is_ascension_mode":true,"campfire_choices":[{"data":"Malaise","floor":7,"key":"SMITH"}],"circlet_count":0,"master_deck":["AscendersBane","Strike_G","Strike_G","Strike_G","Strike_G","Strike_G","Defend_G","Defend_G","Defend_G","Defend_G","Defend_G","Survivor","Neutralize","Bouncing Flask","Poisoned Stab","Bouncing Flask","Malaise+1","Blur","Outmaneuver"],"relics":["Ring of the Snake","NeowsBlessing","Eternal Feather"],"acts_visited":["Exordium"],"potions_floor_usage":[6,8],"damage_taken":[{"damage":0.0,"enemies":"Small Slimes","floor":1.0,"turns":1.0},{"damage":0.0,"enemies":"Cultist","floor":2.0,"turns":1.0},{"damage":0,"enemies":"2 Louse","floor":5,"turns":1},{"damage":45,"enemies":"Gremlin Nob","floor":6,"turns":4},{"damage":29,"enemies":"3 Sentries","floor":8,"turns":6}],"seed_played":"-4912026464559810832","potions_obtained":[{"floor":1.0,"key":"DuplicationPotion"},{"floor":6,"key":"PowerPotion"}],"is_trial":false,"path_per_floor":["M","M","$","?","M","E","R","E"],"character_chosen":"THE_SILENT","items_purchased":["Bouncing Flask"],"campfire_rested":0,"item_purchase_floors":[3],"current_hp_per_floor":[59,59,59,59,59,14,23,0,0],"gold":85,"neow_bonus":"THREE_ENEMY_KILL","is_daily":false,"chose_seed":false,"campfire_upgraded":1,"win_rate":0.0,"timestamp":1614189639,"path_taken":["M","M","$","?","M","E","R","E"],"items_purchased_type":["Card"],"build_version":"2020-12-22","purchased_purges":0,"victory":false,"max_hp_per_floor":[66,66,66,66,66,66,66,66,66],"relic_stats":{"counters":[5,13],"Eternal Feather":9,"obtain_stats":[{"NeowsBlessing":0,"Eternal Feather":6,"Ring of the Snake":0},{"NeowsBlessing":0,"Eternal Feather":4,"Ring of the Snake":0},{"NeowsBlessing":0,"Eternal Feather":7,"Ring of the Snake":0}],"Ring of the Snake":[10]},"card_choices":[{"not_picked":["Catalyst","Acrobatics"],"picked":"Bouncing Flask","floor":1.0},{"not_picked":["Sucker Punch","Quick Slash"],"picked":"Poisoned Stab","floor":2.0},{"not_picked":["Cloak And Dagger","Finisher"],"picked":"Blur","floor":5},{"not_picked":["Blade Dance","Dodge and Roll"],"picked":"Outmaneuver","floor":6}],"player_experience":871970,"relics_obtained":[{"floor":6,"key":"Eternal Feather"}],"event_choices":[{"damage_healed":0,"gold_gain":0,"player_choice":"1 cards matched","damage_taken":0,"max_hp_gain":0,"max_hp_loss":0,"event_name":"Match and Keep!","floor":4,"gold_loss":0,"cards_obtained":["Malaise"]}],"is_beta":false,"boss_relics":[],"items_purged_floors":[],"is_endless":false,"potions_floor_spawned":[1,6],"killed_by":"3 Sentries","ascension_level":20}}