{"host":"rfvxwqmjnimh09wr","time":1614140387,"event":{"mods":["BaseMod","Colored Map","Minty Spire (QoL Compilation)","StSLib"],"gold_per_floor":[118,131,95,55,25,25,51,51,74,74,91,102,2,2,2,102,152,165,20,20,20,20,20,48,48,100,119,119,19,38,64,64,64,64],"floor_reached":33,"language":"ENG","playtime":1507,"items_purged":["Strike_R","Defend_R"],"score":279,"play_id":"65ea62f0-edec-409d-8a4b-2dc66e8932d8","local_time":"20210223231947","is_ascension_mode":false,"campfire_choices":[{"data":"Inflame","floor":6,"key":"SMITH"},{"data":"Shockwave","floor":8,"key":"SMITH"},{"data":"Fire Breathing","floor":10,"key":"SMITH"},{"data":"Rage","floor":15,"key":"SMITH"},{"data":"Demon Form","floor":23,"key":"SMITH"},{"floor":25,"key":"RECALL"},{"floor":32,"key":"REST"}],"circlet_count":0,"master_deck":["Defend_R","Defend_R","Defend_R","Bash","Doubt","Rage+1","Shockwave+1","Carnage","Sever Soul","Inflame+1","Fire Breathing+1","Battle Trance","Feel No Pain+1","Pommel Strike","Anger+1","Demon Form+1","Battle Trance+1","Shame","Armaments+1","Havoc"],"relics":["Burning Blood","HornCleat","Boot","Tiny House","Orichalcum","Turnip","InkBottle","Anchor","Torii"],"acts_visited":["Exordium","TheCity"],"potions_floor_usage":[7,7,12,16,18,30],"damage_taken":[{"damage":17,"enemies":"Cultist","floor":1,"turns":6},{"damage":11,"enemies":"Jaw Worm","floor":2,"turns":4},{"damage":2,"enemies":"3 Sentries","floor":7,"turns":5},{"damage":0,"enemies":"2 Louse","floor":11,"turns":2},{"damage":13,"enemies":"Gremlin Gang","floor":12,"turns":3},{"damage":9,"enemies":"The Guardian","floor":16,"turns":7},{"damage":19,"enemies":"Shell Parasite","floor":18,"turns":4},{"damage":17,"enemies":"Gremlin Leader","floor":24,"turns":6},{"damage":10,"enemies":"2 Thieves","floor":27,"turns":4},{"damage":0,"enemies":"Snake Plant","floor":30,"turns":4},{"damage":47,"enemies":"Book of Stabbing","floor":31,"turns":6},{"damage":64,"enemies":"Automaton","floor":33,"turns":6}],"seed_played":"8906643785231416989","potions_obtained":[{"floor":2,"key":"EssenceOfSteel"},{"floor":5,"key":"Block Potion"},{"floor":5,"key":"GamblersBrew"},{"floor":7,"key":"Energy Potion"},{"floor":17,"key":"LiquidMemories"},{"floor":27,"key":"SkillPotion"}],"is_trial":false,"path_per_floor":["M","M","$","$","?","R","E","R","T","R","M","M","$","?","R","B",null,"M","$","?","?","?","R","E","R","T","M","?","$","M","E","R","B"],"character_chosen":"IRONCLAD","items_purchased":["Inflame","Fire Breathing","Anger","Orichalcum"],"campfire_rested":1,"item_purchase_floors":[3,4,13,19],"current_hp_per_floor":[69,64,64,64,64,64,68,68,68,68,74,67,67,67,67,64,85,72,72,72,72,64,64,53,53,53,49,49,49,55,14,39,0,0],"gold":64,"neow_bonus":"TRANSFORM_TWO_CARDS","is_daily":false,"chose_seed":false,"campfire_upgraded":5,"win_rate":0.0,"timestamp":1614140387,"path_taken":["M","?","?","$","?","R","E","R","T","R","M","?","$","?","R","BOSS","M","$","?","?","?","R","E","R","T","?","?","?","M","E","R","BOSS"],"items_purchased_type":["Card","Card","Card","Relic"],"build_version":"2020-12-22","purchased_purges":2,"victory":false,"max_hp_per_floor":[80,80,80,80,80,80,80,80,80,80,80,80,80,80,80,80,85,85,85,85,85,85,85,85,85,85,85,85,85,85,85,85,85,85],"card_choices":[{"not_picked":["Flame Barrier","Pommel Strike"],"picked":"Carnage","floor":1},{"not_picked":["Pommel Strike","Carnage"],"picked":"Sever Soul","floor":2},{"not_picked":["Second Wind","Iron Wave"],"picked":"Battle Trance","floor":7},{"not_picked":["Fire Breathing","Hemokinesis"],"picked":"Feel No Pain","floor":11},{"not_picked":["Heavy Blade","Whirlwind"],"picked":"Pommel Strike","floor":12},{"not_picked":["Offering","Corruption"],"picked":"Demon Form","floor":16},{"not_picked":["Rupture","Armaments"],"picked":"Battle Trance+1","floor":18},{"not_picked":["Disarm","Headbutt","Armaments"],"picked":"SKIP","floor":24},{"not_picked":["Shockwave","Disarm","Clothesline+1"],"picked":"SKIP","floor":27},{"not_picked":["Headbutt","Shockwave"],"picked":"Armaments+1","floor":30},{"not_picked":["Iron Wave","Pommel Strike"],"picked":"Havoc","floor":31}],"player_experience":213451,"relics_obtained":[{"floor":7,"key":"HornCleat"},{"floor":9,"key":"Boot"},{"floor":24,"key":"InkBottle"},{"floor":26,"key":"Anchor"},{"floor":31,"key":"Torii"}],"event_choices":[{"damage_healed":0,"gold_gain":0,"player_choice":"Bought 2 Potions","damage_taken":0,"max_hp_gain":0,"max_hp_loss":0,"event_name":"The Woman in Blue","floor":5,"gold_loss":0},{"damage_healed":0,"gold_gain":0,"player_choice":"Upgraded","damage_taken":0,"max_hp_gain":0,"max_hp_loss":0,"event_name":"Upgrade Shrine","floor":14,"gold_loss":0,"cards_upgraded":["Anger"]},{"cards_removed":["Strike_R"],"damage_healed":0,"gold_gain":0,"player_choice":"Elegance","damage_taken":0,"max_hp_gain":0,"max_hp_loss":0,"event_name":"Back to Basics","floor":20,"gold_loss":0},{"damage_healed":0,"gold_gain":0,"player_choice":"Stole Relic","damage_taken":0,"relics_obtained":["Turnip"],"max_hp_gain":0,"max_hp_loss":0,"event_name":"Addict","floor":21,"gold_loss":0,"cards_obtained":["Shame"]},{"damage_healed":0,"gold_gain":0,"player_choice":"Damaged","damage_taken":8,"max_hp_gain":0,"max_hp_loss":0,"event_name":"Wheel of Change","floor":22,"gold_loss":0},{"cards_removed":["Strike_R"],"damage_healed":0,"gold_gain":0,"player_choice":"Offered Basic","damage_taken":0,"max_hp_gain":0,"max_hp_loss":0,"event_name":"Bonfire Elementals","floor":28,"gold_loss":0}],"is_beta":false,"boss_relics":[{"not_picked":["Runic Dome","Runic Pyramid"],"picked":"Tiny House"}],"items_purged_floors":[13,29],"is_endless":false,"potions_floor_spawned":[2,7,27],"killed_by":"Automaton","ascension_level":0}}