{"host":"jgqxb38yl0c1w101","time":1614127212,"event":{"mods":["2.2 Compatiblity","AchievementEnabler","BaseMod","Colored Map","Downfall","Highlight Path","Minty Spire (QoL Compilation)","Monster B Gone","Random Character Button","Relic Stats","Replay The Spire","StSLib"],"gold_per_floor":[14,24,42,42,42,67,67,96,121,150,150,196,196,224,224,335,335,373,27,60,260,289,11,33,33],"floor_reached":24,"language":"ENG","playtime":1269,"items_purged":["Strike_B"],"score":273,"play_id":"d7e28304-7700-4464-9108-1f54d655993b","local_time":"20210223194012","is_ascension_mode":true,"campfire_choices":[{"data":"1","floor":7,"key":"LIFT"},{"floor":11,"key":"REST"},{"floor":13,"key":"REST"},{"data":"2","floor":15,"key":"LIFT"}],"circlet_count":0,"master_deck":["Strike_B","Defend_B","Defend_B","Defend_B","Defend_B","Sweeping Beam","Gash","Beam Cell","Gash","Hologram","Echo Form","Amnesia","Replay:Hysterical Blindness","Gash","Auto Shields","Leap","Cold Snap+1","Skim","Gash"],"relics":["Cracked Core","Girya","CultistMask","Bag of Marbles","Replay:Bandana","hexamod:CandleOfCauterizing","Kintsugi","Centennial Puzzle","Divine Protection"],"acts_visited":["Exordium","TheCity"],"potions_floor_usage":[8,12,16,20],"damage_taken":[{"damage":3,"enemies":"2 Louse","floor":1,"turns":3},{"damage":7,"enemies":"Jaw Worm","floor":2,"turns":3},{"damage":1,"enemies":"Cultist","floor":3,"turns":3},{"damage":21,"enemies":"Replay:BlueRogue","floor":6,"turns":6},{"damage":17,"enemies":"Lagavulin","floor":8,"turns":6},{"damage":13,"enemies":"Blue Slaver","floor":10,"turns":2},{"damage":16,"enemies":"Gremlin Nob","floor":12,"turns":4},{"damage":0,"enemies":"Gremlin Gang","floor":14,"turns":1},{"damage":30,"enemies":"The Guardian","floor":16,"turns":7},{"damage":9,"enemies":"Chosen","floor":18,"turns":3},{"damage":14,"enemies":"2 Thieves","floor":20,"turns":2},{"damage":28,"enemies":"Snake Plant","floor":22,"turns":4},{"damage":30,"enemies":"Slavers","floor":24,"turns":5}],"seed_played":"4353439761530511960","potions_obtained":[{"floor":1,"key":"Explosive Potion"},{"floor":3,"key":"SpeedPotion"},{"floor":6,"key":"Guardian:BlockOnCardUsePotion"},{"floor":8,"key":"Adrenaline Potion"}],"is_trial":false,"path_per_floor":["M","M","M","?","?","E","R","E","T","M","R","E","R","M","R","B",null,"M","$","M","?","M","$","E"],"character_chosen":"DEFECT","items_purchased":["Auto Shields","Centennial Puzzle","Leap","Gash","Divine Protection"],"campfire_rested":2,"item_purchase_floors":[19,19,19,23,23],"current_hp_per_floor":[72,65,64,69,69,48,48,31,31,18,42,26,50,50,50,20,80,71,71,57,57,29,29,0,0],"gold":33,"neow_bonus":"ONE_RARE_RELIC","is_daily":false,"chose_seed":false,"campfire_upgraded":0,"win_rate":0.0,"timestamp":1614127212,"path_taken":["M","M","M","?","?","E","R","E","T","M","R","E","R","?","R","BOSS","M","$","M","?","M","$","E"],"items_purchased_type":["Card","Relic","Card","Card","Relic"],"build_version":"2020-12-22","purchased_purges":1,"victory":false,"max_hp_per_floor":[75,75,75,80,80,80,80,80,80,80,80,80,80,80,80,80,80,80,80,80,80,80,80,80,80],"relic_stats":{"Centennial Puzzle":[9],"counters":[13,49],"obtain_stats":[{"Girya":0,"Divine Protection":23,"Replay:Bandana":8,"hexamod:CandleOfCauterizing":12,"Centennial Puzzle":19,"CultistMask":5,"Bag of Marbles":6,"Kintsugi":17,"Cracked Core":0},{"Girya":0,"Divine Protection":12,"Replay:Bandana":5,"hexamod:CandleOfCauterizing":7,"Centennial Puzzle":10,"CultistMask":3,"Bag of Marbles":4,"Kintsugi":9,"Cracked Core":0},{"Girya":0,"Divine Protection":44,"Replay:Bandana":21,"hexamod:CandleOfCauterizing":27,"Centennial Puzzle":38,"CultistMask":9,"Bag of Marbles":15,"Kintsugi":35,"Cracked Core":0}]},"card_choices":[{"not_picked":["Loop","Conserve Battery"],"picked":"ReplayTheSpireMod:GoodbyeWorld","floor":1},{"not_picked":["Panic Button","Chill"],"picked":"Sweeping Beam","floor":2},{"not_picked":["Steam","BasicCrystalCard"],"picked":"Gash","floor":3},{"not_picked":["Panic Button","Crystallizer"],"picked":"Beam Cell","floor":6},{"not_picked":["Panic Button","Rainbow"],"picked":"Gash","floor":8},{"not_picked":["Undo","ReplayTheSpireMod:Reroute Power"],"picked":"Hologram","floor":10},{"not_picked":["ReplayTheSpireMod:Repulse","Redo","Sweeping Beam"],"picked":"SKIP","floor":12},{"not_picked":["ReplaySolidLightProjector","Panic Button","Stack"],"picked":"SKIP","floor":14},{"not_picked":["Seek","Mirror Shield"],"picked":"Echo Form","floor":16},{"not_picked":["ReplayTheSpireMod:System Scan","Steam"],"picked":"Gash","floor":18},{"not_picked":["Rebound","Sweeping Beam"],"picked":"Cold Snap+1","floor":20},{"not_picked":["ReplaySolidLightProjector","Static Discharge"],"picked":"Skim","floor":22}],"player_experience":193530,"relics_obtained":[{"floor":6,"key":"Bag of Marbles"},{"floor":8,"key":"Replay:Bandana"},{"floor":12,"key":"hexamod:CandleOfCauterizing"}],"event_choices":[{"damage_healed":0,"gold_gain":0,"player_choice":"Donut","damage_taken":0,"max_hp_gain":5,"max_hp_loss":0,"event_name":"Big Fish","floor":4,"gold_loss":0},{"damage_healed":0,"gold_gain":0,"player_choice":"Trade","damage_taken":0,"relics_obtained":["CultistMask"],"max_hp_gain":0,"max_hp_loss":0,"event_name":"FaceTrader","floor":5,"gold_loss":0},{"damage_healed":0,"gold_gain":250,"player_choice":"Bet on Owner","damage_taken":0,"max_hp_gain":0,"max_hp_loss":0,"event_name":"The Joust","floor":21,"gold_loss":50}],"is_beta":false,"boss_relics":[{"not_picked":["Runic Dome","Inserter"],"picked":"Kintsugi"}],"items_purged_floors":[19],"is_endless":false,"potions_floor_spawned":[1,3,6,8],"killed_by":"Slavers","ascension_level":3}}