{"host":"3z4ju2qnfrhpg6py","time":1614186024,"event":{"mods":["Act Like it!","Arknights","BaseMod","Colored Powertips","Minty Spire (QoL Compilation)","Spicy Shops","StSLib","UnlockEverythingMod","Wide Potions","noobMod","¡¾ÒÅÎï¿¨ÅÆ¡¿REMEMod"],"gold_per_floor":[114,124,143,158,158,185,199,228,228,263,263,279,305,317,317,412,412,432,432,447,460,471,498,510,537,563,563,583,583,614,614,614,718,718,731,751,751,765,775,807,869,869,908,908,938,987,987,1020,1020,1020,1020,1020,48,98,98],"floor_reached":56,"language":"ZHS","playtime":4185,"items_purged":[],"score":2039,"play_id":"1f785271-2d49-4ef1-af51-fc55fd4b8a3d","local_time":"20210225010024","is_ascension_mode":true,"campfire_choices":[{"data":"Secret Weapon","floor":15,"key":"SMITH"},{"data":"ats:Powerful Strike","floor":27,"key":"SMITH"},{"data":"ats:Powerful Strike","floor":32,"key":"SMITH"},{"floor":44,"key":"RECALL"},{"data":"ats:Powerful Strike","floor":47,"key":"SMITH"},{"data":"ats:Poison Spread","floor":49,"key":"SMITH"},{"data":"ats:Poison Spread","floor":52,"key":"SMITH"}],"circlet_count":0,"master_deck":["ats:Strike C","ats:Strike G+1","ats:Strike S","ats:Armor Crushing Shot","ats:Defend","ats:Defend","ats:Defend","ats:Emotion Absorption+1","Secret Weapon+1","ats:Charging Defense","ats:Consecutive Shot Auto","ats:Powerful Strike+1","ats:Leaping Hammer","ats:Powerful Strike+1","ats:Poison Spread+1","ats:Flexible Camouflage+1","ats:Sashimi Platter","ats:Chain Hook","ats:Absolute Focus+1","ats:Flexible Camouflage+1","ats:Durian+1","ats:Poison Spread+1","ats:Assault Order+1","ats:Consecutive Shot Auto+1","ats:Support Order+1","ats:Powerful Strike+1","ats:Flexible Camouflage+1","ats:Durian+1","CurseOfTheBell","ats:Powerful Strike+1","ats:Apocalypse+1","REME_FirmDetermination+1","Discovery+1","Master of Strategy+1","ats:Poison Spread+1","ats:Demon Strength+1","ats:Thorns+1","Madness+1","Madness+1","ats:Chain Hook","ats:Defend Order+1","ats:Apocalypse+1","ats:Defend Order+1","ats:Hook Shot+1","ats:Healing Strengthening+1","ats:Beaten Up+1","ats:Cat Scratch+1","ats:Song Of Battle+1","ats:Neurotoxin+1","ats:Calcification+1","ats:Revitalization+1"],"relics":["ats:Sanity","REME_ComplimentaryCards","ice","ats:Emergency Defibrillator","ats:Originium","Toxic Egg 2","Gambling Chip","Meat on the Bone","Frozen Egg 2","Pen Nib","Coffee Dripper","Toy Ornithopter","Anchor","Enchiridion","Bag of Preparation","InkBottle","Calling Bell","Centennial Puzzle","Gremlin Horn","Unceasing Top","ats:Gyao","REME_IWantAll","Lantern","Bottled Tornado","Happy Flower","ats:Snipe","ats:Industrial Water Cannon","Vajra","ats:Military Tradition"],"acts_visited":["Exordium","TheCity","TheBeyond","TheEnding"],"potions_floor_usage":[55,55],"damage_taken":[{"damage":15,"enemies":"2 Louse","floor":1,"turns":3},{"damage":19,"enemies":"Small Slimes","floor":2,"turns":3},{"damage":0,"enemies":"Cultist","floor":3,"turns":3},{"damage":12,"enemies":"Exordium Wildlife","floor":4,"turns":3},{"damage":10,"enemies":"Gremlin Nob","floor":6,"turns":3},{"damage":10,"enemies":"Lots of Slimes","floor":7,"turns":3},{"damage":20,"enemies":"Lagavulin","floor":8,"turns":4},{"damage":8,"enemies":"3 Sentries","floor":10,"turns":5},{"damage":15,"enemies":"3 Louse","floor":12,"turns":2},{"damage":40,"enemies":"Lagavulin","floor":13,"turns":4},{"damage":0,"enemies":"Large Slime","floor":14,"turns":3},{"damage":25,"enemies":"Hexaghost","floor":16,"turns":5},{"damage":9,"enemies":"2 Thieves","floor":18,"turns":2},{"damage":0,"enemies":"Shell Parasite","floor":20,"turns":1},{"damage":26,"enemies":"Centurion and Healer","floor":21,"turns":3},{"damage":34,"enemies":"Snake Plant","floor":22,"turns":3},{"damage":37,"enemies":"Slavers","floor":23,"turns":3},{"damage":16,"enemies":"3 Cultists","floor":24,"turns":3},{"damage":19,"enemies":"Book of Stabbing","floor":25,"turns":3},{"damage":0,"enemies":"Centurion and Healer","floor":28,"turns":2},{"damage":17,"enemies":"Slavers","floor":30,"turns":2},{"damage":5,"enemies":"Champ","floor":33,"turns":3},{"damage":5,"enemies":"3 Shapes","floor":35,"turns":1},{"damage":5,"enemies":"3 Darklings","floor":36,"turns":1},{"damage":10,"enemies":"Transient","floor":38,"turns":4},{"damage":5,"enemies":"Spire Growth","floor":39,"turns":1},{"damage":5,"enemies":"Giant Head","floor":40,"turns":1},{"damage":5,"enemies":"2 Orb Walkers","floor":41,"turns":2},{"damage":0,"enemies":"Writhing Mass","floor":45,"turns":1},{"damage":0,"enemies":"Reptomancer","floor":46,"turns":1},{"damage":10,"enemies":"Transient","floor":48,"turns":4},{"damage":30,"enemies":"Awakened One","floor":50,"turns":4},{"damage":0,"enemies":"Shield and Spear","floor":54,"turns":2},{"damage":22,"enemies":"The Heart","floor":55,"turns":4}],"seed_played":"6532525377353599498","potions_obtained":[{"floor":1,"key":"LiquidBronze"},{"floor":7,"key":"Explosive Potion"}],"is_trial":false,"path_per_floor":["M","M","M","M","?","E","M","E","T","E","?","M","E","M","R","B",null,"M","?","M","M","M","E","M","E","T","R","M","?","E","?","R","B",null,"M","M","?","M","M","E","?","?","T","R","M","E","R","M","R","B",null,"R","$","E","B",null],"character_chosen":"DOCTOR_CLASS","items_purchased":["Happy Flower","ats:Snipe","ats:Industrial Water Cannon","Vajra","ats:Neurotoxin+1","ats:Calcification+1"],"campfire_rested":0,"item_purchase_floors":[53,53,53,53,53,53],"current_hp_per_floor":[32,13,13,72,65,55,45,25,25,56,40,43,23,42,42,49,82,84,84,84,68,46,32,28,102,102,102,102,86,69,69,69,73,102,111,111,101,106,107,114,115,101,101,101,118,121,121,127,127,98,121,121,121,129,139],"gold":98,"neow_bonus":"TRANSFORM_TWO_CARDS","is_daily":false,"chose_seed":false,"campfire_upgraded":6,"win_rate":0.0,"timestamp":1614186024,"path_taken":["M","M","M","M","?","E","M","E","T","E","?","?","E","M","R","BOSS","M","?","?","M","M","E","M","E","T","R","M","?","E","?","R","BOSS","M","?","?","M","M","E","?","?","T","R","M","E","R","M","R","BOSS","R","$","E","BOSS"],"items_purchased_type":["Relic","Relic","Relic","Relic","Card","Card"],"build_version":"2020-12-22","purchased_purges":0,"victory":true,"max_hp_per_floor":[72,72,72,72,72,73,75,77,77,80,80,82,84,84,84,93,93,94,94,94,98,101,104,105,107,107,107,107,107,109,109,109,111,111,111,111,111,114,114,114,115,115,115,115,118,121,121,127,127,129,129,129,129,130,195],"card_choices":[{"not_picked":["ats:Thermite Blade","ats:Apocalypse"],"picked":"ats:Powerful Strike","floor":1},{"not_picked":["ats:Counter Healing Mode","ats:Curse Doll"],"picked":"ats:Leaping Hammer","floor":2},{"not_picked":["ats:Literary Storm","ats:Demon Strength"],"picked":"ats:Powerful Strike","floor":3},{"not_picked":["ats:Flame Of Heaven","ats:Revitalization","ats:Blood Oath"],"picked":"SKIP","floor":4},{"not_picked":["ats:Volcano","ats:Steam Pump+1","ats:Soul Absorption+1"],"picked":"SKIP","floor":6},{"not_picked":["ats:Cat Scratch","ats:Part Time Job"],"picked":"ats:Poison Spread","floor":7},{"not_picked":["ats:Curse Doll+1","ats:Apocalypse+1"],"picked":"ats:Flexible Camouflage+1","floor":8},{"not_picked":["ats:Spore Proliferation+1","ats:Assault Order+1"],"picked":"ats:Sashimi Platter","floor":10},{"not_picked":["ats:Leaping Hammer","ats:Roar Of Ursus+1"],"picked":"ats:Chain Hook","floor":12},{"not_picked":["ats:Composite Medical Shells+1","ats:Flexible Camouflage+1"],"picked":"ats:Absolute Focus+1","floor":13},{"not_picked":["ats:Shell Defense+1","ats:Curse Doll+1"],"picked":"ats:Flexible Camouflage+1","floor":14},{"not_picked":["ats:Fractured Body+1","ats:Roar Of Ursus+1"],"picked":"ats:Durian+1","floor":16},{"not_picked":["ats:Revitalization+1","ats:Literary Storm+1"],"picked":"ats:Poison Spread","floor":18},{"not_picked":["ats:Revitalization+1","ats:Mental Burst+1","ats:Cat Scratch"],"picked":"SKIP","floor":20},{"not_picked":["ats:LN2 Cannon","ats:Soul Absorption+1"],"picked":"ats:Assault Order+1","floor":21},{"not_picked":["ats:Shadow Raid+1","ats:Spore Proliferation+1"],"picked":"ats:Consecutive Shot Auto+1","floor":22},{"not_picked":["ats:LN2 Cannon","ats:Very Hot Blade"],"picked":"ats:Support Order+1","floor":23},{"not_picked":["ats:Dogmatic Field+1","ats:Revitalization+1"],"picked":"ats:Powerful Strike","floor":24},{"not_picked":["ats:Guard Mode+1","ats:Beaten Up+1","ats:Spore Proliferation+1"],"picked":"SKIP","floor":25},{"not_picked":["ats:Revitalization+1","ats:Shell Defense+1"],"picked":"ats:Flexible Camouflage+1","floor":28},{"not_picked":["ats:Leaping Hammer","ats:Magnetic Hammer","ats:Encircling Forest+1"],"picked":"SKIP","floor":30},{"not_picked":["ats:Dogmatic Field+1","ats:Rat Pack+1"],"picked":"ats:Durian+1","floor":33},{"not_picked":["ats:Closed Bolt Burst Fire+1","ats:Sword Rain"],"picked":"ats:Powerful Strike+1","floor":35},{"not_picked":["ats:Hammer On+1","ats:LN2 Cannon+1"],"picked":"ats:Apocalypse+1","floor":36},{"not_picked":["Dramatic Entrance","Bandage Up+1"],"picked":"REME_FirmDetermination+1","floor":37},{"not_picked":["Dark Shackles+1","REME_EyeOfCthun"],"picked":"Discovery+1","floor":37},{"not_picked":["Enlightenment+1","REME_AllRoundStrike"],"picked":"Master of Strategy+1","floor":37},{"not_picked":["ats:Shell Defense+1","ats:Leaping Hammer"],"picked":"ats:Poison Spread+1","floor":38},{"not_picked":["ats:Assault Order+1","ats:Chain Hook"],"picked":"ats:Demon Strength+1","floor":39},{"not_picked":["ats:Beaten Up+1","ats:Magnetic Hammer","ats:Directed Diagnosis+1"],"picked":"SKIP","floor":40},{"not_picked":["ats:Mental Burst+1","ats:Directed Diagnosis+1"],"picked":"ats:Thorns+1","floor":41},{"not_picked":["ats:Chain Hook","ats:Defend Order+1","ats:Apocalypse+1"],"picked":"Singing Bowl","floor":45},{"not_picked":["ats:Defend Order+1","ats:Hook Shot+1","ats:Healing Strengthening+1"],"picked":"Singing Bowl","floor":46},{"not_picked":["ats:Beaten Up+1","ats:Cat Scratch+1","ats:Song Of Battle+1"],"picked":"Singing Bowl","floor":48},{"not_picked":["ats:True Silver Slash","ats:Cat Scratch"],"picked":"ats:Revitalization+1","floor":54}],"player_experience":37121,"relics_obtained":[{"floor":6,"key":"ats:Originium"},{"floor":6,"key":"Toxic Egg 2"},{"floor":8,"key":"ats:Originium"},{"floor":8,"key":"Gambling Chip"},{"floor":9,"key":"Meat on the Bone"},{"floor":10,"key":"ats:Originium"},{"floor":10,"key":"Frozen Egg 2"},{"floor":13,"key":"ats:Originium"},{"floor":13,"key":"Pen Nib"},{"floor":23,"key":"Toy Ornithopter"},{"floor":25,"key":"Anchor"},{"floor":29,"key":"Enchiridion"},{"floor":30,"key":"Bag of Preparation"},{"floor":31,"key":"InkBottle"},{"floor":34,"key":"Centennial Puzzle"},{"floor":34,"key":"Gremlin Horn"},{"floor":34,"key":"Unceasing Top"},{"floor":40,"key":"ats:Gyao"},{"floor":41,"key":"REME_IWantAll"},{"floor":43,"key":"Lantern"},{"floor":46,"key":"Bottled Tornado"},{"floor":54,"key":"ats:Military Tradition"}],"event_choices":[{"damage_healed":0,"gold_gain":0,"player_choice":"Success","damage_taken":7,"relics_obtained":["ats:Emergency Defibrillator"],"max_hp_gain":0,"max_hp_loss":0,"event_name":"Scrap Ooze","floor":5,"gold_loss":0},{"damage_healed":0,"gold_gain":0,"player_choice":"Entered Light","damage_taken":16,"max_hp_gain":0,"max_hp_loss":0,"event_name":"Shining Light","floor":11,"gold_loss":0,"cards_upgraded":["ats:Strike G","ats:Emotion Absorption"]},{"damage_healed":0,"gold_gain":0,"player_choice":"Bought 0 Potions","damage_taken":0,"max_hp_gain":0,"max_hp_loss":0,"event_name":"The Woman in Blue","floor":19,"gold_loss":0},{"damage_healed":0,"gold_gain":0,"player_choice":"Obtained Book","damage_taken":16,"max_hp_gain":0,"max_hp_loss":0,"event_name":"Cursed Tome","floor":29,"gold_loss":0},{"damage_healed":0,"gold_gain":0,"player_choice":"Relic","damage_taken":0,"max_hp_gain":0,"max_hp_loss":0,"event_name":"Wheel of Change","floor":31,"gold_loss":0},{"damage_healed":0,"gold_gain":0,"player_choice":"Memory 3","damage_taken":10,"max_hp_gain":0,"max_hp_loss":0,"event_name":"SensoryStone","floor":37,"gold_loss":0},{"damage_healed":0,"gold_gain":0,"player_choice":"Fight","damage_taken":0,"max_hp_gain":0,"max_hp_loss":0,"event_name":"Mysterious Sphere","floor":41,"gold_loss":0},{"damage_healed":0,"gold_gain":0,"player_choice":"Embrace Madness","damage_taken":14,"max_hp_gain":0,"max_hp_loss":0,"event_name":"Winding Halls","floor":42,"gold_loss":0,"cards_obtained":["Madness","Madness"]}],"is_beta":false,"boss_relics":[{"not_picked":["SacredBark","Runic Dome"],"picked":"Coffee Dripper"},{"not_picked":["Velvet Choker","Philosopher\u0027s Stone"],"picked":"Calling Bell"}],"items_purged_floors":[],"is_endless":false,"potions_floor_spawned":[1,4,7,12,13,16,22,23,24,30,33,39,41,45,46,54],"ascension_level":8}}