{"host":"mr1ctipv0dcr6y8g","time":1614199232,"event":{"mods":["BaseMod","Beaked The Cultist","DeckTracker","Downfall","Energized Spire","Minty Spire (QoL Compilation)","READ ME - Guardian Mod","Shop Mod","StSLib","The Construct"],"gold_per_floor":[99,110,127,127,227,238,238,273,289,307,207,46,46,63,75,179,179,179,198,216,216,227,227,227,241,254,272,272,272,299,334,354,455,455,355,370,370,382,394,319,619,619,639,652,652,683,132,147,167,167],"floor_reached":51,"language":"ENG","playtime":9686,"items_purged":["Slimebound:Strike_Slimebound","Slimebound:Defend_Slimebound","Slimebound:HauntingLick"],"score":782,"play_id":"6cb2321d-a1b8-45b2-96ba-3ac236fa8785","local_time":"20210224134032","is_ascension_mode":false,"campfire_choices":[{"data":"Slimebound:Split","floor":1.0,"key":"SMITH"},{"data":"Slimebound:Equalize","floor":11.0,"key":"SMITH"},{"data":"Slimebound:RejuvenatingLick","floor":13.0,"key":"SMITH"},{"data":"Slimebound:ComboTackle","floor":18,"key":"SMITH"},{"data":"Slimebound:GoopTackle","floor":23,"key":"SMITH"},{"data":"Slimebound:LeechLife","floor":28,"key":"SMITH"},{"data":"Slimebound:Teamwork","floor":35,"key":"SMITH"},{"data":"expansioncontent:StudyTheSpire","floor":42,"key":"SMITH"},{"floor":45,"key":"RECALL"}],"circlet_count":0,"master_deck":["Slimebound:Defend_Slimebound","Slimebound:Defend_Slimebound","Slimebound:Defend_Slimebound","Slimebound:Split+1","Slimebound:CorrosiveSpit","Slimebound:SlimeSpikes+1","Slimebound:Equalize+1","Slimebound:SplitMire+1","Slimebound:Repurpose","Slimebound:LeechLife+1","Slimebound:Schlurp","Slimebound:SplitMire","Slimebound:RejuvenatingLick+1","Slimebound:SplitAcid","Slimebound:ComboTackle+1","Slimebound:DouseInSlime","Slimebound:GoopSpray+1","Slimebound:GoopTackle+1","Slimebound:FormOfPuddle","Slimebound:Prepare+1","Slimebound:LivingWall","Slimebound:SplitBruiser","Slimebound:Teamwork+1","Slimebound:AcidTongue+1","Slimebound:DouseInSlime","Slimebound:GoopTackle+1","expansioncontent:StudyTheSpire+1","Slimebound:FormOfPuddle","Slimebound:LevelUp","Slimebound:Prepare+1","Slimebound:ComboTackle","expansioncontent:DashGenerateEvil","Slimebound:LivingWall","Slimebound:Repurpose+1"],"relics":["Black Star","Pocketwatch","Tiny Chest","Blue Candle","downfall:HeartBlessingGreen","Snecko Eye","Letter Opener","Darkstone Periapt","Shuriken","energizedSpire:SpiderWeb","downfall:HeartBlessingBlue","Old Coin","Ornamental Fan","Kunai","Bronze Scales"],"acts_visited":["Exordium","TheCity","TheBeyond"],"potions_floor_usage":[19,19,46,50],"damage_taken":[{"damage":0.0,"enemies":"Small Slimes","floor":2.0,"turns":4.0},{"damage":0.0,"enemies":"2 Louse","floor":3.0,"turns":2.0},{"damage":46.0,"enemies":"downfall:Heads","floor":5.0,"turns":9.0},{"damage":0.0,"enemies":"Cultist","floor":6.0,"turns":3.0},{"damage":27.0,"enemies":"Gremlin Nob","floor":8.0,"turns":5.0},{"damage":4.0,"enemies":"Blue Slaver","floor":9.0,"turns":4.0},{"damage":8.0,"enemies":"Red Slaver","floor":10.0,"turns":3.0},{"damage":3.0,"enemies":"downfall:FleeingMerchant","floor":12.0,"turns":4.0},{"damage":0.0,"enemies":"3 Louse","floor":14.0,"turns":4.0},{"damage":3.0,"enemies":"Gremlin Gang","floor":15.0,"turns":4.0},{"damage":0.0,"enemies":"SI_SHIV_ARCHETYPE","floor":16.0,"turns":5.0},{"damage":19,"enemies":"3 Byrds","floor":19,"turns":4},{"damage":3,"enemies":"Spheric Guardian","floor":20,"turns":3},{"damage":15,"enemies":"Chosen and Byrds","floor":22,"turns":6},{"damage":29,"enemies":"Cultist and Chosen","floor":25,"turns":4},{"damage":15,"enemies":"Snake Plant","floor":26,"turns":2},{"damage":0,"enemies":"Centurion and Healer","floor":27,"turns":5},{"damage":0,"enemies":"Gremlin Leader","floor":31,"turns":4},{"damage":10,"enemies":"Cultist and Chosen","floor":32,"turns":4},{"damage":3,"enemies":"IC_MUSHROOM_ARCHETYPE","floor":33,"turns":5},{"damage":0,"enemies":"Orb Walker","floor":36,"turns":4},{"damage":0,"enemies":"3 Shapes","floor":38,"turns":4},{"damage":31,"enemies":"Sphere and 2 Shapes","floor":39,"turns":5},{"damage":0,"enemies":"downfall:FleeingMerchant","floor":40,"turns":3},{"damage":0,"enemies":"4 Shapes","floor":43,"turns":3},{"damage":6,"enemies":"Transient","floor":44,"turns":5},{"damage":21,"enemies":"Nemesis","floor":46,"turns":3},{"damage":0,"enemies":"Jaw Worm Horde","floor":48,"turns":4},{"damage":8,"enemies":"Writhing Mass","floor":49,"turns":4},{"damage":9,"enemies":"WA_ARCHETYPE_DIVINITY","floor":50,"turns":6}],"seed_played":"-5311482510794561480","potions_obtained":[{"floor":3.0,"key":"Dexterity Potion"},{"floor":5.0,"key":"Slimebound:SlimedPotion"},{"floor":10.0,"key":"DistilledChaos"},{"floor":15.0,"key":"PowerPotion"},{"floor":16.0,"key":"BlessingOfTheForge"},{"floor":25,"key":"BlessingOfTheForge"},{"floor":26,"key":"Ancient Potion"},{"floor":31,"key":"hexamod:SoulburnPotion"},{"floor":33,"key":"LiquidBronze"},{"floor":39,"key":"Regen Potion"},{"floor":44,"key":"Block Potion"}],"is_trial":false,"path_per_floor":["R","M","M","?","?","M","T","E","M","M","R","$","R","M","M","B",null,"R","M","M","?","M","R","T","M","M","M","R","?","T","E","M","B",null,"R","M","?","M","M","$","T","R","M","M","R","E","$","M","M","B",null],"character_chosen":"SLIMEBOUND","items_purchased":["Slimebound:RejuvenatingLick","expansioncontent:StudyTheSpire","Slimebound:FormOfPuddle","Slimebound:LevelUp","expansioncontent:DashGenerateEvil","Bronze Scales","CultistPotion"],"campfire_rested":0,"item_purchase_floors":[12,40,40,40,47,47,47],"current_hp_per_floor":[65,65,65,65,19,23,23,4,16,16,16,35,35,59,65,65,65,65,56,65,59,62,62,62,47,65,65,65,57,57,57,65,62,65,75,75,75,75,44,75,75,75,75,75,75,75,75,75,75,66],"gold":167,"neow_bonus":"BOSS_RELIC","is_daily":false,"chose_seed":false,"campfire_upgraded":8,"win_rate":0.0,"timestamp":1614199232,"path_taken":["R","M","M","?","?","M","T","E","M","M","R","$","R","M","M","BOSS","R","M","M","?","M","R","T","?","M","M","R","?","?","E","M","BOSS","R","M","?","M","M","$","T","R","M","M","R","E","$","M","M","BOSS"],"items_purchased_type":["Card","Card","Card","Card","Card","Relic","Potion"],"build_version":"2020-12-22","purchased_purges":3,"victory":true,"max_hp_per_floor":[65,65,65,65,65,65,65,65,65,65,65,65,65,65,65,65,65,65,65,65,65,65,65,65,65,65,65,65,65,65,65,65,65,65,75,75,75,75,75,75,75,75,75,75,75,75,75,75,75,75],"card_choices":[{"not_picked":["Slimebound:FinishingTackle","Slimebound:ServeAndProtect"],"picked":"Slimebound:SlimeSpikes","floor":2.0},{"not_picked":["Slimebound:GoopSpray","Slimebound:LeechEnergy"],"picked":"Slimebound:HauntingLick","floor":3.0},{"not_picked":["Slimebound:Repurpose","Slimebound:MegaLick"],"picked":"Slimebound:SplitMire","floor":5.0},{"not_picked":["Slimebound:GoopTackle","Slimebound:SlimeSpikes"],"picked":"Slimebound:Repurpose","floor":6.0},{"not_picked":["Slimebound:Schlurp","Slimebound:RallyTheTroops"],"picked":"Slimebound:LeechLife","floor":8.0},{"not_picked":["Slimebound:Gluttony","Slimebound:ProtectTheBoss"],"picked":"Slimebound:Schlurp","floor":9.0},{"not_picked":["Slimebound:Replication","Slimebound:ItLooksTasty"],"picked":"Slimebound:SplitMire","floor":10.0},{"not_picked":["Slimebound:LeechEnergy","Slimebound:Replication","Slimebound:HauntingLick"],"picked":"SKIP","floor":12.0},{"not_picked":["Slimebound:SplitMire","Slimebound:Replication"],"picked":"Slimebound:SplitAcid","floor":14.0},{"not_picked":["Slimebound:SplitMire","Slimebound:Repurpose"],"picked":"Slimebound:ComboTackle","floor":15.0},{"not_picked":["Slimebound:RallyTheTroops","Slimebound:OneTwoCombo"],"picked":"Slimebound:DouseInSlime","floor":16.0},{"not_picked":["Slimebound:TongueLash","Slimebound:LeechingTouch"],"picked":"Slimebound:GoopSpray+1","floor":19},{"not_picked":["Slimebound:ItLooksTasty","Slimebound:SplitMire","Slimebound:HauntingLick"],"picked":"SKIP","floor":20},{"not_picked":["Slimebound:LeechingTouch+1","Slimebound:ItLooksTasty"],"picked":"Slimebound:GoopTackle","floor":22},{"not_picked":["Slimebound:FinishingTackle+1","Slimebound:ServeAndProtect"],"picked":"Slimebound:FormOfPuddle","floor":25},{"not_picked":["Slimebound:PressTheAttack","Slimebound:MegaLick"],"picked":"Slimebound:Prepare+1","floor":26},{"not_picked":["Slimebound:LeechingTouch","Slimebound:Equalize+1","Slimebound:SplitLeeching"],"picked":"SKIP","floor":27},{"not_picked":["Slimebound:Grow","Slimebound:SplitLeeching"],"picked":"Slimebound:LivingWall","floor":31},{"not_picked":["Slimebound:ItLooksTasty","Slimebound:LeechEnergy"],"picked":"Slimebound:SplitBruiser","floor":32},{"not_picked":["Slimebound:SlimeSlap","Slimebound:OneTwoCombo"],"picked":"Slimebound:Teamwork","floor":33},{"not_picked":["Slimebound:RollThrough","Slimebound:ItLooksTasty+1"],"picked":"Slimebound:AcidTongue+1","floor":36},{"not_picked":["Slimebound:LeechEnergy","Slimebound:Gluttony+1","Slimebound:ProtectTheBoss"],"picked":"SKIP","floor":38},{"not_picked":["Slimebound:Schlurp","Slimebound:LeechEnergy"],"picked":"Slimebound:GoopTackle+1","floor":39},{"not_picked":["Slimebound:SplitMire","Slimebound:DivideAndConquer","Slimebound:SpikyOuterGoop+1"],"picked":"SKIP","floor":40},{"not_picked":["Slimebound:AcidTongue","Slimebound:SplitMire+1"],"picked":"Slimebound:Prepare+1","floor":43},{"not_picked":["Slimebound:Nibble","Slimebound:BestDefense+1","Slimebound:SplitLeeching"],"picked":"SKIP","floor":44},{"not_picked":["Slimebound:SplitMire+1","Slimebound:HauntingLick+1"],"picked":"Slimebound:ComboTackle","floor":46},{"not_picked":["Slimebound:SlimeSpikes","Slimebound:SplitAcid+1"],"picked":"Slimebound:LivingWall","floor":48},{"not_picked":["Slimebound:ItLooksTasty+1","Slimebound:LivingWall+1"],"picked":"Slimebound:Repurpose+1","floor":49}],"player_experience":1808821,"relics_obtained":[{"floor":7.0,"key":"Pocketwatch"},{"floor":8.0,"key":"Tiny Chest"},{"floor":8.0,"key":"Blue Candle"},{"floor":24,"key":"Letter Opener"},{"floor":31,"key":"Darkstone Periapt"},{"floor":31,"key":"Shuriken"},{"floor":41,"key":"Old Coin"},{"floor":46,"key":"Ornamental Fan"},{"floor":46,"key":"Kunai"}],"event_choices":[{"damage_healed":0,"gold_gain":0,"player_choice":"Damaged","damage_taken":6,"max_hp_gain":0,"max_hp_loss":0,"event_name":"Wheel of Change","floor":21,"gold_loss":0}],"is_beta":false,"boss_relics":[{"not_picked":["Cursed Key","Fusion Hammer"],"picked":"Snecko Eye"},{"not_picked":["construct:ClawGrip","SacredBark"],"picked":"energizedSpire:SpiderWeb"}],"items_purged_floors":[12,40,47],"is_endless":false,"potions_floor_spawned":[3,5,10,15,16,25,26,31,32,33,39,44,48,49],"ascension_level":0}}