{"host":"f5n4tidiz2n5sooh","time":1614160737,"event":{"mods":["BaseMod","Colored Map","Minty Spire (QoL Compilation)","Relic Stats","StSLib"],"gold_per_floor":[116,61,77,22,22,51,51,81,81,110,185,185,185,185,185,274,274,293,273,188,227,247,247,247,287,311,311,361,399,424,17,17,115,115,128,128,178,178,191,191,231,453,521,521,15,15,348,361,361,361,361,361],"floor_reached":51,"language":"ENG","playtime":2038,"items_purged":["Strike_G","Normality"],"score":1446,"play_id":"f1ad3cd6-4d43-4ead-8287-63f69282a96d","local_time":"20210224035857","is_ascension_mode":true,"campfire_choices":[{"data":"Backstab","floor":7,"key":"SMITH"},{"data":"Wraith Form v2","floor":13,"key":"SMITH"},{"data":"Neutralize","floor":15,"key":"SMITH"},{"floor":23,"key":"REST"},{"floor":27,"key":"REST"},{"data":"Blade Dance","floor":32,"key":"SMITH"},{"data":"Apotheosis","floor":40,"key":"SMITH"},{"data":"Wraith Form v2","floor":44,"key":"SMITH"},{"data":"Blade Dance","floor":46,"key":"SMITH"},{"floor":49,"key":"RECALL"}],"circlet_count":0,"master_deck":["AscendersBane","Strike_G+1","Strike_G+1","Defend_G","Defend_G","Defend_G","Defend_G","Defend_G","Survivor","Neutralize+1","Calculated Gamble","Backstab+1","Poisoned Stab","Blade Dance+1","Wraith Form v2+1","Wraith Form v2+1","Calculated Gamble+1","Cloak And Dagger+1","Die Die Die","Backflip","Burst","Apotheosis+1","Backflip","Blade Dance+1","Wraith Form v2+1","Finisher","Well Laid Plans"],"relics":["Ring of the Snake","NeowsBlessing","Kunai","Mango","Question Card","Juzu Bracelet","Strawberry","Empty Cage","Shuriken","Red Mask","Ancient Tea Set","Whetstone","Bottled Lightning","Cursed Key","Toy Ornithopter","Sundial","DollysMirror","Pen Nib"],"acts_visited":["Exordium","TheCity","TheBeyond"],"potions_floor_usage":[8,10,16,22,25,29,33,33,50,51],"damage_taken":[{"damage":0,"enemies":"Jaw Worm","floor":1,"turns":1},{"damage":0,"enemies":"Cultist","floor":3,"turns":1},{"damage":0,"enemies":"3 Sentries","floor":6,"turns":1},{"damage":27,"enemies":"Gremlin Nob","floor":8,"turns":4},{"damage":11,"enemies":"3 Sentries","floor":10,"turns":6},{"damage":15,"enemies":"The Guardian","floor":16,"turns":11},{"damage":28,"enemies":"Spheric Guardian","floor":18,"turns":8},{"damage":13,"enemies":"2 Thieves","floor":19,"turns":4},{"damage":5,"enemies":"Masked Bandits","floor":21,"turns":6},{"damage":2,"enemies":"Centurion and Healer","floor":22,"turns":7},{"damage":17,"enemies":"Book of Stabbing","floor":25,"turns":8},{"damage":2,"enemies":"Gremlin Leader","floor":29,"turns":7},{"damage":0,"enemies":"3 Cultists","floor":30,"turns":5},{"damage":29,"enemies":"Automaton","floor":33,"turns":12},{"damage":1,"enemies":"Orb Walker","floor":35,"turns":3},{"damage":11,"enemies":"3 Shapes","floor":39,"turns":9},{"damage":15,"enemies":"Reptomancer","floor":41,"turns":8},{"damage":0,"enemies":"3 Darklings","floor":48,"turns":5},{"damage":12,"enemies":"Donu and Deca","floor":50,"turns":9},{"damage":42,"enemies":"Time Eater","floor":51,"turns":3}],"seed_played":"931270077012055539","potions_obtained":[{"floor":6,"key":"FearPotion"},{"floor":8,"key":"PowerPotion"},{"floor":10,"key":"DuplicationPotion"},{"floor":19,"key":"Swift Potion"},{"floor":25,"key":"LiquidMemories"},{"floor":29,"key":"EssenceOfSteel"},{"floor":39,"key":"Poison Potion"},{"floor":41,"key":"Dexterity Potion"}],"is_trial":false,"path_per_floor":["M","?","M","$","$","E","R","E","T","E","?","?","R","?","R","B",null,"M","M","?","?","M","R","?","E","T","R","?","E","M","$","R","B",null,"M","?","?","?","M","R","E","?","T","R","$","R","?","M","R","B","B"],"character_chosen":"THE_SILENT","items_purchased":["Explosive Potion","Bottled Lightning","Block Potion","DollysMirror","Pen Nib","Finisher"],"campfire_rested":2,"item_purchase_floors":[4,31,31,45,45,45],"current_hp_per_floor":[59,59,59,59,59,73,73,46,46,42,31,31,31,31,31,16,63,35,22,22,17,15,38,32,15,15,38,38,36,36,36,36,7,61,60,60,60,60,49,49,34,34,34,34,34,34,34,34,34,27,0,0],"gold":361,"neow_bonus":"THREE_ENEMY_KILL","is_daily":false,"chose_seed":false,"campfire_upgraded":7,"win_rate":0.0,"timestamp":1614160737,"path_taken":["M","?","M","?","$","E","R","E","T","E","?","?","R","?","R","BOSS","M","M","?","?","M","R","?","E","T","R","?","E","M","$","R","BOSS","M","?","?","?","M","R","E","?","T","R","?","R","?","M","R","BOSS","BOSS"],"items_purchased_type":["Potion","Relic","Potion","Relic","Relic","Card"],"build_version":"2020-12-22","purchased_purges":2,"victory":false,"max_hp_per_floor":[66,66,66,66,66,80,80,80,80,87,87,87,87,79,79,79,79,79,79,79,79,79,79,79,79,79,79,79,79,79,79,79,79,79,79,79,79,75,75,75,75,75,75,75,75,75,75,75,75,75,75,75],"relic_stats":{"counters":[20,118],"Shuriken":[70],"Sundial":[2],"Pen Nib":[6],"Juzu Bracelet":3,"Kunai":[88],"Whetstone":["Strike_G","Strike_G"],"Question Card":15,"Cursed Key":1,"obtain_stats":[{"NeowsBlessing":0,"Golden Idol":14,"Mango":6,"Pen Nib":45,"Juzu Bracelet":9,"Whetstone":29,"Question Card":8,"Empty Cage":17,"Ancient Tea Set":25,"Cursed Key":34,"Shuriken":20,"Sundial":43,"DollysMirror":45,"Strawberry":10,"Red Mask":21,"Kunai":2,"Bottled Lightning":31,"Toy Ornithopter":41,"Ring of the Snake":0},{"NeowsBlessing":0,"Golden Idol":5,"Mango":3,"Pen Nib":17,"Juzu Bracelet":4,"Whetstone":12,"Question Card":4,"Empty Cage":6,"Ancient Tea Set":11,"Cursed Key":14,"Shuriken":8,"Sundial":17,"DollysMirror":17,"Strawberry":5,"Red Mask":9,"Kunai":1,"Bottled Lightning":13,"Toy Ornithopter":17,"Ring of the Snake":0},{"NeowsBlessing":0,"Golden Idol":13,"Mango":3,"Pen Nib":101,"Juzu Bracelet":7,"Whetstone":64,"Question Card":7,"Empty Cage":24,"Ancient Tea Set":57,"Cursed Key":81,"Shuriken":36,"Sundial":101,"DollysMirror":101,"Strawberry":13,"Red Mask":42,"Kunai":1,"Bottled Lightning":69,"Toy Ornithopter":101,"Ring of the Snake":0}],"Toy Ornithopter":10,"Ring of the Snake":[40]},"card_choices":[{"not_picked":["Acrobatics","Dodge and Roll"],"picked":"Calculated Gamble","floor":1},{"not_picked":["Bane","Dodge and Roll"],"picked":"Backstab","floor":3},{"not_picked":["Cloak And Dagger","PiercingWail"],"picked":"Poisoned Stab","floor":6},{"not_picked":["PiercingWail","A Thousand Cuts"],"picked":"Blade Dance","floor":8},{"not_picked":["Dagger Throw","Calculated Gamble","Noxious Fumes"],"picked":"Wraith Form v2","floor":10},{"not_picked":["Doppelganger","Envenom","Die Die Die"],"picked":"Wraith Form v2","floor":16},{"not_picked":["Bouncing Flask","Bane+1","Poisoned Stab"],"picked":"Calculated Gamble+1","floor":18},{"not_picked":["Predator","Infinite Blades+1","Bouncing Flask"],"picked":"Cloak And Dagger+1","floor":19},{"not_picked":["Deadly Poison+1","PiercingWail","Prepared"],"picked":"Die Die Die","floor":22},{"not_picked":["Doppelganger","Deadly Poison","Slice"],"picked":"Backflip","floor":25},{"not_picked":["Bane","Dagger Spray","Unload","Poisoned Stab"],"picked":"SKIP","floor":29},{"not_picked":["Setup","Quick Slash","Dagger Throw+1","Poisoned Stab"],"picked":"SKIP","floor":30},{"not_picked":["Malaise","Venomology","Storm of Steel"],"picked":"Burst","floor":33},{"not_picked":["Noxious Fumes","Underhanded Strike","Sucker Punch","Calculated Gamble"],"picked":"SKIP","floor":35},{"not_picked":["Discovery","Mind Blast","Secret Weapon"],"picked":"Apotheosis","floor":36},{"not_picked":["Concentrate","Underhanded Strike","Sucker Punch+1"],"picked":"Backflip","floor":39},{"not_picked":["Prepared","Dodge and Roll","Acrobatics"],"picked":"Blade Dance","floor":41},{"not_picked":["Blur","Deadly Poison+1","Deflect+1"],"picked":"Well Laid Plans","floor":48}],"player_experience":2083303,"relics_obtained":[{"floor":6,"key":"Mango"},{"floor":8,"key":"Question Card"},{"floor":9,"key":"Juzu Bracelet"},{"floor":10,"key":"Strawberry"},{"floor":21,"key":"Red Mask"},{"floor":25,"key":"Ancient Tea Set"},{"floor":29,"key":"Whetstone"},{"floor":41,"key":"Toy Ornithopter"},{"floor":43,"key":"Sundial"}],"event_choices":[{"damage_healed":0,"gold_gain":0,"player_choice":"Paid Gold","damage_taken":0,"relics_obtained":["Kunai"],"max_hp_gain":0,"max_hp_loss":0,"event_name":"WeMeetAgain","floor":2,"gold_loss":55},{"damage_healed":0,"gold_gain":75,"player_choice":"Gather Gold","damage_taken":11,"max_hp_gain":0,"max_hp_loss":0,"event_name":"World of Goop","floor":11,"gold_loss":0},{"damage_healed":0,"gold_gain":0,"player_choice":"Ignored","damage_taken":0,"max_hp_gain":0,"max_hp_loss":0,"event_name":"Liars Game","floor":12,"gold_loss":0},{"damage_healed":0,"gold_gain":0,"player_choice":"Lose Max HP","damage_taken":0,"relics_obtained":["Golden Idol"],"max_hp_gain":0,"max_hp_loss":8,"event_name":"Golden Idol","floor":14,"gold_loss":0},{"damage_healed":0,"gold_gain":0,"player_choice":"Obtained Relic","damage_taken":0,"relics_obtained":["Shuriken"],"max_hp_gain":0,"max_hp_loss":0,"event_name":"Addict","floor":20,"gold_loss":85},{"damage_healed":0,"gold_gain":0,"player_choice":"Fought Bandits","damage_taken":0,"max_hp_gain":0,"max_hp_loss":0,"event_name":"Masked Bandits","floor":21,"gold_loss":0},{"damage_healed":0,"gold_gain":0,"player_choice":"","damage_taken":6,"max_hp_gain":0,"max_hp_loss":0,"event_name":"Knowing Skull","floor":24,"potions_obtained":[],"gold_loss":0,"cards_obtained":[]},{"damage_healed":0,"gold_gain":50,"player_choice":"Stole From Cult","damage_taken":0,"max_hp_gain":0,"max_hp_loss":0,"event_name":"Nest","floor":28,"gold_loss":0},{"damage_healed":0,"gold_gain":0,"player_choice":"Memory 1","damage_taken":0,"max_hp_gain":0,"max_hp_loss":0,"event_name":"SensoryStone","floor":36,"gold_loss":0},{"damage_healed":0,"gold_gain":50,"player_choice":"Pray","damage_taken":0,"max_hp_gain":0,"max_hp_loss":0,"event_name":"Golden Shrine","floor":37,"gold_loss":0},{"damage_healed":0,"gold_gain":0,"player_choice":"Max HP","damage_taken":0,"max_hp_gain":0,"max_hp_loss":4,"event_name":"Winding Halls","floor":38,"gold_loss":0},{"damage_healed":0,"gold_gain":222,"player_choice":"Wore Mask","damage_taken":0,"max_hp_gain":0,"max_hp_loss":0,"event_name":"Tomb of Lord Red Mask","floor":42,"gold_loss":0},{"damage_healed":0,"gold_gain":333,"player_choice":"Gave Idol","damage_taken":0,"max_hp_gain":0,"max_hp_loss":0,"event_name":"The Moai Head","floor":47,"relics_lost":["Golden Idol"],"gold_loss":0}],"is_beta":false,"boss_relics":[{"not_picked":["SacredBark","Fusion Hammer"],"picked":"Empty Cage"},{"not_picked":["Philosopher\u0027s Stone","SlaversCollar"],"picked":"Cursed Key"}],"items_purged_floors":[31,45],"is_endless":false,"potions_floor_spawned":[6,8,10,19,25,29,39,41],"killed_by":"Time Eater","ascension_level":20}}