{"host":"87fngth7fl5fos1u","time":1614189613,"event":{"mods":["AlwaysNeverKeys","Aspiration","BaseMod","Bestiary","BetterRewards","Bossed Relics","Colored Map","Colored Powertips","Conspire","Defuse TimeMaze Blight","Dota2Spire","Downfall","Energized Spire","Evolution","GifTheSpireLib","Halation","Hubris","Infinite Spire","Jedi Mod","Minty Spire (QoL Compilation)","Permanent Neow","Quarter Circle Forward PUNCH!","Relic Sorter","Reliquary","Replay The Spire","Shop Mod","Spicy Shops","StSLib","The Jungle","Thieving Mod","Unceasing Turn Reminder"],"gold_per_floor":[111,129,129,144,180,180,195,223,223,250,250,250,250,250,42,70,70,182,182,210,249,286,326,326,368,368,393,419,443,443,443,443,443,443,568,668,695,484,527,527,527,591,591,636,687,711,711],"floor_reached":46,"language":"ENG","playtime":2981,"items_purged":["Regret"],"score":542,"play_id":"5ff8622c-77d0-48db-97cd-4f91bab465a8","local_time":"20210224200013","is_ascension_mode":true,"campfire_choices":[{"floor":6,"key":"REST"},{"floor":14,"key":"REST"},{"data":"1","floor":17,"key":"LIFT"},{"floor":26,"key":"REST"},{"floor":30,"key":"REST"},{"floor":34,"key":"REST"},{"data":"2","floor":43,"key":"LIFT"}],"circlet_count":0,"master_deck":["Quick Slash","Strike_G","Strike_G","Strike_G","Strike_G","Defend_G","Defend_G","Defend_G","Defend_G","Defend_G","Survivor","Neutralize","ReplayTheSpireMod:Shiv Toss","jedi:unstablefumes","Cloak And Dagger","Die Die Die","Blade Dance","Hidden Blade","A Thousand Cuts","Adrenaline","Eviscerate","ReplayTheSpireMod:Speed Training","jedi:poisonivy+1","infinitespire:Starlight","Cloak And Dagger","Envenom","jedi:studypoison","hubris:SlightOfHand+1","ReplayTheSpireMod:Scrap Shanks","Blade Dance+1","Blur+1"],"relics":["Ring of the Snake","Cracked Core","Girya","Gambling Chip","Replay:Bandana","conspire:Dentures","infinitespire:PuzzleCube","Dota2Spire:ShadowBlade","reliquary:NewFriend","WristBlade","Molten Egg 2","jedi:rubbersling","Oddly Smooth Stone","hubris:SphereOfDissonance","Replay:Wanted Poster","MerchantsRug","Dota2Spire:CrimsonGuard","ReplayTheSpireMod:Ring of Sloth","ReplayTheSpireMod:Ring of Challenge","hubris:AncientText","Anchor","reliquary:RosewoodLute"],"acts_visited":["Exordium","TheCity","TheBeyond"],"potions_floor_usage":[23,25,29,35,44],"damage_taken":[{"damage":0,"enemies":"Cultist","floor":1,"turns":4},{"damage":7,"enemies":"2 Louse","floor":2,"turns":2},{"damage":0,"enemies":"Jaw Worm","floor":4,"turns":4},{"damage":14,"enemies":"Large Slime","floor":7,"turns":7},{"damage":21,"enemies":"3 Sentries","floor":8,"turns":9},{"damage":0,"enemies":"Blue Slaver","floor":10,"turns":3},{"damage":1,"enemies":"Red Slaver","floor":16,"turns":3},{"damage":18,"enemies":"Fading Forest","floor":18,"turns":11},{"damage":0,"enemies":"Spheric Guardian","floor":20,"turns":3},{"damage":0,"enemies":"Shell Parasite","floor":21,"turns":2},{"damage":7,"enemies":"Snecko","floor":22,"turns":3},{"damage":23,"enemies":"Sentry and Sphere","floor":23,"turns":4},{"damage":42,"enemies":"Slavers","floor":25,"turns":4},{"damage":19,"enemies":"conspire:HollyBat","floor":27,"turns":6},{"damage":17,"enemies":"Shelled Parasite and Fungi","floor":29,"turns":4},{"damage":60,"enemies":"Automaton","floor":35,"turns":9},{"damage":0,"enemies":"3 Shapes","floor":37,"turns":2},{"damage":3,"enemies":"3 Darklings","floor":39,"turns":4},{"damage":1,"enemies":"R_Hoarder","floor":42,"turns":4},{"damage":27,"enemies":"Transient","floor":44,"turns":5},{"damage":42,"enemies":"Nightmare","floor":46,"turns":3}],"seed_played":"601049920050856443","potions_obtained":[{"floor":4,"key":"sneckomod:MuddlingPotion"},{"floor":10,"key":"sneckomod:MuddlingPotion"},{"floor":18,"key":"Strength Potion"},{"floor":21,"key":"jedi:StrikingPotion"},{"floor":23,"key":"champ:CounterPotion"},{"floor":35,"key":"Ancient Potion"},{"floor":42,"key":"SpeedPotion"},{"floor":44,"key":"champ:CounterPotion"}],"is_trial":false,"path_per_floor":["M","M","?","M","?","R","M","E","T","M","PTL","PTL","?","R","$","M","R","B",null,"M","M","M","M","AVR","E","R","M","T","M","R","?","?","T","R","B",null,"M","$","M","?","AVR","E","R","M","T","NM"],"character_chosen":"THE_SILENT","items_purchased":["infinitespire:PuzzleCube","Dota2Spire:ShadowBlade","MerchantsRug","Dota2Spire:CrimsonGuard","ReplayTheSpireMod:Scrap Shanks"],"campfire_rested":5,"item_purchase_floors":[15,15,38,38,38],"current_hp_per_floor":[70,63,51,51,34,55,41,20,20,20,20,20,20,41,41,40,40,22,70,70,70,63,40,40,8,29,20,20,13,34,34,34,34,55,5,70,70,70,70,70,70,69,69,42,42,0,0],"gold":711,"neow_bonus":"NOSTALGIA","is_daily":false,"chose_seed":false,"campfire_upgraded":0,"win_rate":0.0,"timestamp":1614189613,"path_taken":["M","?","?","M","?","R","M","E","T","M","PTL","PTL","?","R","$","?","R","BOSS","M","M","M","M","AVR","E","R","M","T","M","R","?","?","?","R","BOSS","M","$","M","?","AVR","E","R","M","T","NM"],"items_purchased_type":["Relic","Relic","Relic","Relic","Card"],"build_version":"2020-12-22","purchased_purges":1,"victory":false,"max_hp_per_floor":[70,70,70,70,70,70,70,70,70,70,70,70,70,70,70,70,70,70,70,70,70,70,70,70,70,70,70,70,70,70,70,70,70,70,70,70,70,70,70,70,70,70,70,70,70,70,70],"card_choices":[{"not_picked":["Flying Knee","Deadly Poison"],"picked":"ReplayTheSpireMod:Shiv Toss","floor":1},{"not_picked":["Deflect","Setup"],"picked":"jedi:unstablefumes","floor":2},{"not_picked":["Backflip","Dodge and Roll","Acrobatics"],"picked":"SKIP","floor":4},{"not_picked":["Dodge and Roll","Acrobatics"],"picked":"Cloak And Dagger","floor":5},{"not_picked":["Flying Knee","hubris:Counter"],"picked":"Die Die Die","floor":7},{"not_picked":["Sucker Punch","Riddle With Holes"],"picked":"Blade Dance","floor":8},{"not_picked":["Prepared","jedi:pocketpoison"],"picked":"Hidden Blade","floor":10},{"not_picked":["Sneak Up","Dodge and Roll"],"picked":"A Thousand Cuts","floor":16},{"not_picked":["jedi:brewingpoison","Burst"],"picked":"Adrenaline","floor":18},{"not_picked":["Quick Slash","Skewer"],"picked":"Eviscerate","floor":20},{"not_picked":["Hidden Blade","Prepared"],"picked":"ReplayTheSpireMod:Speed Training","floor":21},{"not_picked":["Deadly Poison+1","Predator","Bane"],"picked":"SKIP","floor":22},{"not_picked":["Masterful Stab+1","Deflect"],"picked":"jedi:poisonivy+1","floor":23},{"not_picked":["Endless Agony+1","Sucker Punch+1","Dodge and Roll"],"picked":"SKIP","floor":25},{"not_picked":["Quick Slash+1","ReplayTheSpireMod:Exploit Weakness","Leg Sweep"],"picked":"SKIP","floor":27},{"not_picked":["Tactician","Cloak And Dagger","jedi:poisonivy"],"picked":"SKIP","floor":29},{"not_picked":["Tactician","jedi:poisonivy"],"picked":"Cloak And Dagger","floor":29},{"not_picked":["Adrenaline","Envenom"],"picked":"jedi:studypoison","floor":35},{"not_picked":["Eviscerate+1","Sucker Punch+1"],"picked":"hubris:SlightOfHand+1","floor":37},{"not_picked":["Outmaneuver","Quick Slash+1"],"picked":"Blade Dance+1","floor":39},{"not_picked":["Acrobatics+1","Poisoned Stab+1","Heel Hook+1"],"picked":"SKIP","floor":42},{"not_picked":["Cloak And Dagger+1","Sucker Punch+1"],"picked":"Blur+1","floor":44}],"player_experience":151435,"relics_obtained":[{"floor":5,"key":"Gambling Chip"},{"floor":8,"key":"Matryoshka"},{"floor":9,"key":"Replay:Bandana"},{"floor":9,"key":"conspire:Dentures"},{"floor":25,"key":"Molten Egg 2"},{"floor":28,"key":"jedi:rubbersling"},{"floor":28,"key":"Oddly Smooth Stone"},{"floor":33,"key":"hubris:SphereOfDissonance"},{"floor":40,"key":"ReplayTheSpireMod:Ring of Sloth"},{"floor":40,"key":"ReplayTheSpireMod:Ring of Challenge"},{"floor":42,"key":"Anchor"},{"floor":45,"key":"reliquary:RosewoodLute"}],"event_choices":[{"damage_healed":0,"gold_gain":0,"player_choice":"Success","damage_taken":12,"relics_obtained":["Girya"],"max_hp_gain":0,"max_hp_loss":0,"event_name":"Scrap Ooze","floor":3,"gold_loss":0},{"damage_healed":0,"gold_gain":0,"player_choice":"Leave","damage_taken":0,"max_hp_gain":0,"max_hp_loss":0,"event_name":"conspire:Investor","floor":13,"gold_loss":0}],"is_beta":false,"boss_relics":[{"not_picked":["hubris:GrandSneckoEye","reliquary:Ember"],"picked":"energizedSpire:DeadBattery"},{"not_picked":["ReplayTheSpireMod:SealedPack","reliquary:KinkedSpring"],"picked":"Replay:Wanted Poster"}],"items_purged_floors":[15],"is_endless":false,"potions_floor_spawned":[4,10,18,21,23,35,42,44],"killed_by":"Nightmare","ascension_level":2}}