{"host":"njruw0b0uprlitpx","time":1614173598,"event":{"mods":["2.2 Compatiblity","Bartender","BaseMod","Better Altar","Better Match","Better Note","Better Sensory Stone","Better Skull","Better Third Choice","BetterRewards","Block Reminder","Colored Map","Colored Powertips","Curses Come First","Energized Spire","Jedi Mod","Keyboard Shortcuts","Minty Spire (QoL Compilation)","Quick Restart","Rare Cards Sparkle","Relic Stats","Replay The Spire","SacredBarkPlus","Spicy Shops","StSLib","SuperFastMode","The Blackbeard","The Bug Knight"],"gold_per_floor":[114,45,60,11,26,26,56,71,146,146,161,191,191,191,191,206,206,306,306,321,336,336,251,581,581,611,29,54,69,84,99,40,55,55,155,155,170,170,20,20,31,31,31,31,31,31,31,31,31,31,0,0],"floor_reached":53,"language":"ENG","playtime":2090,"items_purged":["HollowMod:NailStrikeStart","HollowMod:QuickDashStart"],"score":922,"play_id":"49596676-2856-4b8a-9c36-fa3a3357710e","local_time":"20210224073318","daily_mods":["Heirloom","Purple Cards","DeadlyEvents"],"is_ascension_mode":false,"campfire_choices":[{"data":"HollowMod:SoulSplash","floor":6.0,"key":"SMITH"},{"data":"HollowMod:HuntersJournal","floor":10.0,"key":"SMITH"},{"floor":13.0,"key":"REST"},{"data":"HollowMod:MonarchWings","floor":17.0,"key":"SMITH"},{"floor":25.0,"key":"REST"},{"floor":34.0,"key":"REST"},{"data":"HollowMod:SlysStrikes","floor":42,"key":"SMITH"},{"floor":49,"key":"REST"}],"circlet_count":0,"master_deck":["HollowMod:NailStrikeStart","HollowMod:NailStrikeStart","HollowMod:NailStrikeStart","HollowMod:QuickDashStart","HollowMod:QuickDashStart","HollowMod:FocusHealStart","HollowMod:PogoStrike","HollowMod:SoulSplash+1","HollowMod:CoiledNail","HollowMod:MonarchWings+1","HollowMod:CloakDash","HollowMod:HuntersJournal+1","HollowMod:HowlingWraiths","HollowMod:VengefulSpirit","HollowMod:FastStrike","HollowMod:SlysStrikes+1","HollowMod:DashSlash+1","HollowMod:RecoilStrike","HollowMod:GrimmsGift","Dark Shackles","HollowMod:GreatSlash","HollowMod:CycloneSlash","HollowMod:FallenFury","HollowMod:HeavyBlow","HollowMod:VengefulSpirit","HollowMod:AwokenDreamNail","HollowMod:ChannelNail+1","Replay:Sssssssssstrike+1","HollowMod:CrystalDash","HollowMod:DreamGate+1","HollowMod:CloakDash+1"],"relics":["HollowMod:VesselMask","jedi:kaleidoscope","White_Cape","jedi:HeartOfTheCards","StrikeDummy","Velvet Choker","Enchiridion","ReplayTheSpireMod:Lightbulb","Old Coin","ReplayTheSpireMod:TigerMarble","Orichalcum","Ginger","Tiny Chest","ChewingGum","HollowMod:StagPassRelic","Oddly Smooth Stone","jedi:ominousloannote","BargainBundle","Kunai","Bag of Preparation","Bag of Marbles","Blue Doll","Pen Nib","Replay:Bottled Steam","Red Mask"],"acts_visited":["Exordium","TheCity","TheBeyond"],"potions_floor_usage":[48,50,52,52],"damage_taken":[{"damage":1.0,"enemies":"Cultist","floor":1.0,"turns":3.0},{"damage":3.0,"enemies":"Jaw Worm","floor":3.0,"turns":3.0},{"damage":0.0,"enemies":"2 Louse","floor":5.0,"turns":3.0},{"damage":16.0,"enemies":"Gremlin Nob","floor":7.0,"turns":3.0},{"damage":9.0,"enemies":"Blue Slaver","floor":8.0,"turns":4.0},{"damage":11.0,"enemies":"3 Louse","floor":11.0,"turns":3.0},{"damage":19.0,"enemies":"3 Sentries","floor":12.0,"turns":5.0},{"damage":0.0,"enemies":"Looter","floor":16.0,"turns":2.0},{"damage":11.0,"enemies":"The Guardian","floor":18.0,"turns":6.0},{"damage":10.0,"enemies":"2 Thieves","floor":20.0,"turns":2.0},{"damage":0.0,"enemies":"Shell Parasite","floor":21.0,"turns":3.0},{"damage":8.0,"enemies":"Replay:Snechameleon","floor":24.0,"turns":4.0},{"damage":20.0,"enemies":"Book of Stabbing","floor":26.0,"turns":5.0},{"damage":10.0,"enemies":"Centurion and Healer","floor":29.0,"turns":3.0},{"damage":0.0,"enemies":"Snecko","floor":30.0,"turns":1.0},{"damage":0.0,"enemies":"Snake Plant","floor":31.0,"turns":2.0},{"damage":10.0,"enemies":"Centurion and Healer","floor":33.0,"turns":2.0},{"damage":17.0,"enemies":"Collector","floor":35.0,"turns":5.0},{"damage":0.0,"enemies":"3 Darklings","floor":37.0,"turns":3.0},{"damage":0,"enemies":"Giant Head","floor":43,"turns":5},{"damage":9,"enemies":"3 Shapes","floor":44,"turns":1},{"damage":4,"enemies":"Spire Growth","floor":46,"turns":3},{"damage":0,"enemies":"R_Hoarder","floor":47,"turns":3},{"damage":14,"enemies":"Reptomancer","floor":48,"turns":3},{"damage":0,"enemies":"Jaw Worm Horde","floor":50,"turns":1},{"damage":35,"enemies":"Donu and Deca","floor":52,"turns":7}],"seed_played":"1986488565424594500","potions_obtained":[{"floor":3.0,"key":"BlessingOfTheForge"},{"floor":7.0,"key":"LiquidBronze"},{"floor":16.0,"key":"ColorlessPotion"},{"floor":18.0,"key":"LiquidBronze"},{"floor":21.0,"key":"Flashbang"},{"floor":26.0,"key":"jedi:hoardpotion"},{"floor":47,"key":"Block Potion"},{"floor":48,"key":"AttackPotion"},{"floor":50,"key":"Swift Potion"}],"is_trial":false,"path_per_floor":["M","$","M","$","M","R","E","M","T","R","M","E","R","PTL","PTL","M","R","B",null,"M","M","?","?","E","R","E","$","T","M","M","M","$","M","R","B",null,"M","?","?","T","$","R","E","M","T","M","E","E","R","M","R_BF","B",null],"character_chosen":"THE_BUGKNIGHT","items_purchased":["HollowMod:CoiledNail","HollowMod:CloakDash","Dark Shackles","HollowMod:GreatSlash","Orichalcum","Ginger","Adrenaline Potion","HollowMod:HeavyBlow","jedi:ominousloannote","BargainBundle","Kunai","Bag of Preparation","SteroidPotion","Replay:Sssssssssstrike"],"campfire_rested":4,"item_purchase_floors":[2,4,27,27,27,27,27,32,41,41,41,41,41,41],"current_hp_per_floor":[75,75,72,72,75,75,65,62,62,62,57,38,60,60,60,60,60,49,75,65,65,49,49,45,67,53,53,53,52,52,52,52,42,64,61,75,75,75,75,75,75,75,75,66,66,62,62,48,70,70,70,35],"gold":0,"neow_bonus":"","is_daily":true,"chose_seed":false,"campfire_upgraded":4,"win_rate":0.0,"timestamp":1614173598,"path_taken":["M","?","M","$","M","R","E","?","T","R","M","?","R","PTL","PTL","M","R","BOSS","M","M","?","?","?","R","E","$","T","M","M","M","?","M","R","BOSS","M","?","?","?","$","R","E","?","T","M","?","E","R","M","R_BF","BOSS"],"items_purchased_type":["Card","Card","Card","Card","Relic","Relic","Potion","Card","Relic","Relic","Relic","Relic","Potion","Card"],"build_version":"2020-12-22","purchased_purges":2,"victory":true,"max_hp_per_floor":[75,75,75,75,75,75,75,75,75,75,75,75,75,75,75,75,75,75,75,75,75,75,75,75,75,75,75,75,75,75,75,75,75,75,75,75,75,75,75,75,75,75,75,75,75,75,75,75,75,75,75,75],"relic_stats":{"counters":[26,85],"Tiny Chest":1,"Pen Nib":[3],"Bag of Preparation":[14],"Ginger":[5],"Kunai":[17],"Orichalcum":[66],"obtain_stats":[{"Enchiridion":22,"HollowMod:VesselMask":0,"Blue Doll":45,"Bag of Preparation":41,"Ginger":27,"White_Cape":7,"HollowMod:StagPassRelic":39,"Old Coin":24,"Tiny Chest":28,"Red Mask":51,"Kunai":41,"Replay:Bottled Steam":48,"BargainBundle":41,"Velvet Choker":19,"Oddly Smooth Stone":40,"Pen Nib":47,"Orichalcum":27,"jedi:HeartOfTheCards":9,"jedi:kaleidoscope":0,"jedi:ominousloannote":41,"ChewingGum":36,"ReplayTheSpireMod:TigerMarble":26,"Bag of Marbles":43,"StrikeDummy":12,"ReplayTheSpireMod:Lightbulb":23},{"Enchiridion":11,"HollowMod:VesselMask":0,"Blue Doll":21,"Bag of Preparation":19,"Ginger":13,"White_Cape":4,"HollowMod:StagPassRelic":19,"Old Coin":12,"Tiny Chest":13,"Red Mask":25,"Kunai":19,"Replay:Bottled Steam":24,"BargainBundle":19,"Velvet Choker":9,"Oddly Smooth Stone":19,"Pen Nib":23,"Orichalcum":13,"jedi:HeartOfTheCards":5,"jedi:kaleidoscope":0,"jedi:ominousloannote":19,"ChewingGum":18,"ReplayTheSpireMod:TigerMarble":13,"Bag of Marbles":20,"StrikeDummy":7,"ReplayTheSpireMod:Lightbulb":11},{"Enchiridion":37,"HollowMod:VesselMask":0,"Blue Doll":68,"Bag of Preparation":62,"Ginger":46,"White_Cape":12,"HollowMod:StagPassRelic":62,"Old Coin":41,"Tiny Chest":46,"Red Mask":78,"Kunai":62,"Replay:Bottled Steam":77,"BargainBundle":62,"Velvet Choker":32,"Oddly Smooth Stone":62,"Pen Nib":74,"Orichalcum":46,"jedi:HeartOfTheCards":16,"jedi:kaleidoscope":0,"jedi:ominousloannote":62,"ChewingGum":59,"ReplayTheSpireMod:TigerMarble":46,"Bag of Marbles":67,"StrikeDummy":24,"ReplayTheSpireMod:Lightbulb":37}]},"card_choices":[{"not_picked":["HollowMod:SiblingsSouls","HollowMod:InfectedCysts"],"picked":"HollowMod:SoulSplash","floor":1.0},{"not_picked":["HollowMod:TaintedHusks","HollowMod:InfectedCysts"],"picked":"HollowMod:MonarchWings","floor":3.0},{"not_picked":["HollowMod:DoubleDash","HollowMod:InfectedCysts","HollowMod:WraithStrike"],"picked":"SKIP","floor":5.0},{"not_picked":["HollowMod:FallenFury","HollowMod:BrokenVessel"],"picked":"HollowMod:HuntersJournal","floor":7.0},{"not_picked":["HollowMod:DoubleDash","HollowMod:WraithStrike"],"picked":"HollowMod:HowlingWraiths","floor":8.0},{"not_picked":["HollowMod:DungDefenderAura","HollowMod:CloakDash"],"picked":"HollowMod:VengefulSpirit","floor":11.0},{"not_picked":["HollowMod:LifebloodCocoon","HollowMod:MothsMistake","HollowMod:ShadowDash"],"picked":"SKIP","floor":12.0},{"not_picked":["HollowMod:DashSlash","HollowMod:AbyssShriek"],"picked":"HollowMod:FastStrike","floor":16.0},{"not_picked":["HollowMod:PureVessel","HollowMod:VoidDash"],"picked":"HollowMod:SlysStrikes","floor":18.0},{"not_picked":["HollowMod:DescendingDark","HollowMod:DreamGate"],"picked":"HollowMod:DashSlash+1","floor":20.0},{"not_picked":["HollowMod:SiblingsSouls","HollowMod:ShadowDash"],"picked":"HollowMod:RecoilStrike","floor":21.0},{"not_picked":["HollowMod:VengefulVoid","HollowMod:SoulShaman"],"picked":"HollowMod:GrimmsGift","floor":24.0},{"not_picked":["HollowMod:SoulShaman","HollowMod:WraithStrike","HollowMod:DescendingDark"],"picked":"SKIP","floor":26.0},{"not_picked":["HollowMod:SiblingsSouls","HollowMod:VengefulVoid+1","HollowMod:GreatSlash"],"picked":"SKIP","floor":29.0},{"not_picked":["HollowMod:InfectedAttack","HollowMod:TaintedHusks"],"picked":"HollowMod:CycloneSlash","floor":30.0},{"not_picked":["HollowMod:LifebloodCocoon","HollowMod:DescendingDark"],"picked":"HollowMod:FallenFury","floor":31.0},{"not_picked":["HollowMod:LifebloodCocoon","HollowMod:WhiteLadysBlessing"],"picked":"HollowMod:VengefulSpirit","floor":33.0},{"not_picked":["HollowMod:HornetsHelp","HollowMod:Weaversong"],"picked":"HollowMod:AwokenDreamNail","floor":35.0},{"not_picked":["HollowMod:VengefulVoid+1","HollowMod:DoubleDash+1"],"picked":"HollowMod:ChannelNail+1","floor":37.0},{"not_picked":["HollowMod:HowlingWraiths","HollowMod:HeavyBlow+1"],"picked":"HollowMod:CrystalDash","floor":43},{"not_picked":["HollowMod:SharpenedNail","HollowMod:CrystalDash"],"picked":"HollowMod:DreamGate+1","floor":44},{"not_picked":["HollowMod:HowlingWraiths","HollowMod:MonomonsArchive","HollowMod:NewJinnsSoul+1"],"picked":"SKIP","floor":46},{"not_picked":["HollowMod:VengefulSpirit","HollowMod:InfectedCysts","HollowMod:DashSlash"],"picked":"SKIP","floor":47},{"not_picked":["HollowMod:InfectedAttack","HollowMod:NewLittleFool+1"],"picked":"HollowMod:CloakDash+1","floor":48},{"not_picked":["HollowMod:HerrahsAnger","HollowMod:MawleksShell","HollowMod:LifebloodCocoon+1"],"picked":"SKIP","floor":50}],"player_experience":1392633,"relics_obtained":[{"floor":7.0,"key":"White_Cape"},{"floor":9.0,"key":"jedi:HeartOfTheCards"},{"floor":12.0,"key":"StrikeDummy"},{"floor":22.0,"key":"Enchiridion"},{"floor":24.0,"key":"Old Coin"},{"floor":26.0,"key":"ReplayTheSpireMod:TigerMarble"},{"floor":28.0,"key":"Tiny Chest"},{"floor":40,"key":"Oddly Smooth Stone"},{"floor":43,"key":"Bag of Marbles"},{"floor":45,"key":"Blue Doll"},{"floor":47,"key":"Pen Nib"},{"floor":48,"key":"Replay:Bottled Steam"}],"event_choices":[{"damage_healed":0.0,"max_hp_gain":0.0,"max_hp_loss":0.0,"gold_gain":0.0,"event_name":"Cursed Tome","player_choice":"Obtained Book","floor":22.0,"gold_loss":0.0,"damage_taken":16.0},{"damage_healed":0.0,"max_hp_gain":0.0,"max_hp_loss":0.0,"gold_gain":0.0,"event_name":"Addict","player_choice":"Obtained Relic","floor":23.0,"gold_loss":85.0,"damage_taken":0.0,"relics_obtained":["ReplayTheSpireMod:Lightbulb"]},{"cards_removed":["HollowMod:QuickDashStart"],"damage_healed":0.0,"max_hp_gain":0.0,"max_hp_loss":0.0,"gold_gain":0.0,"event_name":"Falling","player_choice":"Removed Skill","floor":38.0,"gold_loss":0.0,"damage_taken":0.0},{"damage_healed":0,"gold_gain":0,"player_choice":"Paid","damage_taken":0,"relics_obtained":["Red Mask"],"max_hp_gain":0,"max_hp_loss":0,"event_name":"Tomb of Lord Red Mask","floor":51,"gold_loss":31}],"is_beta":false,"boss_relics":[{"not_picked":["SlaversCollar","Calling Bell"],"picked":"Velvet Choker"},{"not_picked":["jedi:battlestandard","Painkiller Herb"],"picked":"ChewingGum"}],"items_purged_floors":[27,41],"is_endless":false,"potions_floor_spawned":[3,7,16,18,21,26,30,43,47,48,50],"ascension_level":0}}