{"host":"mujoymdbv27pmqgz","time":1614204072,"event":{"mods":["BaseMod","Downfall","KinomotoSakuraMod(????)","Minty Spire (QoL Compilation)","StSLib","The Jungle"],"gold_per_floor":[114,134,145,155,170,202,220,246,272,304,316,346,458,500,512,627,639,664,676,738,750,779,823,835,881,918,304,304,304,331,331,331,429,429,442,442,213,213,232,258,258,291,291,308,61,61,80,108,108,108,108,108,108,108,108],"floor_reached":54,"language":"ZHS","playtime":3603,"items_purged":["Writhe"],"score":1251,"play_id":"ef250f46-88ea-40fb-b0a1-61d8e1248688","local_time":"20210224170112","is_ascension_mode":true,"campfire_choices":[{"floor":11.0,"key":"RECALL"},{"floor":15.0,"key":"REST"},{"floor":24.0,"key":"REST"},{"floor":28.0,"key":"REST"},{"floor":32.0,"key":"REST"},{"floor":41,"key":"REST"},{"data":"ClowCardTheFight","floor":46,"key":"SMITH"},{"data":"SpellCardSeal","floor":49,"key":"SMITH"},{"data":"ClowCardTheFly","floor":52,"key":"SMITH"}],"circlet_count":0,"master_deck":["SakuraCardTheFight+","SakuraCardTheGlow+","SakuraCardTheMove+","ClowCardTheSword","ClowCardTheSword+1","ClowCardTheSword+1","ClowCardTheSword","ClowCardTheShield","ClowCardTheShield","ClowCardTheShield","ClowCardTheShield","SpellCardSeal+1","SpellCardRelease","ClowCardTheSweet","ClowCardTheJump","ClowCardTheMove","ClowCardTheFly+1","ClowCardTheBubbles","ClowCardTheShadow","ClowCardTheFight+1","ClowCardTheThunder","ClowCardTheDash","ClowCardTheShadow+1","ClowCardTheLibra","ClowCardTheReturn","ClowCardTheGlow","downfall:Bewildered","ClowCardTheDark","ClowCardTheFlower+1","ClowCardTheLight","ClowCardTheMove+1","ClowCardTheJump+1"],"relics":["KSMOD_SealedBook","KSMOD_StarWand","Anchor","Whetstone","MawBank","KSMOD_TaoistSuit","KSMOD_TouyasBicycle","hexamod:BolsterEngine","Potion Belt","Singing Bowl","Art of War","DollysMirror","Question Card","sneckomod:BabySnecko","SlaversCollar","Vajra","Strawberry","Blue Candle","Pen Nib","Bottled Tornado","Molten Egg 2"],"acts_visited":["Exordium","TheCity","TheBeyond","TheEnding"],"potions_floor_usage":[44,48],"damage_taken":[{"damage":0.0,"enemies":"Small Slimes","floor":1.0,"turns":3.0},{"damage":0.0,"enemies":"Cultist","floor":2.0,"turns":1.0},{"damage":1.0,"enemies":"2 Louse","floor":3.0,"turns":2.0},{"damage":6.0,"enemies":"Lots of Slimes","floor":4.0,"turns":2.0},{"damage":1.0,"enemies":"Exordium Thugs","floor":5.0,"turns":3.0},{"damage":30.0,"enemies":"Lagavulin","floor":6.0,"turns":5.0},{"damage":0.0,"enemies":"Exordium Wildlife","floor":7.0,"turns":2.0},{"damage":10.0,"enemies":"Gremlin Nob","floor":8.0,"turns":3.0},{"damage":0.0,"enemies":"Large Slime","floor":10.0,"turns":4.0},{"damage":0.0,"enemies":"3 Louse","floor":12.0,"turns":3.0},{"damage":5.0,"enemies":"3 Sentries","floor":14.0,"turns":3.0},{"damage":0.0,"enemies":"Slime Boss","floor":16.0,"turns":6.0},{"damage":0.0,"enemies":"3 Byrds","floor":18.0,"turns":3.0},{"damage":0.0,"enemies":"Spheric Guardian","floor":22.0,"turns":2.0},{"damage":43.0,"enemies":"Book of Stabbing","floor":23.0,"turns":7.0},{"damage":62.0,"enemies":"Slavers","floor":25.0,"turns":6.0},{"damage":25.0,"enemies":"Colosseum Slavers","floor":29.0,"turns":4.0},{"damage":14.0,"enemies":"Book of Stabbing","floor":30.0,"turns":5.0},{"damage":65.0,"enemies":"Collector","floor":33.0,"turns":13.0},{"damage":12.0,"enemies":"3 Shapes","floor":35.0,"turns":2.0},{"damage":49.0,"enemies":"3 Darklings","floor":39.0,"turns":5.0},{"damage":33,"enemies":"Giant Head","floor":40,"turns":6},{"damage":37,"enemies":"Nemesis","floor":42,"turns":7},{"damage":0,"enemies":"4 Shapes","floor":44,"turns":3},{"damage":0,"enemies":"Maw","floor":47,"turns":4},{"damage":19,"enemies":"Giant Head","floor":48,"turns":6},{"damage":46,"enemies":"Awakened One","floor":50,"turns":7},{"damage":76,"enemies":"Shield and Spear","floor":54,"turns":3}],"seed_played":"-4818291565428525231","potions_obtained":[{"floor":1.0,"key":"GamblersBrew"},{"floor":3.0,"key":"Fire Potion"},{"floor":5.0,"key":"SpeedPotion"},{"floor":12.0,"key":"FairyPotion"},{"floor":14.0,"key":"Dexterity Potion"},{"floor":16.0,"key":"LiquidBronze"},{"floor":23.0,"key":"ColorlessPotion"},{"floor":30.0,"key":"LiquidMemories"},{"floor":35.0,"key":"Fire Potion"},{"floor":39.0,"key":"Regen Potion"},{"floor":42,"key":"DistilledChaos"}],"is_trial":false,"path_per_floor":["M","M","M","M","M","E","M","E","T","M","R","M","?","E","R","B",null,"M","?","?","$","M","E","R","E","T","$","R","?","E","?","R","B",null,"M","?","$","?","M","E","R","E","T","M","$","R","M","E","R","B",null,"R","$","E"],"character_chosen":"KINOMOTOSAKURA","items_purchased":["Singing Bowl","Art of War","DollysMirror","ClowCardTheFloat","Vajra","Bottled Tornado"],"campfire_rested":5,"item_purchase_floors":[27,27,27,27,37,45],"current_hp_per_floor":[63,63,67,61,60,35,35,25,25,30,30,30,30,25,46,46,64,64,51,51,51,51,13,35,22,22,22,44,19,18,18,41,31,66,54,73,73,73,75,49,74,46,46,53,53,53,53,52,52,11,70,70,70,0,0],"gold":108,"neow_bonus":"ONE_RANDOM_RARE_CARD","is_daily":false,"chose_seed":false,"campfire_upgraded":3,"win_rate":0.0,"timestamp":1614204072,"path_taken":["M","M","M","M","M","E","M","E","T","M","R","M","?","E","R","BOSS","M","?","?","$","?","E","R","E","T","?","R","?","E","?","R","BOSS","M","?","$","?","M","E","R","E","T","M","?","R","M","E","R","BOSS","R","$","E"],"items_purchased_type":["Relic","Relic","Relic","Card","Relic","Relic"],"build_version":"2020-12-22","purchased_purges":1,"victory":false,"max_hp_per_floor":[70,70,70,70,70,70,70,70,70,70,70,70,70,70,70,70,70,70,75,75,75,75,75,75,75,75,75,75,75,77,77,77,77,77,77,77,77,77,79,86,86,86,86,88,88,88,88,90,90,90,90,90,90,90,90],"card_choices":[{"not_picked":["ClowCardTheBig","ClowCardTheMove"],"picked":"ClowCardTheSweet","floor":1.0},{"not_picked":["ClowCardThePower","ClowCardTheChange"],"picked":"ClowCardTheJump","floor":2.0},{"not_picked":["ClowCardTheSand","ClowCardTheShot"],"picked":"ClowCardTheMove","floor":3.0},{"not_picked":["ClowCardTheVoice","ClowCardThePower"],"picked":"ClowCardTheMove","floor":4.0},{"not_picked":["ClowCardTheLibra","ClowCardTheSleep"],"picked":"ClowCardTheFly","floor":5.0},{"not_picked":["ClowCardTheShot","ClowCardTheFlower"],"picked":"ClowCardTheCreate","floor":6.0},{"not_picked":["ClowCardTheEarthy","ClowCardTheMaze"],"picked":"ClowCardTheGlow","floor":7.0},{"not_picked":["ClowCardTheEarthy","ClowCardTheErase"],"picked":"ClowCardTheBubbles","floor":8.0},{"not_picked":["ClowCardTheSleep","ClowCardTheIllusion"],"picked":"ClowCardTheShadow","floor":10.0},{"not_picked":["ClowCardTheIllusion","ClowCardTheSilent"],"picked":"ClowCardTheFight","floor":12.0},{"not_picked":["ClowCardTheMaze","ClowCardTheBubbles"],"picked":"ClowCardTheThunder","floor":14.0},{"not_picked":["ClowCardTheThrough","ClowCardTheThunder"],"picked":"ClowCardTheDash","floor":16.0},{"not_picked":["ClowCardTheSilent","ClowCardTheLoop"],"picked":"ClowCardTheShadow+1","floor":18.0},{"not_picked":["ClowCardTheSong+1","ClowCardThePower+1","ClowCardTheIllusion"],"picked":"SKIP","floor":22.0},{"not_picked":["ClowCardTheIllusion","ClowCardThePower+1"],"picked":"ClowCardTheLibra","floor":23.0},{"not_picked":["ClowCardTheLock","ClowCardTheSnow"],"picked":"ClowCardTheReturn","floor":25.0},{"not_picked":["ClowCardTheLibra","ClowCardTheWave","ClowCardTheArrow"],"picked":"Singing Bowl","floor":30.0},{"not_picked":["ClowCardTheThrough","ClowCardTheDash","ClowCardTheReturn"],"picked":"ClowCardTheDark","floor":33.0},{"not_picked":["ClowCardTheVoice+1","ClowCardTheWatery+1","ClowCardTheMirror"],"picked":"ClowCardTheFlower+1","floor":35.0},{"not_picked":["ClowCardTheMist+1","ClowCardTheFly","ClowCardTheShot","ClowCardTheLibra"],"picked":"Singing Bowl","floor":39.0},{"not_picked":["ClowCardTheLibra+1","ClowCardTheShadow+1","ClowCardTheVoice+1"],"picked":"ClowCardTheLight","floor":40},{"not_picked":["ClowCardTheBig","ClowCardTheWindy+1","ClowCardTheFlower"],"picked":"ClowCardTheMove+1","floor":42},{"not_picked":["ClowCardTheCloud","ClowCardTheShadow","ClowCardTheLoop+1","ClowCardTheWood"],"picked":"Singing Bowl","floor":44},{"not_picked":["ClowCardTheSnow+1","ClowCardTheErase+1","ClowCardTheSand+1"],"picked":"ClowCardTheJump+1","floor":47},{"not_picked":["ClowCardTheSand+1","ClowCardTheSilent+1","ClowCardTheLoop","ClowCardTheJump"],"picked":"Singing Bowl","floor":48}],"player_experience":522398,"relics_obtained":[{"floor":6.0,"key":"Anchor"},{"floor":8.0,"key":"Whetstone"},{"floor":9.0,"key":"MawBank"},{"floor":10.0,"key":"KSMOD_TaoistSuit"},{"floor":14.0,"key":"KSMOD_TouyasBicycle"},{"floor":23.0,"key":"hexamod:BolsterEngine"},{"floor":25.0,"key":"Potion Belt"},{"floor":30.0,"key":"Question Card"},{"floor":40,"key":"Strawberry"},{"floor":42,"key":"Blue Candle"},{"floor":43,"key":"Pen Nib"},{"floor":48,"key":"Molten Egg 2"}],"event_choices":[{"damage_healed":0.0,"max_hp_gain":0.0,"max_hp_loss":0.0,"gold_gain":100.0,"event_name":"Golden Shrine","player_choice":"Pray","floor":13.0,"gold_loss":0.0,"damage_taken":0.0},{"damage_healed":0.0,"max_hp_gain":5.0,"max_hp_loss":0.0,"gold_gain":0.0,"event_name":"Forgotten Altar","player_choice":"Shed Blood","floor":19.0,"gold_loss":0.0,"damage_taken":18.0},{"damage_healed":0.0,"max_hp_gain":0.0,"max_hp_loss":0.0,"gold_gain":100.0,"event_name":"The Joust","player_choice":"Bet on Murderer","floor":20.0,"gold_loss":50.0,"damage_taken":0.0},{"damage_healed":0.0,"max_hp_gain":0.0,"max_hp_loss":0.0,"gold_gain":0.0,"event_name":"Colosseum","player_choice":"Fight","floor":29.0,"gold_loss":0.0,"damage_taken":0.0},{"damage_healed":0.0,"max_hp_gain":0.0,"max_hp_loss":0.0,"gold_gain":0.0,"event_name":"Colosseum","player_choice":"Fled From Nobs","floor":29.0,"gold_loss":0.0,"damage_taken":0.0},{"damage_healed":19.0,"max_hp_gain":0.0,"max_hp_loss":0.0,"gold_gain":0.0,"event_name":"Winding Halls","player_choice":"Writhe","floor":36.0,"gold_loss":0.0,"damage_taken":0.0,"cards_obtained":["Writhe"]},{"cards_removed":["ClowCardTheFloat"],"damage_healed":0.0,"max_hp_gain":0.0,"max_hp_loss":0.0,"gold_gain":0.0,"event_name":"Falling","player_choice":"Removed Power","floor":38.0,"gold_loss":0.0,"damage_taken":0.0}],"is_beta":false,"boss_relics":[{"not_picked":["SacredBark","Sozu"],"picked":"KSMOD_StarWand"},{"not_picked":["Runic Pyramid","Snecko Eye"],"picked":"SlaversCollar"}],"items_purged_floors":[37],"is_endless":false,"potions_floor_spawned":[1,3,5,12,14,16,23,29,30,35,39,42],"killed_by":"Shield and Spear","ascension_level":9}}