{"host":"hpdezpg731xgox4e","time":1614125249,"event":{"mods":["2.2 Compatiblity","Aspiration","BaseMod","Downfall","GifTheSpireLib","Minty Spire (QoL Compilation)","Shop Mod","StSLib"],"gold_per_floor":[99,110,110,128,145,145,227,241,241,258,274,300,29,43,60,159,159,159,169,169,169,169,179,179,29,44,29,42,62,62,62,81,183,183,183,200,218,218,218,253,279,299,299,299,299,299,320,320,347,347],"floor_reached":51,"language":"ENG","playtime":4096,"items_purged":["hexamod:Strike"],"score":748,"play_id":"a6fa24df-250e-4f44-955b-3b6e3b42263d","local_time":"20210223190729","is_ascension_mode":false,"campfire_choices":[{"data":"hexamod:TurnItUp","floor":1.0,"key":"SMITH"},{"data":"hexamod:SkipABeat","floor":9.0,"key":"SMITH"},{"data":"hexamod:TimeOfNeed","floor":18.0,"key":"SMITH"},{"data":"hexamod:CatchUp","floor":35.0,"key":"SMITH"},{"data":"hexamod:RainOfEmbers","floor":43.0,"key":"SMITH"}],"circlet_count":0,"master_deck":["hexamod:Sear","hexamod:Float+1","hexamod:TurnItUp+1","hexamod:FlamesFromBeyond","hexamod:SkipABeat+1","hexamod:SpectersWail","hexamod:HeatCrush","hexamod:NightmareStrike","hexamod:SwordOfDarkness","hexamod:WildfireWeapon","hexamod:SpectersWail","hexamod:StepThrough","hexamod:CatchUp+1","hexamod:TimeOfNeed+1","hexamod:SwordOfDarkness","hexamod:CouncilsJustice","hexamod:CouncilsJustice+1","hexamod:CouncilsJustice","Ghostly","Ghostly","Ghostly","hexamod:SpectersWail","hexamod:SpectersWail","hexamod:SpectersWail+1","hexamod:SpectersWail","hexamod:NightmareStrike","hexamod:NightmareGuise","hexamod:NightmareStrike","hexamod:RainOfEmbers+1","expansioncontent:PrepareCrush","hexamod:NightmareGuise+1","hexamod:NightmareGuise","Parasite","hexamod:Haunt"],"relics":["hexamod:SpiritBrand","Ancient Tea Set","Matryoshka","Bag of Marbles","Vajra","Bag of Preparation","aspiration:SecretTechniqueScroll","Potion Belt","aspiration:FetidBarrel","Bottled Lightning","hexamod:IceCube","Bottled Flame","Juzu Bracelet","aspiration:HiddenCompartment","hexamod:TheBrokenSeal"],"acts_visited":["Exordium","TheCity","TheBeyond"],"potions_floor_usage":[47,50],"damage_taken":[{"damage":1.0,"enemies":"Jaw Worm","floor":2.0,"turns":5.0},{"damage":0.0,"enemies":"2 Louse","floor":4.0,"turns":3.0},{"damage":0.0,"enemies":"Small Slimes","floor":5.0,"turns":3.0},{"damage":0.0,"enemies":"2 Fungi Beasts","floor":8.0,"turns":3.0},{"damage":0.0,"enemies":"Large Slime","floor":10.0,"turns":4.0},{"damage":1.0,"enemies":"Exordium Thugs","floor":11.0,"turns":4.0},{"damage":0.0,"enemies":"downfall:FleeingMerchant","floor":13.0,"turns":4.0},{"damage":0.0,"enemies":"Gremlin Gang","floor":14.0,"turns":1.0},{"damage":2.0,"enemies":"Blue Slaver","floor":15.0,"turns":2.0},{"damage":0.0,"enemies":"SI_SHIV_ARCHETYPE","floor":16.0,"turns":5.0},{"damage":5.0,"enemies":"downfall:LooterAlt2","floor":19.0,"turns":2.0},{"damage":5.0,"enemies":"Chosen","floor":23.0,"turns":3.0},{"damage":3.0,"enemies":"Shelled Parasite and Fungi","floor":26.0,"turns":2.0},{"damage":0.0,"enemies":"downfall:FleeingMerchant","floor":27.0,"turns":4.0},{"damage":3.0,"enemies":"Snake Plant","floor":28.0,"turns":3.0},{"damage":1.0,"enemies":"Centurion and Healer","floor":29.0,"turns":2.0},{"damage":5.0,"enemies":"Cultist and Chosen","floor":32.0,"turns":3.0},{"damage":25.0,"enemies":"DF_ARCHETYPE_CLAW","floor":33.0,"turns":4.0},{"damage":0.0,"enemies":"Orb Walker","floor":36.0,"turns":2.0},{"damage":0.0,"enemies":"3 Shapes","floor":37.0,"turns":3.0},{"damage":3.0,"enemies":"Nemesis","floor":40.0,"turns":7.0},{"damage":0.0,"enemies":"Transient","floor":42.0,"turns":5.0},{"damage":40,"enemies":"Jaw Worm Horde","floor":47,"turns":4},{"damage":24,"enemies":"Writhing Mass","floor":49,"turns":5},{"damage":16,"enemies":"WA_ARCHETYPE_DIVINITY","floor":50,"turns":9}],"seed_played":"-2156546727391903946","potions_obtained":[{"floor":4.0,"key":"Swift Potion"},{"floor":5.0,"key":"Weak Potion"},{"floor":8.0,"key":"SkillPotion"},{"floor":19.0,"key":"PowerPotion"},{"floor":28.0,"key":"Ancient Potion"},{"floor":29.0,"key":"champ:CounterPotion"},{"floor":31.0,"key":"hexamod:SoulburnPotion"},{"floor":33.0,"key":"Explosive Potion"},{"floor":37.0,"key":"SteroidPotion"},{"floor":47,"key":"DuplicationPotion"},{"floor":49,"key":"GamblersBrew"}],"is_trial":false,"path_per_floor":["R","M","?","M","M","?","T","M","R","M","M","T","$","M","M","B",null,"R","M","?","?","?","M","T","?","M","$","M","M","T","?","M","B",null,"R","M","M","?","T","E","T","M","R","?","?","?","M","?","M","B",null],"character_chosen":"THE_SPIRIT","items_purchased":["Bag of Preparation","hexamod:SpectersWail"],"campfire_rested":0,"item_purchase_floors":[13,13],"current_hp_per_floor":[70,69,44,44,44,44,44,44,44,44,43,43,43,43,41,41,70,70,65,35,35,35,30,30,45,42,42,39,38,38,38,33,8,45,45,45,45,45,45,45,45,45,45,45,45,45,12,39,22,40],"gold":347,"neow_bonus":"ONE_RANDOM_RARE_CARD","is_daily":false,"chose_seed":false,"campfire_upgraded":5,"win_rate":0.0,"timestamp":1614125249,"path_taken":["R","M","?","M","M","?","T","M","R","?","M","?","$","M","M","BOSS","R","M","?","?","?","?","T","?","M","$","?","M","?","?","M","BOSS","R","M","M","?","?","E","T","M","R","?","?","?","M","?","M","BOSS"],"items_purchased_type":["Relic","Card"],"build_version":"2020-12-22","purchased_purges":1,"victory":true,"max_hp_per_floor":[70,70,70,70,70,70,70,70,70,70,70,70,70,70,70,70,70,70,70,35,35,35,35,35,45,45,45,45,45,45,45,45,45,45,45,45,45,45,45,45,45,45,45,45,45,45,45,39,39,49],"card_choices":[{"not_picked":["hexamod:HeatMetal","hexamod:EtherealExpedition"],"picked":"hexamod:FlamesFromBeyond","floor":2.0},{"not_picked":["hexamod:SoulSteal","hexamod:DynamicBlow"],"picked":"hexamod:SkipABeat","floor":4.0},{"not_picked":["hexamod:InspiringFlames","hexamod:GhostShield"],"picked":"hexamod:SpectersWail","floor":5.0},{"not_picked":["hexamod:Hexaguard","hexamod:GhostOfSpirePast"],"picked":"hexamod:HeatCrush","floor":8.0},{"not_picked":["hexamod:HauntingEcho","hexamod:GhostOfSpirePast"],"picked":"hexamod:NightmareStrike","floor":10.0},{"not_picked":["hexamod:ThermalTransfer","hexamod:SpectralAdrenaline"],"picked":"hexamod:SwordOfDarkness","floor":11.0},{"not_picked":["hexamod:FlamesFromBeyond","hexamod:ThirdSeal"],"picked":"hexamod:WildfireWeapon","floor":13.0},{"not_picked":["hexamod:SecondSeal","hexamod:GhostShield"],"picked":"hexamod:StepThrough","floor":14.0},{"not_picked":["hexamod:Rewind","hexamod:GhostLash"],"picked":"hexamod:CatchUp","floor":15.0},{"not_picked":["hexamod:TimeWarp","hexamod:GiftsFromTheDead"],"picked":"hexamod:TimeOfNeed","floor":16.0},{"not_picked":["hexamod:PhantomFireball+1","hexamod:FirstSeal"],"picked":"hexamod:SwordOfDarkness","floor":19.0},{"not_picked":["hexamod:SwordOfDarkness","hexamod:BurningTouch"],"picked":"hexamod:SpectersWail","floor":23.0},{"not_picked":["hexamod:HauntingEcho","hexamod:SwordOfDarkness"],"picked":"hexamod:SpectersWail","floor":26.0},{"not_picked":["hexamod:HeatMetal","hexamod:RetreatToShadows"],"picked":"hexamod:SpectersWail+1","floor":27.0},{"not_picked":["hexamod:AdvancingGuard","hexamod:ExtraCrispy"],"picked":"hexamod:SpectersWail","floor":28.0},{"not_picked":["hexamod:BacktrackSmack","hexamod:AdvancingGuard"],"picked":"hexamod:FirstSeal","floor":29.0},{"not_picked":["hexamod:HeatMetal","hexamod:ExtraCrispy+1"],"picked":"hexamod:NightmareStrike","floor":32.0},{"not_picked":["hexamod:WildfireWeapon","hexamod:TimeOfNeed"],"picked":"hexamod:FifthSeal","floor":33.0},{"not_picked":["hexamod:InspiringFlames","hexamod:BacktrackSmack+1"],"picked":"hexamod:NightmareGuise","floor":36.0},{"not_picked":["hexamod:SecondSeal","hexamod:FourthSeal"],"picked":"hexamod:SixthSeal","floor":37.0},{"not_picked":["hexamod:FastForward","hexamod:HeatMetal+1"],"picked":"hexamod:FourthSeal","floor":37.0},{"not_picked":["hexamod:SecondSeal","hexamod:SixthSeal"],"picked":"hexamod:ThirdSeal","floor":40.0},{"not_picked":["hexamod:Rewind+1","hexamod:HauntingEcho"],"picked":"hexamod:NightmareStrike","floor":40.0},{"not_picked":["hexamod:FourthSeal","hexamod:FirstSeal"],"picked":"hexamod:SecondSeal","floor":42.0},{"not_picked":["hexamod:TimeWarp","hexamod:ShieldOfDarkness+1"],"picked":"hexamod:RainOfEmbers","floor":42.0},{"not_picked":["expansioncontent:PolyBeam","expansioncontent:YouAreMine"],"picked":"expansioncontent:PrepareCrush","floor":46.0},{"not_picked":["hexamod:ThirdSeal","hexamod:PhantomCloak"],"picked":"hexamod:NightmareGuise+1","floor":47},{"not_picked":["hexamod:Hexaguard","hexamod:BacktrackSmack"],"picked":"hexamod:NightmareGuise","floor":47},{"not_picked":["hexamod:SwordOfDarkness+1","hexamod:ThermalTransfer"],"picked":"hexamod:Haunt","floor":49}],"player_experience":108914,"relics_obtained":[{"floor":7.0,"key":"Matryoshka"},{"floor":12.0,"key":"Bag of Marbles"},{"floor":12.0,"key":"Vajra"},{"floor":24.0,"key":"Potion Belt"},{"floor":24.0,"key":"aspiration:FetidBarrel"},{"floor":30.0,"key":"Bottled Lightning"},{"floor":39.0,"key":"Bottled Flame"},{"floor":40.0,"key":"Juzu Bracelet"},{"floor":41.0,"key":"aspiration:HiddenCompartment"}],"event_choices":[{"damage_healed":0.0,"max_hp_gain":0.0,"max_hp_loss":0.0,"gold_gain":0.0,"event_name":"Scrap Ooze","player_choice":"Success","floor":3.0,"gold_loss":0.0,"damage_taken":25.0,"relics_obtained":["Ancient Tea Set"]},{"damage_healed":0.0,"max_hp_gain":0.0,"max_hp_loss":0.0,"gold_gain":0.0,"event_name":"Lab","player_choice":"Got Potions","floor":31.0,"gold_loss":0.0,"damage_taken":0.0},{"damage_healed":0.0,"max_hp_gain":0.0,"max_hp_loss":0.0,"gold_gain":0.0,"event_name":"Mysterious Sphere","player_choice":"Ignored","floor":44.0,"gold_loss":0.0,"damage_taken":0.0}],"is_beta":false,"boss_relics":[{"not_picked":["Fusion Hammer","Astrolabe"],"picked":"aspiration:SecretTechniqueScroll"},{"not_picked":["Cursed Key","aspiration:RunicSpoon"],"picked":"hexamod:IceCube"}],"items_purged_floors":[13],"is_endless":false,"potions_floor_spawned":[4,5,8,15,19,28,29,32,33,37,40,47],"ascension_level":0}}