{"host":"4ge9z8h6k0ioij78","time":1614173253,"event":{"mods":["AchievementEnabler","BaseMod","Colored Map","Colored Powertips","Custom Start","DeckTracker","Faster Ascension Climbing","Filter the Spire","Minty Spire (QoL Compilation)","SuperFastMode"],"gold_per_floor":[115,135,135,153,27,54,66,108,147,159,181,93,93,106,106,106,106],"floor_reached":16,"language":"KOR","playtime":505,"items_purged":["Blood for Blood","Blood for Blood"],"score":187,"play_id":"e1b1b3cb-b72b-4d85-b03a-b3efccffa17d","local_time":"20210224222733","is_ascension_mode":true,"campfire_choices":[{"data":"Whirlwind","floor":7.0,"key":"SMITH"},{"floor":13.0,"key":"REST"},{"data":"Limit Break","floor":15.0,"key":"SMITH"}],"circlet_count":0,"master_deck":["AscendersBane","Bash","Shrug It Off","Limit Break+1","Second Wind","Sentinel","Second Wind","Combust","Seeing Red","Whirlwind+1","Flex","Fiend Fire","Flex","Cleave","Flex"],"relics":["Pandora\u0027s Box","MawBank","Bag of Preparation","Potion Belt"],"acts_visited":["Exordium"],"potions_floor_usage":[16],"damage_taken":[{"damage":2.0,"enemies":"Jaw Worm","floor":1.0,"turns":4.0},{"damage":6.0,"enemies":"Cultist","floor":2.0,"turns":3.0},{"damage":6.0,"enemies":"2 Louse","floor":4.0,"turns":2.0},{"damage":22.0,"enemies":"3 Sentries","floor":6.0,"turns":4.0},{"damage":36.0,"enemies":"Lagavulin","floor":8.0,"turns":6.0},{"damage":0.0,"enemies":"2 Fungi Beasts","floor":11.0,"turns":3.0},{"damage":13.0,"enemies":"Large Slime","floor":14.0,"turns":4.0},{"damage":16,"enemies":"Hexaghost","floor":16,"turns":4}],"seed_played":"4976740947630113834","potions_obtained":[{"floor":2.0,"key":"SteroidPotion"},{"floor":6.0,"key":"ColorlessPotion"},{"floor":11.0,"key":"Energy Potion"}],"is_trial":false,"path_per_floor":["M","M","?","M","$","E","R","E","T","?","M","$","R","M","R","B"],"character_chosen":"IRONCLAD","items_purchased":["Flex"],"campfire_rested":1,"item_purchase_floors":[5],"current_hp_per_floor":[66,60,65,59,59,37,37,1,1,1,1,1,25,12,12,0,0],"gold":106,"neow_bonus":"BOSS_RELIC","is_daily":false,"chose_seed":false,"campfire_upgraded":2,"win_rate":0.0,"timestamp":1614173253,"path_taken":["M","M","?","M","$","E","R","E","T","?","?","$","R","M","R","BOSS"],"items_purchased_type":["Card"],"build_version":"2020-12-22","purchased_purges":2,"victory":false,"max_hp_per_floor":[75,75,80,80,80,80,80,80,80,80,80,80,80,80,80,80,80],"card_choices":[{"not_picked":["Twin Strike","Pommel Strike"],"picked":"Flex","floor":1.0},{"not_picked":["Fire Breathing","Shrug It Off","Perfected Strike"],"picked":"SKIP","floor":2.0},{"not_picked":["Body Slam","Warcry"],"picked":"Fiend Fire","floor":4.0},{"not_picked":["Ghostly Armor","Sever Soul"],"picked":"Cleave","floor":6.0},{"not_picked":["Combust","Body Slam"],"picked":"Thunderclap","floor":8.0},{"not_picked":["Cleave","Headbutt","Havoc"],"picked":"SKIP","floor":11.0},{"not_picked":["Dual Wield","Ghostly Armor"],"picked":"Flex","floor":14.0}],"player_experience":1376959,"relics_obtained":[{"floor":6.0,"key":"MawBank"},{"floor":8.0,"key":"Bag of Preparation"},{"floor":9.0,"key":"Potion Belt"}],"event_choices":[{"damage_healed":0.0,"max_hp_gain":5.0,"max_hp_loss":0.0,"gold_gain":0.0,"event_name":"Big Fish","player_choice":"Donut","floor":3.0,"gold_loss":0.0,"damage_taken":0.0},{"damage_healed":0.0,"max_hp_gain":0.0,"max_hp_loss":0.0,"gold_gain":0.0,"cards_transformed":["Thunderclap"],"event_name":"Transmorgrifier","player_choice":"Transformed","floor":10.0,"gold_loss":0.0,"damage_taken":0.0,"cards_obtained":["Blood for Blood"]}],"is_beta":false,"boss_relics":[],"items_purged_floors":[5,12],"is_endless":false,"potions_floor_spawned":[2,6,11],"killed_by":"Hexaghost","ascension_level":14}}