{"host":"0r455zfix56tawas","time":1614188546,"event":{"mods":["AlwaysNeverKeys","BaseMod","Colored Powertips","Downfall","Highlight Path","Minty Spire (QoL Compilation)","Permanent Neow","StSLib","The Necromancer","The Servant 0.9.4"],"gold_per_floor":[99,109,109,127,138,153,177,177,177,191,43,43,28,42,56,56,56,56],"floor_reached":16,"language":"ENG","playtime":656,"items_purged":[],"score":94,"play_id":"f50278c0-fee8-451c-b07a-33efb69b1fd6","local_time":"20210224184226","is_ascension_mode":false,"campfire_choices":[{"data":"Slimebound:Split","floor":1,"key":"SMITH"},{"data":"Slimebound:SplitMire","floor":9,"key":"SMITH"},{"data":"Slimebound:Defend_Slimebound","floor":12,"key":"SMITH"}],"circlet_count":0,"master_deck":["Slimebound:Tackle","Slimebound:Defend_Slimebound+1","Slimebound:Defend_Slimebound","Slimebound:Defend_Slimebound","Slimebound:Defend_Slimebound","Slimebound:Split+1","Slimebound:CorrosiveSpit","Slimebound:AcidTongue","Slimebound:TongueLash","Slimebound:RainOfGoop","Slimebound:SplitMire+1","Slimebound:RollThrough","Slimebound:MinionMaster","Slimebound:SlimeTap","Slimebound:LeechingTouch","Slimebound:LevelUp","Slimebound:LivingWall"],"relics":["Slimebound:AbsorbEndCombat","Regal Pillow"],"acts_visited":["Exordium"],"potions_floor_usage":[],"damage_taken":[{"damage":1,"enemies":"Jaw Worm","floor":2,"turns":3},{"damage":0,"enemies":"Cultist","floor":4,"turns":4},{"damage":3,"enemies":"2 Louse","floor":5,"turns":2},{"damage":6,"enemies":"Blue Slaver","floor":6,"turns":4},{"damage":26,"enemies":"Lots of Slimes","floor":10,"turns":6},{"damage":10,"enemies":"downfall:FleeingMerchant","floor":11,"turns":4},{"damage":10,"enemies":"downfall:FleeingMerchant","floor":13,"turns":4},{"damage":8,"enemies":"Red Slaver","floor":14,"turns":4},{"damage":17,"enemies":"Exordium Thugs","floor":15,"turns":6},{"damage":25,"enemies":"IC_STATUS_ARCHETYPE","floor":16,"turns":4}],"seed_played":"-3317566701980409930","potions_obtained":[{"floor":2,"key":"CultistPotion"},{"floor":5,"key":"SkillPotion"},{"floor":10,"key":"Regen Potion"}],"is_trial":false,"path_per_floor":["R","M","?","M","M","M","T","?","R","M","$","R","$","M","M","B"],"character_chosen":"SLIMEBOUND","items_purchased":["Slimebound:SlimeTap","Slimebound:LeechingTouch"],"campfire_rested":0,"item_purchase_floors":[11,11],"current_hp_per_floor":[65,65,65,65,64,60,60,60,60,42,38,38,34,30,21,0,0,0],"gold":56,"neow_bonus":"REMOVE_CARD","is_daily":false,"chose_seed":false,"campfire_upgraded":3,"win_rate":0.0,"timestamp":1614188546,"path_taken":["R","M","?","M","M","?","T","?","R","M","$","R","$","M","M","BOSS"],"items_purchased_type":["Card","Card"],"build_version":"2020-12-22","purchased_purges":0,"victory":false,"max_hp_per_floor":[65,65,65,65,65,65,65,65,65,65,65,65,65,65,65,65,65,65],"card_choices":[{"not_picked":["Slimebound:SamplingLick","Slimebound:FinishingTackle"],"picked":"Slimebound:AcidTongue","floor":2},{"not_picked":["Slimebound:GoopTackle","Slimebound:GrowthPunch"],"picked":"Slimebound:RainOfGoop","floor":4},{"not_picked":["Slimebound:SplitAcid","Slimebound:Repurpose"],"picked":"Slimebound:SplitMire","floor":5},{"not_picked":["Slimebound:Grow","Slimebound:ForwardTackle","Slimebound:ComboTackle"],"picked":"SKIP","floor":6},{"not_picked":["Slimebound:LivingWall","Slimebound:SlimeSpikes"],"picked":"Slimebound:RollThrough","floor":10},{"not_picked":["Slimebound:LeechEnergy","Slimebound:ProtectTheBoss"],"picked":"Slimebound:MinionMaster","floor":11},{"not_picked":["Slimebound:ProtectTheBoss","Slimebound:Schlurp"],"picked":"Slimebound:LevelUp","floor":13},{"not_picked":["Slimebound:SplitBruiser","Slimebound:SlimeBrawl"],"picked":"Slimebound:LivingWall","floor":14},{"not_picked":["Slimebound:SplitLeeching","Slimebound:SlimeBarrage","Slimebound:TongueLash"],"picked":"SKIP","floor":15}],"player_experience":1033883,"relics_obtained":[{"floor":7,"key":"Regal Pillow"}],"event_choices":[{"cards_removed":["Slimebound:Strike_Slimebound"],"damage_healed":0,"gold_gain":0,"player_choice":"Card Removal","damage_taken":0,"max_hp_gain":0,"max_hp_loss":0,"event_name":"The Cleric","floor":8,"gold_loss":0}],"is_beta":false,"boss_relics":[],"items_purged_floors":[],"is_endless":false,"potions_floor_spawned":[2,5,6,10,14],"killed_by":"IC_STATUS_ARCHETYPE","ascension_level":0}}