{"host":"t9zjxed0utvsfjwc","time":1614151758,"event":{"mods":["2.2 Compatiblity","A Penny For Your Troubles","Act Like it!","Aspiration","BaseMod","Bestiary","Better Altar","Better Match","Better Note","Better Sensory Stone","Better Skull","Better Synergies","Better Third Choice","Better Vampires","BetterRewards","Block Reminder","Bossed Relics","Colored Map","Colored Powertips","Conspire","Defuse TimeMaze Blight","Downfall","Energized Spire","Friendly Minions","GifTheSpireLib","Hermit","Highlight Path","Hubris","Infinite Spire","Minty Spire (QoL Compilation)","Quick Restart","Rare Cards Sparkle","Relic Sorter","Relic Stats","Reliquary","Replay The Spire","StS++","StSLib","Stuff the Spire","The Hierophant","Unceasing Turn Reminder","Wandering Minibosses","everything is the same but u backflip on backflip"],"gold_per_floor":[116,116,135,60,60,60,91,91,91,103,121,152,171,25,25,25,25],"floor_reached":16,"language":"ENG","playtime":1070,"items_purged":["Strike_R"],"score":116,"play_id":"ed137988-c444-4118-aa69-66706fb87468","local_time":"20210224072918","is_ascension_mode":true,"campfire_choices":[{"data":"StuffTheSpire:RockThrow","floor":6,"key":"SMITH"},{"data":"True Grit","floor":8,"key":"SMITH"},{"floor":15,"key":"REST"}],"circlet_count":0,"master_deck":["Strike_R","Strike_R","Strike_R","Defend_R","Defend_R","Defend_R","Defend_R","Bash","Wild Strike","StuffTheSpire:RockThrow+1","Combust","True Grit+1","ReplayTheSpireMod:Strike From Hell","True Grit+1"],"relics":["Burning Blood","aspiration:Nostalgia","Replay:M_StaffOfTheSnake","Replay:Ringing Soul","White Beast Statue","DollysMirror"],"acts_visited":["Exordium"],"potions_floor_usage":[1,12,12,12],"damage_taken":[{"damage":11,"enemies":"Jaw Worm","floor":1,"turns":3},{"damage":1,"enemies":"Cultist","floor":3,"turns":3},{"damage":33,"enemies":"Replay:BlueRogue","floor":7,"turns":5},{"damage":20,"enemies":"infinitespire:Voidling","floor":10,"turns":4},{"damage":8,"enemies":"Red Slaver","floor":11,"turns":3},{"damage":23,"enemies":"Gremlin Nob","floor":12,"turns":4},{"damage":3,"enemies":"Looter","floor":13,"turns":3},{"damage":51,"enemies":"The Guardian","floor":16,"turns":7}],"seed_played":"-4532752336613573203","potions_obtained":[{"floor":1,"key":"Fruit Juice"},{"floor":7,"key":"Explosive Potion"},{"floor":10,"key":"EssenceOfSteel"},{"floor":11,"key":"Adrenaline Potion"},{"floor":12,"key":"sneckomod:MuddlingPotion"},{"floor":13,"key":"Cursed Concoction"}],"is_trial":false,"path_per_floor":["M","?","M","$","?","R","E","R","T","M","M","E","M","$","R","B"],"character_chosen":"IRONCLAD","items_purchased":["DollysMirror"],"campfire_rested":1,"item_purchase_floors":[14],"current_hp_per_floor":[80,80,85,85,85,85,61,61,61,54,52,35,38,41,69,18,18],"gold":25,"neow_bonus":"NOSTALGIA","is_daily":false,"chose_seed":false,"campfire_upgraded":2,"win_rate":0.0,"timestamp":1614151758,"path_taken":["M","?","M","$","?","R","E","R","T","?","?","E","M","$","R","BOSS"],"items_purchased_type":["Relic"],"build_version":"2020-12-22","purchased_purges":1,"victory":false,"max_hp_per_floor":[85,85,85,85,85,85,88,88,88,91,91,91,91,94,94,94,94],"relic_stats":{"counters":[8,32],"obtain_stats":[{"Replay:Ringing Soul":7,"Replay:M_StaffOfTheSnake":0,"aspiration:Nostalgia":0,"DollysMirror":14,"Burning Blood":0,"White Beast Statue":9},{"Replay:Ringing Soul":3,"Replay:M_StaffOfTheSnake":0,"aspiration:Nostalgia":0,"DollysMirror":7,"Burning Blood":0,"White Beast Statue":3},{"Replay:Ringing Soul":11,"Replay:M_StaffOfTheSnake":0,"aspiration:Nostalgia":0,"DollysMirror":25,"Burning Blood":0,"White Beast Statue":11}],"Burning Blood":42},"card_choices":[{"not_picked":["ReplayTheSpireMod:Muscle Training","True Grit"],"picked":"Wild Strike","floor":1},{"not_picked":["ClearTheMind","Outmaneuver"],"picked":"Combust","floor":3},{"not_picked":["Cleave","ReplayTheSpireMod:Limb From Limb"],"picked":"True Grit","floor":7},{"not_picked":["hubris:ReadiedAction","Dagger Throw"],"picked":"ReplayTheSpireMod:Strike From Hell","floor":10},{"not_picked":["SashWhip","Crescendo","Run Through"],"picked":"SKIP","floor":11},{"not_picked":["Infernal Blade","Massacre","Berserk"],"picked":"SKIP","floor":12},{"not_picked":["ThirdEye","Havoc","StuffTheSpire:RockThrow"],"picked":"SKIP","floor":13}],"player_experience":551086,"relics_obtained":[{"floor":7,"key":"Replay:Ringing Soul"},{"floor":9,"key":"White Beast Statue"}],"event_choices":[{"cards_removed":["Strike_R"],"damage_healed":0,"gold_gain":0,"player_choice":"Purged","damage_taken":0,"max_hp_gain":0,"max_hp_loss":0,"event_name":"Purifier","floor":5,"gold_loss":0}],"is_beta":false,"boss_relics":[],"items_purged_floors":[4],"is_endless":false,"potions_floor_spawned":[1,7,10,11,12,13],"killed_by":"The Guardian","ascension_level":1}}