{"host":"fwdkxxz7291ipt0p","time":1614143658,"event":{"mods":["Act Like it!","BaseMod","Bossed Relics","Energized Spire","Marked Mod","Minty Spire (QoL Compilation)","Relic Filter Mod","StSLib","The Alterego","The Animator","The Hierophant","The Mystic","The Runesmith","Youmu£®ªÍ∆«—˝√Œ£©"],"gold_per_floor":[114,134,309,86,104,104,116,143,190,190,190,190,201,101,101,202,202,221,96,111,36,48,48,77,77,77,77,96,146,146,166,166,262,262,277,294,310,160,160,160,140,140,140,0,0,20,20,33,33,33],"floor_reached":51,"language":"ZHS","playtime":7019,"items_purged":["Doubt","alterego_mod:Strike","alterego_mod:Smother","alterego_mod:Strike"],"score":740,"play_id":"b48d809b-0dab-4460-9ab5-0ba71ee924dc","local_time":"20210224131418","is_ascension_mode":false,"campfire_choices":[{"data":"alterego_mod:Impale","floor":6.0,"key":"SMITH"},{"data":"alterego_mod:Nekomimi","floor":10.0,"key":"SMITH"},{"data":"alterego_mod:BigMeatyClaws","floor":15.0,"key":"SMITH"},{"data":"alterego_mod:ChallengeComplete","floor":23.0,"key":"SMITH"},{"floor":25.0,"key":"DIG"},{"data":"alterego_mod:TrickOrTreatment","floor":30.0,"key":"SMITH"},{"data":"alterego_mod:BustOut","floor":32.0,"key":"SMITH"},{"data":"alterego_mod:Cushion","floor":40.0,"key":"SMITH"},{"data":"alterego_mod:1TonWallop","floor":47.0,"key":"SMITH"},{"data":"alterego_mod:SakuraFive","floor":49,"key":"SMITH"}],"circlet_count":0,"master_deck":["alterego_mod:Defend","alterego_mod:Defend","alterego_mod:Defend","alterego_mod:Defend","alterego_mod:Impale+1","alterego_mod:BigMeatyClaws+1","alterego_mod:BrynhildrsRune","alterego_mod:ChallengeComplete+1","alterego_mod:1TonWallop+1","alterego_mod:BeGentle","alterego_mod:Nekomimi+1","alterego_mod:Cushion+1","alterego_mod:SakuraFive+1","alterego_mod:TrickOrTreatment+1","alterego_mod:AlterEgo","CurseOfTheBell","alterego_mod:Birthday","alterego_mod:BustOut+1","alterego_mod:Mirror+1","alterego_mod:Belts+1"],"relics":["alterego_mod:MasochisticConstitution","Oddly Smooth Stone","InkBottle","Juzu Bracelet","Calling Bell","Vajra","Mummified Hand","Shovel","Boot","Pen Nib","Gremlin Horn","Empty Cage","Ornamental Fan","Red Mask","Darkstone Periapt"],"acts_visited":["Exordium","TheCity","TheBeyond"],"potions_floor_usage":[50],"damage_taken":[{"damage":5.0,"enemies":"Small Slimes","floor":1.0,"turns":4.0},{"damage":0.0,"enemies":"Jaw Worm","floor":2.0,"turns":7.0},{"damage":8.0,"enemies":"2 Louse","floor":5.0,"turns":3.0},{"damage":4.0,"enemies":"Lots of Slimes","floor":7.0,"turns":1.0},{"damage":24.0,"enemies":"Lagavulin","floor":8.0,"turns":9.0},{"damage":7.0,"enemies":"Gremlin Gang","floor":13.0,"turns":7.0},{"damage":17.0,"enemies":"Slime Boss","floor":16.0,"turns":10.0},{"damage":23.0,"enemies":"2 Thieves","floor":18.0,"turns":6.0},{"damage":4.0,"enemies":"Chosen","floor":20.0,"turns":5.0},{"damage":9.0,"enemies":"Snake Plant","floor":22.0,"turns":5.0},{"damage":47.0,"enemies":"Slavers","floor":24.0,"turns":11.0},{"damage":0.0,"enemies":"Snecko","floor":28.0,"turns":3.0},{"damage":0.0,"enemies":"Shelled Parasite and Fungi","floor":31.0,"turns":6.0},{"damage":37.0,"enemies":"Collector","floor":33.0,"turns":8.0},{"damage":23.0,"enemies":"3 Shapes","floor":35.0,"turns":8.0},{"damage":29.0,"enemies":"Orb Walker","floor":36.0,"turns":4.0},{"damage":15.0,"enemies":"Writhing Mass","floor":37.0,"turns":8.0},{"damage":0.0,"enemies":"Maw","floor":46.0,"turns":7.0},{"damage":0.0,"enemies":"Sphere and 2 Shapes","floor":48.0,"turns":12.0},{"damage":18,"enemies":"Donu and Deca","floor":50,"turns":7}],"seed_played":"2301317793882207255","potions_obtained":[{"floor":1.0,"key":"BlessingOfTheForge"},{"floor":2.0,"key":"EssenceOfSteel"},{"floor":16.0,"key":"ColorlessPotion"},{"floor":22.0,"key":"FearPotion"},{"floor":28.0,"key":"Strength Potion"},{"floor":31.0,"key":"FairyPotion"},{"floor":37.0,"key":"Fruit Juice"},{"floor":41.0,"key":"Strength Potion"}],"is_trial":false,"path_per_floor":["M","M","?","$","M","R","M","E","T","R","?","?","M","$","R","B",null,"M","$","M","?","M","R","E","R","T","$","M","?","R","M","R","B",null,"M","M","M","$","$","R","?","$","T","?","T","M","R","M","R","B",null],"character_chosen":"The_Alterego","items_purchased":["Oddly Smooth Stone"],"campfire_rested":0,"item_purchase_floors":[4],"current_hp_per_floor":[73,78,78,78,71,71,68,45,45,45,45,45,39,39,39,33,83,83,83,80,80,74,74,37,37,37,37,39,39,39,56,56,22,88,68,57,70,70,70,70,70,70,70,70,70,92,92,96,96,79],"gold":33,"neow_bonus":"TEN_PERCENT_HP_BONUS","is_daily":false,"chose_seed":false,"campfire_upgraded":9,"win_rate":0.0,"timestamp":1614143658,"path_taken":["M","M","?","$","M","R","M","E","T","R","?","?","M","$","R","BOSS","M","$","M","?","M","R","E","R","T","$","M","?","R","M","R","BOSS","M","M","M","?","$","R","?","?","T","?","?","M","R","M","R","BOSS"],"items_purchased_type":["Relic"],"build_version":"2020-12-22","purchased_purges":4,"victory":true,"max_hp_per_floor":[78,78,78,78,79,79,80,81,81,81,81,81,82,82,82,83,83,84,84,85,85,86,86,87,87,87,87,87,87,87,87,87,88,88,89,90,96,96,96,96,96,96,96,96,96,96,96,96,96,97],"card_choices":[{"not_picked":["alterego_mod:DeftHands","alterego_mod:Pet"],"picked":"alterego_mod:ChallengeComplete","floor":1.0},{"not_picked":["alterego_mod:HighServant","alterego_mod:Birthday"],"picked":"alterego_mod:1TonWallop","floor":2.0},{"not_picked":["alterego_mod:BreastValley","alterego_mod:DeftHands","alterego_mod:Schoolgirl"],"picked":"SKIP","floor":5.0},{"not_picked":["alterego_mod:TrashNCrash","alterego_mod:Complex"],"picked":"alterego_mod:BeGentle","floor":7.0},{"not_picked":["alterego_mod:Smother","alterego_mod:Cooking"],"picked":"alterego_mod:Nekomimi","floor":8.0},{"not_picked":["alterego_mod:Clap","alterego_mod:Nekomimi","alterego_mod:InsideBaseball"],"picked":"SKIP","floor":13.0},{"not_picked":["alterego_mod:BrynhildrRomantia","alterego_mod:RingBreak"],"picked":"alterego_mod:AlterEgo","floor":16.0},{"not_picked":["alterego_mod:SakuraPetals","alterego_mod:SuperDuperMasochism+1","alterego_mod:DiscoLights"],"picked":"SKIP","floor":18.0},{"not_picked":["alterego_mod:Bunnysuit","alterego_mod:Punishment+1"],"picked":"alterego_mod:Birthday","floor":20.0},{"not_picked":["alterego_mod:Bloomers","alterego_mod:BiFurious","alterego_mod:Jiggle"],"picked":"SKIP","floor":22.0},{"not_picked":["alterego_mod:BoobPocket+1","alterego_mod:Valentines","alterego_mod:Cooking+1"],"picked":"SKIP","floor":24.0},{"not_picked":["alterego_mod:1TonWallop+1","alterego_mod:Bounce","alterego_mod:Bunnysuit+1"],"picked":"SKIP","floor":28.0},{"not_picked":["alterego_mod:1TonWallop+1","alterego_mod:Bounce","alterego_mod:Bunnysuit+1"],"picked":"SKIP","floor":28.0},{"not_picked":["alterego_mod:Punishment","alterego_mod:GoddessCore"],"picked":"alterego_mod:BustOut","floor":31.0},{"not_picked":["alterego_mod:BiFurious+1","alterego_mod:Clap"],"picked":"alterego_mod:Mirror+1","floor":35.0},{"not_picked":["alterego_mod:Skirt","alterego_mod:Undulate"],"picked":"alterego_mod:Belts+1","floor":36.0},{"not_picked":["alterego_mod:DiscoLights","alterego_mod:Mirror+1","alterego_mod:Table"],"picked":"SKIP","floor":37.0},{"not_picked":["alterego_mod:Mirror+1","alterego_mod:SakuraLabyrinth","alterego_mod:Cushion"],"picked":"SKIP","floor":46.0},{"not_picked":["alterego_mod:DiscoLights","alterego_mod:DeftHands+1","alterego_mod:Lift"],"picked":"SKIP","floor":48.0}],"player_experience":557241,"relics_obtained":[{"floor":8.0,"key":"InkBottle"},{"floor":9.0,"key":"Juzu Bracelet"},{"floor":17.0,"key":"Vajra"},{"floor":17.0,"key":"Mummified Hand"},{"floor":17.0,"key":"Shovel"},{"floor":24.0,"key":"Boot"},{"floor":25.0,"key":"Pen Nib"},{"floor":26.0,"key":"Gremlin Horn"},{"floor":43.0,"key":"Ornamental Fan"},{"floor":45.0,"key":"Darkstone Periapt"}],"event_choices":[{"damage_healed":0.0,"max_hp_gain":0.0,"max_hp_loss":0.0,"gold_gain":175.0,"event_name":"Liars Game","player_choice":"AGREE","floor":3.0,"gold_loss":0.0,"damage_taken":0.0,"cards_obtained":["Doubt"]},{"damage_healed":0.0,"max_hp_gain":0.0,"max_hp_loss":0.0,"gold_gain":0.0,"event_name":"Dead Adventurer","player_choice":"Searched \u00270\u0027 times","floor":11.0,"gold_loss":0.0,"damage_taken":0.0},{"cards_removed":["alterego_mod:Strike"],"damage_healed":0.0,"max_hp_gain":0.0,"max_hp_loss":0.0,"gold_gain":0.0,"event_name":"Beggar","player_choice":"Gave Gold","floor":21.0,"gold_loss":75.0,"damage_taken":0.0},{"damage_healed":0.0,"max_hp_gain":0.0,"max_hp_loss":0.0,"gold_gain":100.0,"event_name":"The Joust","player_choice":"Bet on Murderer","floor":29.0,"gold_loss":50.0,"damage_taken":0.0},{"damage_healed":0.0,"max_hp_gain":0.0,"max_hp_loss":0.0,"gold_gain":0.0,"event_name":"The Woman in Blue","player_choice":"Bought 1 Potion","floor":41.0,"gold_loss":0.0,"damage_taken":0.0},{"damage_healed":0.0,"max_hp_gain":0.0,"max_hp_loss":0.0,"gold_gain":0.0,"event_name":"Tomb of Lord Red Mask","player_choice":"Paid","floor":44.0,"gold_loss":140.0,"damage_taken":0.0,"relics_obtained":["Red Mask"]}],"is_beta":false,"boss_relics":[{"not_picked":["Cursed Key","energizedSpire:RedRose"],"picked":"Calling Bell"},{"not_picked":["SlaversCollar","energizedSpire:HugeHouse"],"picked":"Empty Cage"}],"items_purged_floors":[4,14,19,38],"is_endless":false,"potions_floor_spawned":[1,2,16,22,28,31,35,37,46],"ascension_level":0}}