{"host":"9gt1gyw31qbqqib1","time":1614200430,"event":{"mods":["AchievementEnabler","BaseMod","Better Sensory Stone","BetterRewards","Colored Map","Colored Powertips","Downfall","Fox Events","Highlight Path","Infinite Spire","Ironclad Rager","Marked Mod","Minty Spire (QoL Compilation)","Permanent Neow","Rare Cards Sparkle","Spicy Shops","StSLib","The Marked"],"gold_per_floor":[99,99,99,99,112,212,238,257,157,177,192,192,203,218,228,324,324,324,336,352,370,384,384,384,384,384,47,61,61,61,61,61],"floor_reached":30,"language":"ENG","playtime":1636,"items_purged":["bronze:Strike"],"score":224,"play_id":"595f8f89-f301-430e-b0e1-c360d9028ca2","local_time":"20210224220030","is_ascension_mode":false,"campfire_choices":[{"data":"bronze:Replicate","floor":1,"key":"SMITH"},{"data":"infinitespire:Starlight","floor":9,"key":"SMITH"},{"data":"bronze:Overload","floor":12,"key":"SMITH"},{"data":"bronze:CleanCode","floor":18,"key":"SMITH"},{"floor":26,"key":"RECALL"},{"data":"bronze:Flail","floor":29,"key":"SMITH"}],"circlet_count":0,"master_deck":["bronze:Strike","bronze:Strike","bronze:Strike","bronze:Defend","bronze:Defend","bronze:Defend","bronze:Replicate+1","bronze:Goto+1","bronze:CleanCode+1","infinitespire:Starlight+1","bronze:ClassDefault","bronze:NullPointer","bronze:Optimize","bronze:Overload+1","bronze:Flail+1","bronze:DigitalCarnage","bronze:HyperBeam","infinitespire:Gouge","bronze:Overheat","bronze:ForLoop+1"],"relics":["bronze:BronzeCore","downfall:GremlinWheel","downfall:HeartBlessingBlue","SlaversCollar","bronze:PlatinumCore","Eternal Feather","Frozen Eye","Bottled Flame"],"acts_visited":["Exordium","TheCity"],"potions_floor_usage":[8,11,13,28,30],"damage_taken":[{"damage":0,"enemies":"2 Louse","floor":5,"turns":3},{"damage":61,"enemies":"2 Louse","floor":6,"turns":7},{"damage":7,"enemies":"Small Slimes","floor":8,"turns":3},{"damage":6,"enemies":"infinitespire:Voidling","floor":10,"turns":3},{"damage":5,"enemies":"3 Louse","floor":11,"turns":3},{"damage":29,"enemies":"Gremlin Gang","floor":13,"turns":7},{"damage":1,"enemies":"2 Fungi Beasts","floor":14,"turns":3},{"damage":5,"enemies":"downfall:LooterAlt","floor":15,"turns":4},{"damage":24,"enemies":"SI_SHIV_ARCHETYPE","floor":16,"turns":8},{"damage":22,"enemies":"Spheric Guardian","floor":19,"turns":4},{"damage":45,"enemies":"downfall:LooterAlt2","floor":20,"turns":6},{"damage":41,"enemies":"Snake Plant","floor":21,"turns":5},{"damage":19,"enemies":"Sentry and Sphere","floor":22,"turns":4},{"damage":10,"enemies":"downfall:FleeingMerchant","floor":27,"turns":4},{"damage":18,"enemies":"Shelled Parasite and Fungi","floor":28,"turns":4},{"damage":52,"enemies":"Slavers","floor":30,"turns":2}],"seed_played":"-256989345914973965","potions_obtained":[{"floor":6,"key":"AttackPotion"},{"floor":10,"key":"Fire Potion"},{"floor":11,"key":"DistilledChaos"},{"floor":14,"key":"EssenceOfSteel"},{"floor":15,"key":"FairyPotion"},{"floor":22,"key":"Weak Potion"}],"is_trial":false,"path_per_floor":["R","?","?","?","M","?","T","M","R","M","M","R","M","M","M","B",null,"R","M","M","M","M","AVR","T","?","R","$","M","R","E"],"character_chosen":"THE_AUTOMATON","items_purchased":["Frozen Eye","Bottled Flame"],"campfire_rested":0,"item_purchase_floors":[27,27],"current_hp_per_floor":[70,70,70,53,63,9,9,12,22,35,45,45,31,45,40,31,80,80,58,28,2,24,24,24,24,33,38,35,47,0,0,0],"gold":61,"neow_bonus":"ONE_RANDOM_RARE_CARD","is_daily":false,"chose_seed":false,"campfire_upgraded":5,"win_rate":0.0,"timestamp":1614200430,"path_taken":["R","?","?","?","M","?","T","M","R","M","M","R","M","?","M","BOSS","R","M","M","M","M","AVR","T","?","R","$","?","R","E"],"items_purchased_type":["Relic","Relic"],"build_version":"2020-12-22","purchased_purges":1,"victory":false,"max_hp_per_floor":[70,70,70,70,70,70,70,70,80,80,80,80,80,80,80,80,80,80,80,80,80,80,80,80,80,80,80,80,80,80,80,80],"card_choices":[{"not_picked":["infinitespire:FutureSight","infinitespire:FinalStrike"],"picked":"infinitespire:Starlight","floor":4},{"not_picked":["bronze:Philosophize","bronze:Invalidate"],"picked":"bronze:ClassDefault","floor":5},{"not_picked":["bronze:WhirlingStrike","bronze:CutThrough"],"picked":"bronze:NullPointer","floor":8},{"not_picked":["bronze:FineTuning","bronze:Backtrace"],"picked":"bronze:Optimize","floor":10},{"not_picked":["bronze:BitShift","bronze:Branch"],"picked":"bronze:Overload","floor":11},{"not_picked":["bronze:Shell","bronze:Overheat"],"picked":"bronze:Flail","floor":13},{"not_picked":["bronze:CutThrough","bronze:WhirlingStrike"],"picked":"bronze:DigitalCarnage","floor":14},{"not_picked":["bronze:DelayedGuard","bronze:BronzeArmor","bronze:Safeguard"],"picked":"SKIP","floor":15},{"not_picked":["bronze:RecursiveStrike","bronze:Mutator"],"picked":"bronze:HyperBeam","floor":16},{"not_picked":["bronze:BuggyMess","bronze:Frontload","bronze:Iterate"],"picked":"SKIP","floor":19},{"not_picked":["bronze:Shield","bronze:DarkDash","bronze:ChildClass"],"picked":"SKIP","floor":20},{"not_picked":["bronze:BitShift","bronze:Deprecate","bronze:Iterate+1"],"picked":"SKIP","floor":21},{"not_picked":["bronze:BronzeOrb+1","bronze:BuggyMess","bronze:Repair+1"],"picked":"SKIP","floor":22},{"not_picked":["bronze:WhirlingStrike","bronze:DelayedSlice+1"],"picked":"bronze:Overheat","floor":27},{"not_picked":["bronze:BugBarrage","bronze:BronzeOrb"],"picked":"bronze:ForLoop+1","floor":28}],"player_experience":257935,"relics_obtained":[{"floor":6,"key":"downfall:GremlinWheel"},{"floor":24,"key":"Eternal Feather"}],"event_choices":[],"is_beta":false,"boss_relics":[{"not_picked":["Busted Crown","Tiny House"],"picked":"SlaversCollar"}],"items_purged_floors":[23],"is_endless":false,"potions_floor_spawned":[6,10,11,14,15,22],"killed_by":"Slavers","ascension_level":0}}