{"host":"yam1wfjwvpwz1503","time":1614181302,"event":{"mods":["Act Like it!","Aspiration","Bard","BaseMod","Beaked The Cultist","Colored Powertips","Custom Start","Downfall","Friendly Minions","Hallownest","Hermit","Highlight Path","Hubris","Infinite Spire","Lobotomy","Minty Spire (QoL Compilation)","Quick Restart","Random Character Button","Replay The Spire","Shop Mod","StSLib","The Bug Knight","The Cursed","The Disciple","The Jungle","The Kombatant","The Runesmith"],"gold_per_floor":[99,110,126,126,139,153,230,249,264,264,291,311,311,311,331,331,331,331],"floor_reached":16,"language":"ENG","playtime":782,"items_purged":[],"score":106,"play_id":"5a9869d1-1375-4333-9857-354c2ca6a141","local_time":"20210224174142","is_ascension_mode":false,"campfire_choices":[{"data":"Guardian:CurlUp","floor":1.0,"key":"SMITH"},{"floor":10.0,"key":"REST"}],"circlet_count":0,"master_deck":["Guardian:Strike_Guardian","Guardian:Strike_Guardian","Guardian:Strike_Guardian","Guardian:Defend_Guardian","Guardian:Defend_Guardian","Guardian:Defend_Guardian","Guardian:Defend_Guardian","Guardian:CurlUp+1","Guardian:TwinSlam","Guardian:PrismaticBeam","Guardian:Gem_Cyan","Guardian:Gem_Cyan","Guardian:Gem_Red","Guardian:PiercingHide"],"relics":["Guardian:ModeShifter","InkBottle","Meat on the Bone","hubris:Towel"],"acts_visited":["Exordium"],"potions_floor_usage":[16,16],"damage_taken":[{"damage":10.0,"enemies":"Small Slimes","floor":2.0,"turns":3.0},{"damage":1.0,"enemies":"Cultist","floor":3.0,"turns":4.0},{"damage":1.0,"enemies":"Jaw Worm","floor":5.0,"turns":5.0},{"damage":4.0,"enemies":"downfall:LooterAlt","floor":6.0,"turns":6.0},{"damage":16.0,"enemies":"Lots of Slimes","floor":8.0,"turns":5.0},{"damage":14.0,"enemies":"3 Louse","floor":9.0,"turns":5.0},{"damage":16.0,"enemies":"Gremlin Nob","floor":11.0,"turns":5.0},{"damage":4.0,"enemies":"Large Slime","floor":12.0,"turns":7.0},{"damage":1,"enemies":"2 Fungi Beasts","floor":15,"turns":5},{"damage":29,"enemies":"DF_ARCHETYPE_STREAMLINE","floor":16,"turns":12}],"seed_played":"6629886756832626816","potions_obtained":[{"floor":2.0,"key":"Energy Potion"},{"floor":5.0,"key":"Guardian:AcceleratePotion"},{"floor":12.0,"key":"Adrenaline Potion"}],"is_trial":false,"path_per_floor":["R","M","M","?","M","M","T","M","M","R","E","M","?","?","M","B"],"character_chosen":"GUARDIAN","items_purchased":[],"campfire_rested":1,"item_purchase_floors":[],"current_hp_per_floor":[88,78,77,77,76,72,72,56,42,68,52,48,48,48,47,18,18,18],"gold":331,"neow_bonus":"TEN_PERCENT_HP_BONUS","is_daily":false,"chose_seed":false,"campfire_upgraded":1,"win_rate":0.0,"timestamp":1614181302,"path_taken":["R","M","M","?","M","M","T","M","?","R","E","M","?","?","M","BOSS"],"items_purchased_type":[],"build_version":"2020-12-22","purchased_purges":0,"victory":false,"max_hp_per_floor":[88,88,88,88,88,88,88,88,88,88,88,88,88,88,88,88,88,88],"card_choices":[{"not_picked":["Guardian:CrystalBeam","Guardian:Gem_Lightblue"],"picked":"Guardian:PrismaticBeam","floor":2.0},{"not_picked":["Guardian:VentSteam","Guardian:MultiBeam","Guardian:PrismaticBeam"],"picked":"SKIP","floor":3.0},{"not_picked":["Guardian:WalkerClaw","Guardian:TimeCapacitor"],"picked":"Guardian:Gem_Green","floor":5.0},{"not_picked":["Guardian:PrimingBeam","Guardian:TemporalShield","Guardian:Recover"],"picked":"SKIP","floor":6.0},{"not_picked":["Guardian:PolyBeam","Guardian:WalkerClaw","Guardian:CrystalBeam"],"picked":"SKIP","floor":8.0},{"not_picked":["Guardian:ShieldSpikes","Guardian:CrystalBeam"],"picked":"Guardian:Gem_Fragmented","floor":9.0},{"not_picked":["Guardian:ShieldCharger","Guardian:Preprogram"],"picked":"Guardian:Gem_Cyan","floor":11.0},{"not_picked":["Guardian:Recover","Guardian:ShieldCharger"],"picked":"Guardian:Gem_Cyan","floor":12.0},{"not_picked":["Guardian:SpikerProtocol","Guardian:RollAttack"],"picked":"Guardian:PiercingHide","floor":15}],"player_experience":1306308,"relics_obtained":[{"floor":7.0,"key":"InkBottle"},{"floor":11.0,"key":"Meat on the Bone"}],"event_choices":[{"cards_removed":["Guardian:Strike_Guardian"],"damage_healed":0.0,"max_hp_gain":0.0,"max_hp_loss":0.0,"gold_gain":0.0,"event_name":"Bonfire Elementals","player_choice":"Offered Basic","floor":4.0,"gold_loss":0.0,"damage_taken":0.0}],"is_beta":false,"boss_relics":[],"items_purged_floors":[],"is_endless":false,"potions_floor_spawned":[2,5,12],"killed_by":"DF_ARCHETYPE_STREAMLINE","ascension_level":0}}