{"host":"5f3w3xqo483bhjcu","time":1614164955,"event":{"mods":["Act Like it!","BaseMod","KinomotoSakuraMod(ƒæ÷Æ±æ”£)","Koishi","Marisa£®ÏF”Í°°ƒß¿Ì…≥£©","Minty Spire (QoL Compilation)","Reimu£®≤©¿ˆ¡È√Œ£©","Remilia£®¿Ÿ√◊¿Ú—«£©","StSLib","The Animator","The Servant 0.9.4","Waifu the Spire","WarShipGirlsR/’ΩΩ¢…Ÿ≈ÆR mod","Yakumo Yukari mod","Youmu£®ªÍ∆«—˝√Œ£©","Yuyuko","°æ“≈ŒÔø®≈∆°øREMEMod"],"gold_per_floor":[109,123,48,60,60,107,119,145,226,238,274,323,335,381,393,447,447],"floor_reached":16,"language":"ZHS","playtime":730,"items_purged":["animator:Defend"],"score":149,"play_id":"f57488ee-4991-4735-b4e0-0464e8d945d3","local_time":"20210224190915","is_ascension_mode":true,"campfire_choices":[{"data":"animator:Megumin","floor":7,"key":"SMITH"},{"data":"animator:Darkness","floor":15,"key":"SMITH"}],"circlet_count":0,"master_deck":["animator:Strike_Konosuba","animator:Strike","animator:Strike","animator:Strike","animator:Defend","animator:Defend","animator:Kazuma","animator:Aqua","animator:HighElfArcher","animator:IzunaHatsuse","animator:Megumin+4","animator:Darkness+1","animator:Chris","animator:Vanir","animator:KrulTepes"],"relics":["animator:LivingPicture","animator:TheMissingPiece","REME_ComplimentaryCards","animator:PurgingStone","NeowsBlessing","MawBank","Toxic Egg 2","Mercury Hourglass","Gremlin Horn"],"acts_visited":["Exordium"],"potions_floor_usage":[12,16,16],"damage_taken":[{"damage":0,"enemies":"Cultist","floor":1,"turns":1},{"damage":0,"enemies":"2 Louse","floor":2,"turns":1},{"damage":0,"enemies":"Lagavulin","floor":6,"turns":1},{"damage":0,"enemies":"Small Slimes","floor":8,"turns":2},{"damage":6,"enemies":"3 Louse","floor":11,"turns":5},{"damage":26,"enemies":"Gremlin Nob","floor":12,"turns":4},{"damage":5,"enemies":"Looter","floor":14,"turns":2},{"damage":40,"enemies":"Slime Boss","floor":16,"turns":11}],"seed_played":"-2517076894230162311","potions_obtained":[{"floor":2,"key":"SpeedPotion"},{"floor":8,"key":"Strength Potion"},{"floor":12,"key":"REME_GoldPotion"},{"floor":14,"key":"AttackPotion"}],"is_trial":false,"path_per_floor":["M","M","$","?","?","E","R","M","T","T","M","E","$","M","R","B"],"character_chosen":"THE_ANIMATOR","items_purchased":[],"campfire_rested":0,"item_purchase_floors":[],"current_hp_per_floor":[66,66,66,66,59,61,61,64,64,64,60,37,37,34,34,0,0],"gold":447,"neow_bonus":"THREE_ENEMY_KILL","is_daily":false,"chose_seed":false,"campfire_upgraded":2,"win_rate":0.0,"timestamp":1614164955,"path_taken":["M","?","?","?","?","E","R","M","T","?","?","E","$","M","R","BOSS"],"items_purchased_type":[],"build_version":"2020-12-22","purchased_purges":1,"victory":false,"max_hp_per_floor":[66,66,66,66,66,66,66,67,67,67,67,68,68,68,68,68,68],"card_choices":[{"not_picked":["animator:Shion","animator:ElricAlphonse"],"picked":"animator:HighElfArcher","floor":1},{"not_picked":["animator:TukaLunaMarceau","animator:Sonic","animator:UneriGinkaku"],"picked":"SKIP","floor":2},{"not_picked":[],"picked":"animator:IzunaHatsuse","floor":4},{"not_picked":["animator:Konayuki","animator:Millim"],"picked":"animator:Megumin","floor":6},{"not_picked":["animator:Chris","animator:Kazuma"],"picked":"animator:Darkness","floor":8},{"not_picked":["animator:Shion","animator:Geryuganshoop+1"],"picked":"animator:Chris","floor":11},{"not_picked":["animator:Shion","animator:Guy+1"],"picked":"animator:Vanir","floor":12},{"not_picked":["animator:Verdia+1","animator:SwordMaiden+1"],"picked":"animator:KrulTepes","floor":14}],"player_experience":435800,"relics_obtained":[{"floor":6,"key":"MawBank"},{"floor":9,"key":"Toxic Egg 2"},{"floor":10,"key":"Mercury Hourglass"},{"floor":12,"key":"Gremlin Horn"}],"event_choices":[{"cards_removed":["animator:Defend_Konosuba"],"damage_healed":0,"gold_gain":0,"player_choice":"Card Removal","damage_taken":7,"max_hp_gain":0,"max_hp_loss":0,"event_name":"Golden Wing","floor":5,"gold_loss":0}],"is_beta":false,"boss_relics":[],"items_purged_floors":[3],"is_endless":false,"potions_floor_spawned":[2,8,12,14],"killed_by":"Slime Boss","ascension_level":2}}