{"host":"iodx9wtiy6cq33np","time":1614160639,"event":{"mods":["2.2 Compatiblity","Act Like it!","BaseMod","Colored Map","DeckTracker","Hermit","Keyboard Shortcuts","Minty Spire (QoL Compilation)","Permanent Neow","Quick Restart","Rare Cards Sparkle","StSLib","SuperFastMode"],"gold_per_floor":[118,293,305,255,255,286,286,313,313,313,293,293,306,338,338,338,338],"floor_reached":16,"language":"KOR","playtime":386,"items_purged":[],"score":108,"play_id":"1a5f3bc5-aa1c-4c8d-90ac-2119a3409031","local_time":"20210224185719","is_ascension_mode":false,"campfire_choices":[{"floor":10.0,"key":"REST"},{"data":"hermit:Enervate","floor":12.0,"key":"SMITH"},{"data":"hermit:FatalDesire","floor":15.0,"key":"SMITH"}],"circlet_count":0,"master_deck":["hermit:Strike_Hermit","hermit:Strike_Hermit","hermit:Strike_Hermit","hermit:Defend_Hermit+1","hermit:Defend_Hermit+1","hermit:Defend_Hermit","hermit:Defend_Hermit","hermit:Snapshot+1","hermit:Covet","hermit:Enervate+1","hermit:TrackingShot","hermit:Ricochet","hermit:Feint","hermit:DeadOrAlive","hermit:FatalDesire+1"],"relics":["hermit:Momento","Eternal Feather","Matryoshka","Mummified Hand","Toy Ornithopter"],"acts_visited":["Exordium"],"potions_floor_usage":[16,16],"damage_taken":[{"damage":0.0,"enemies":"Small Slimes","floor":1.0,"turns":4.0},{"damage":8.0,"enemies":"Jaw Worm","floor":3.0,"turns":3.0},{"damage":28.0,"enemies":"Lagavulin","floor":6.0,"turns":5.0},{"damage":22.0,"enemies":"3 Sentries","floor":8.0,"turns":7.0},{"damage":0.0,"enemies":"2 Louse","floor":13.0,"turns":2.0},{"damage":5.0,"enemies":"Lots of Slimes","floor":14.0,"turns":4.0},{"damage":0,"enemies":"The Guardian","floor":16,"turns":1}],"seed_played":"7946039993870123540","potions_obtained":[{"floor":6.0,"key":"LiquidBronze"},{"floor":11.0,"key":"Strength Potion"},{"floor":13.0,"key":"EssenceOfSteel"}],"is_trial":false,"path_per_floor":["M","?","M","?","?","E","?","E","T","R","?","R","M","M","R","B"],"character_chosen":"HERMIT","items_purchased":[],"campfire_rested":1,"item_purchase_floors":[],"current_hp_per_floor":[75,75,67,67,52,24,24,2,2,30,30,36,36,31,40,50,50],"gold":338,"neow_bonus":"UPGRADE_CARD","is_daily":false,"chose_seed":false,"campfire_upgraded":2,"win_rate":0.0,"timestamp":1614160639,"path_taken":["M","?","M","?","?","E","?","E","T","R","?","R","M","M","R","BOSS"],"items_purchased_type":[],"build_version":"2020-12-22","purchased_purges":0,"victory":false,"max_hp_per_floor":[75,75,75,75,75,75,75,75,75,75,75,75,75,75,75,75,75],"card_choices":[{"not_picked":["hermit:HighCaliber","hermit:BodyArmor"],"picked":"hermit:Enervate","floor":1.0},{"not_picked":["hermit:Desperado","hermit:Showdown"],"picked":"hermit:TrackingShot","floor":3.0},{"not_picked":["hermit:Maintenance","hermit:NoHoldsBarred","hermit:Ricochet"],"picked":"SKIP","floor":6.0},{"not_picked":["hermit:Maintenance","hermit:NoHoldsBarred"],"picked":"hermit:Ricochet","floor":6.0},{"not_picked":["hermit:FullyLoaded","hermit:Grudge"],"picked":"hermit:Feint","floor":8.0},{"not_picked":["hermit:Coalescence","hermit:Showdown"],"picked":"hermit:DeadOrAlive","floor":13.0},{"not_picked":["hermit:ShadowCloak","hermit:Gestalt"],"picked":"hermit:FatalDesire","floor":14.0}],"player_experience":920252,"relics_obtained":[{"floor":6.0,"key":"Eternal Feather"},{"floor":8.0,"key":"Matryoshka"},{"floor":9.0,"key":"Mummified Hand"},{"floor":9.0,"key":"Toy Ornithopter"}],"event_choices":[{"damage_healed":0.0,"max_hp_gain":0.0,"max_hp_loss":0.0,"gold_gain":175.0,"event_name":"Liars Game","player_choice":"AGREE","floor":2.0,"gold_loss":0.0,"damage_taken":0.0,"cards_obtained":["Doubt"]},{"cards_removed":["Doubt"],"damage_healed":0.0,"max_hp_gain":0.0,"max_hp_loss":0.0,"gold_gain":0.0,"event_name":"The Cleric","player_choice":"Card Removal","floor":4.0,"gold_loss":50.0,"damage_taken":0.0},{"damage_healed":0.0,"max_hp_gain":0.0,"max_hp_loss":0.0,"gold_gain":0.0,"event_name":"Shining Light","player_choice":"Entered Light","floor":5.0,"gold_loss":0.0,"damage_taken":15.0,"cards_upgraded":["hermit:Defend_Hermit","hermit:Defend_Hermit"]},{"cards_removed":["hermit:Strike_Hermit"],"damage_healed":0.0,"max_hp_gain":0.0,"max_hp_loss":0.0,"gold_gain":0.0,"event_name":"Living Wall","player_choice":"Forget","floor":7.0,"gold_loss":0.0,"damage_taken":0.0},{"damage_healed":0.0,"max_hp_gain":0.0,"max_hp_loss":0.0,"gold_gain":0.0,"event_name":"The Woman in Blue","player_choice":"Bought 1 Potion","floor":11.0,"gold_loss":0.0,"damage_taken":0.0}],"is_beta":false,"boss_relics":[],"items_purged_floors":[],"is_endless":false,"potions_floor_spawned":[6,13,14],"killed_by":"The Guardian","ascension_level":0}}