{"host":"8piv3t5bmy3h6dgk","time":1614202650,"event":{"mods":["AchievementEnabler","Astrologer","Bard","BaseMod","Better Altar","Better Match","BetterRewards","Colored Map","Colored Powertips","Faster Ascension Climbing","Gold Saver","Hermit","Minty Spire (QoL Compilation)","Remove Card Discount Mod","StSLib","The Disciple","The Hierophant","The Marked","The Necromancer","The Problem Sleuth","The Valiant","The Wild Card"],"gold_per_floor":[116,116,116,15,190,190,190,205,205,205,215,39,58,58,58,155,205,225,235,235,235],"floor_reached":20,"language":"ENG","playtime":1533,"items_purged":["Doubt"],"score":162,"play_id":"2cb3c95d-39ab-4a7a-b52c-50b1eb57377c","local_time":"20210224163730","is_ascension_mode":false,"campfire_choices":[{"data":"astrologer:CosmicExpanse","floor":6,"key":"SMITH"},{"data":"astrologer:CosmicExpanse","floor":10,"key":"SMITH"},{"floor":15,"key":"REST"}],"circlet_count":0,"master_deck":["astrologer:Strike","astrologer:Strike","astrologer:Strike","astrologer:Strike","astrologer:Defend","astrologer:Defend","astrologer:Defend","astrologer:Defend","astrologer:NorthStar","astrologer:TheFool","astrologer:StarOfCourage","astrologer:SolarFlare","astrologer:Prestidigitation","astrologer:Eclipse","astrologer:CometStrike","astrologer:NeutronStar","astrologer:Confirmation+1","astrologer:Death","astrologer:Judgement","astrologer:Radiance","astrologer:Still","astrologer:SolarFlare","astrologer:ShootingStar","astrologer:CosmicExpanse+1","astrologer:CometStrike","astrologer:CosmicExpanse+1","astrologer:TheLovers+1","astrologer:Alignment","astrologer:CometStrike","astrologer:Prismatic","astrologer:Starfield","astrologer:FadingStar","astrologer:Divination+1","astrologer:MeteorShower+1"],"relics":["astrologer:SkyMirror","Bottled Flame","White Beast Statue","Tiny House"],"acts_visited":["Exordium","TheCity"],"potions_floor_usage":[16,19,19,20],"damage_taken":[{"damage":10,"enemies":"Cultist","floor":1,"turns":4},{"damage":5,"enemies":"Jaw Worm","floor":8,"turns":3},{"damage":0,"enemies":"2 Louse","floor":11,"turns":2},{"damage":19,"enemies":"Large Slime","floor":13,"turns":4},{"damage":35,"enemies":"Slime Boss","floor":16,"turns":6},{"damage":57,"enemies":"Spheric Guardian","floor":18,"turns":6},{"damage":43,"enemies":"Shell Parasite","floor":19,"turns":7},{"damage":0,"enemies":"Snecko","floor":20,"turns":2}],"seed_played":"2622739534357185572","potions_obtained":[{"floor":8,"key":"Strength Potion"},{"floor":11,"key":"BlessingOfTheForge"},{"floor":13,"key":"DuplicationPotion"},{"floor":16,"key":"DistilledChaos"},{"floor":17,"key":"FairyPotion"},{"floor":19,"key":"Regen Potion"}],"is_trial":false,"path_per_floor":["M","?","T","$","?","R","?","M","T","R","M","$","M","$","R","B",null,"M","M","M"],"character_chosen":"ASTROLOGER","items_purchased":["astrologer:StarOfCourage","astrologer:SolarFlare","astrologer:Prestidigitation","astrologer:Eclipse","astrologer:CometStrike","astrologer:NeutronStar","astrologer:Confirmation","astrologer:Death","astrologer:Judgement","astrologer:Radiance","astrologer:Still","astrologer:SolarFlare","astrologer:CosmicExpanse","astrologer:CometStrike","astrologer:Alignment","astrologer:CometStrike"],"campfire_rested":1,"item_purchase_floors":[0,0,0,0,0,0,0,0,0,0,0,0,4,4,12,12],"current_hp_per_floor":[60,60,60,60,60,60,60,55,55,55,55,55,36,36,57,22,75,18,2,7,7],"gold":235,"neow_bonus":"","is_daily":false,"chose_seed":false,"campfire_upgraded":2,"win_rate":0.0,"timestamp":1614202650,"path_taken":["M","?","?","?","?","R","?","M","T","R","M","$","M","?","R","BOSS","M","M","M"],"items_purchased_type":["Card","Card","Card","Card","Card","Card","Card","Card","Card","Card","Card","Card","Card","Card","Card","Card"],"build_version":"2020-12-22","purchased_purges":1,"victory":false,"max_hp_per_floor":[70,70,70,70,70,70,70,70,70,70,70,70,70,70,70,70,75,75,75,75,75],"card_choices":[{"not_picked":["astrologer:Conjunction","astrologer:TheDevil"],"picked":"astrologer:ShootingStar","floor":1},{"not_picked":["astrologer:Strength","astrologer:ShiningStar"],"picked":"astrologer:CosmicExpanse","floor":8},{"not_picked":["astrologer:Opposition","astrologer:Eclipse"],"picked":"astrologer:TheLovers","floor":11},{"not_picked":["astrologer:Opposition","astrologer:SpaceDust"],"picked":"astrologer:Prismatic","floor":13},{"not_picked":["astrologer:Death","astrologer:DarkMatter"],"picked":"astrologer:Starfield","floor":16},{"not_picked":["astrologer:FrozenStar","astrologer:Stardust"],"picked":"astrologer:FadingStar","floor":17},{"not_picked":["astrologer:TheMoon","astrologer:SolarFlare"],"picked":"astrologer:Divination+1","floor":18},{"not_picked":["astrologer:ReadTheStars","astrologer:Radiance"],"picked":"astrologer:MeteorShower+1","floor":19}],"player_experience":155020,"relics_obtained":[{"floor":3,"key":"Bottled Flame"},{"floor":9,"key":"White Beast Statue"}],"event_choices":[{"damage_healed":0,"gold_gain":0,"player_choice":"Grow","damage_taken":0,"max_hp_gain":0,"max_hp_loss":0,"event_name":"Living Wall","floor":2,"gold_loss":0,"cards_upgraded":["astrologer:Confirmation"]},{"damage_healed":0,"gold_gain":175,"player_choice":"AGREE","damage_taken":0,"max_hp_gain":0,"max_hp_loss":0,"event_name":"Liars Game","floor":5,"gold_loss":0,"cards_obtained":["Doubt"]},{"damage_healed":0,"gold_gain":0,"player_choice":"Leave","damage_taken":0,"max_hp_gain":0,"max_hp_loss":0,"event_name":"The Cleric","floor":7,"gold_loss":0}],"is_beta":false,"boss_relics":[{"not_picked":["Empty Cage","Black Star"],"picked":"Tiny House"}],"items_purged_floors":[12],"is_endless":false,"potions_floor_spawned":[8,11,13,16,18,19],"killed_by":"Snecko","ascension_level":0}}