{"host":"dh4nu8nelr2izibb","time":1614195771,"event":{"mods":["BaseMod","Better Skull","Better Third Choice","Card Filter","Card Forge","Curses Come First","Displayed Cursed Tome","Extra Virgin Snecko Oil","HololiveMod","Marisa????????","Minty Spire (QoL Compilation)","Poor People Problems","Quick Restart","Relic Filter","Reliquary","StSLib","The Servant 0.9.4","WarShipGirlsR/????R mod","Yakumo Yukari mod"],"gold_per_floor":[111,136,411,182,197,197,215,215,268,284,294,110,122,150,150,223,223,237,287,337,179,198,198,229,229,281,8,22,56,73,73,73,149,149,162,162,176,191,211,246,246,50,50,65,65,85,85,115,115,115,115],"floor_reached":50,"language":"ENG","playtime":1882,"items_purged":["Regret","Defend_G"],"score":1179,"play_id":"39427c46-4567-4276-bbf6-289e7f745e5d","local_time":"20210224144251","is_ascension_mode":true,"campfire_choices":[{"data":"A Thousand Cuts","floor":6.0,"key":"SMITH"},{"floor":8.0,"key":"REST"},{"data":"Footwork","floor":15.0,"key":"SMITH"},{"data":"Glass Knife","floor":23.0,"key":"SMITH"},{"floor":25.0,"key":"REST"},{"floor":32.0,"key":"REST"},{"floor":45,"key":"REST"},{"floor":47,"key":"REST"},{"floor":49,"key":"REST"}],"circlet_count":0,"master_deck":["AscendersBane","Strike_G","Strike_G","Strike_G","Defend_G","Defend_G","Survivor","Neutralize+1","Slice","A Thousand Cuts+1","Dagger Spray+1","Cloak And Dagger+1","Quick Slash","Deflect","PiercingWail","Backflip","Leg Sweep","Footwork+1","Dagger Throw","Blade Dance","Glass Knife+1","Apotheosis+1","Flying Knee","Heel Hook","Backflip","Predator","Terror"],"relics":["Hammer of Thor","Seething Fire","Anvil of the Gods","Empty Cage","Boot","Orrery","reliquary:PartyBalloon","Ancient Tea Set","Busted Crown","ClockworkSouvenir","Lantern","MealTicket","Blood Vial","Fusion Hammer","Pen Nib","reliquary:TridentHead"],"acts_visited":["Exordium","TheCity","TheBeyond"],"potions_floor_usage":[46],"damage_taken":[{"damage":6.0,"enemies":"Cultist","floor":1.0,"turns":5.0},{"damage":19.0,"enemies":"Jaw Worm","floor":5.0,"turns":6.0},{"damage":0.0,"enemies":"2 Louse","floor":7.0,"turns":3.0},{"damage":2.0,"enemies":"Looter","floor":10.0,"turns":3.0},{"damage":12.0,"enemies":"Lots of Slimes","floor":11.0,"turns":2.0},{"damage":0.0,"enemies":"3 Louse","floor":13.0,"turns":3.0},{"damage":21.0,"enemies":"Gremlin Nob","floor":14.0,"turns":5.0},{"damage":0.0,"enemies":"Slime Boss","floor":16.0,"turns":5.0},{"damage":12.0,"enemies":"Shell Parasite","floor":18.0,"turns":4.0},{"damage":0.0,"enemies":"3 Byrds","floor":22.0,"turns":3.0},{"damage":38.0,"enemies":"Book of Stabbing","floor":24.0,"turns":5.0},{"damage":0.0,"enemies":"Centurion and Healer","floor":28.0,"turns":5.0},{"damage":20.0,"enemies":"Slavers","floor":29.0,"turns":3.0},{"damage":0.0,"enemies":"Snake Plant","floor":30.0,"turns":4.0},{"damage":9.0,"enemies":"Colosseum Slavers","floor":31.0,"turns":4.0},{"damage":28.0,"enemies":"Automaton","floor":33.0,"turns":11.0},{"damage":8.0,"enemies":"3 Shapes","floor":35.0,"turns":5.0},{"damage":41.0,"enemies":"3 Darklings","floor":37.0,"turns":4.0},{"damage":0.0,"enemies":"Sphere and 2 Shapes","floor":38.0,"turns":3.0},{"damage":17.0,"enemies":"Jaw Worm Horde","floor":39.0,"turns":3.0},{"damage":12.0,"enemies":"Reptomancer","floor":40.0,"turns":4.0},{"damage":0,"enemies":"Spire Growth","floor":44,"turns":4},{"damage":14,"enemies":"Writhing Mass","floor":46,"turns":6},{"damage":39,"enemies":"Giant Head","floor":48,"turns":8},{"damage":68,"enemies":"Awakened One","floor":50,"turns":7}],"seed_played":"-3254757618000285657","potions_obtained":[{"floor":5.0,"key":"Dexterity Potion"},{"floor":7.0,"key":"Fire Potion"},{"floor":14.0,"key":"Regen Potion"},{"floor":22.0,"key":"Block Potion"},{"floor":29.0,"key":"LiquidMemories"},{"floor":30.0,"key":"BlessingOfTheForge"},{"floor":33.0,"key":"Explosive Potion"},{"floor":37.0,"key":"GhostInAJar"},{"floor":38.0,"key":"FearPotion"}],"is_trial":false,"path_per_floor":["M","T","?","$","M","R","M","R","T","M","M","$","M","E","R","B",null,"M","?","?","$","M","R","E","R","T","$","M","E","M","?","R","B",null,"M","?","M","M","M","E","?","$","T","M","R","M","R","E","R","B"],"character_chosen":"THE_SILENT","items_purchased":["Orrery","Purity","Footwork","ClockworkSouvenir","Apotheosis","Flying Knee","FairyPotion","Predator"],"campfire_rested":6,"item_purchase_floors":[4,4,12,21,27,27,42,42],"current_hp_per_floor":[53,53,53,53,34,34,34,53,53,51,39,39,39,18,18,32,58,46,46,46,46,46,46,8,27,27,42,42,22,24,17,36,10,52,46,66,25,27,12,2,2,17,17,19,38,26,45,8,27,0,0],"gold":115,"neow_bonus":"BOSS_RELIC","is_daily":false,"chose_seed":false,"campfire_upgraded":3,"win_rate":0.0,"timestamp":1614195771,"path_taken":["M","?","?","$","M","R","M","R","T","M","M","$","?","E","R","BOSS","M","?","?","$","?","R","E","R","T","?","M","E","M","?","R","BOSS","M","?","M","M","?","E","?","$","T","M","R","M","R","E","R","BOSS"],"items_purchased_type":["Relic","Card","Card","Relic","Card","Card","Potion","Card"],"build_version":"2020-12-22","purchased_purges":2,"victory":false,"max_hp_per_floor":[66,66,66,66,66,66,66,66,66,66,66,66,66,66,66,66,66,66,66,66,66,66,66,66,66,66,66,66,66,66,66,66,66,66,66,66,66,66,66,66,66,66,66,66,66,66,66,66,66,66,66],"card_choices":[{"not_picked":["Tactician","Deadly Poison"],"picked":"Slice","floor":1.0},{"not_picked":["Setup","Slice"],"picked":"A Thousand Cuts","floor":4.0},{"not_picked":["Expertise","Slice"],"picked":"Dagger Spray","floor":4.0},{"not_picked":["Skewer","Underhanded Strike"],"picked":"Cloak And Dagger","floor":4.0},{"not_picked":["Finisher","Choke"],"picked":"Quick Slash","floor":4.0},{"not_picked":["Dagger Throw","Quick Slash"],"picked":"Deflect","floor":4.0},{"not_picked":["Riddle With Holes","Quick Slash"],"picked":"PiercingWail","floor":5.0},{"not_picked":["Bouncing Flask","Deflect"],"picked":"Backflip","floor":7.0},{"not_picked":["Acrobatics","Flechettes"],"picked":"Leg Sweep","floor":10.0},{"not_picked":["Underhanded Strike","Burst","Reflex"],"picked":"SKIP","floor":11.0},{"not_picked":["Concentrate","Bouncing Flask"],"picked":"Dagger Throw","floor":13.0},{"not_picked":["Outmaneuver","Dagger Throw"],"picked":"Blade Dance","floor":14.0},{"not_picked":["Storm of Steel","Corpse Explosion"],"picked":"Glass Knife","floor":16.0},{"not_picked":["Tactician"],"picked":"SKIP","floor":18.0},{"not_picked":["Eviscerate+1"],"picked":"SKIP","floor":22.0},{"not_picked":["Slice"],"picked":"SKIP","floor":24.0},{"not_picked":["Tactician"],"picked":"SKIP","floor":28.0},{"not_picked":["Deadly Poison"],"picked":"SKIP","floor":29.0},{"not_picked":["Sucker Punch"],"picked":"SKIP","floor":30.0},{"not_picked":["Concentrate+1"],"picked":"SKIP","floor":35.0},{"not_picked":["Dagger Spray"],"picked":"SKIP","floor":37.0},{"not_picked":["Footwork"],"picked":"SKIP","floor":38.0},{"not_picked":["Heel Hook"],"picked":"SKIP","floor":39.0},{"not_picked":[],"picked":"Heel Hook","floor":39.0},{"not_picked":[],"picked":"Backflip","floor":40.0},{"not_picked":["Slice"],"picked":"SKIP","floor":44},{"not_picked":["Sucker Punch"],"picked":"SKIP","floor":46},{"not_picked":["Reflex"],"picked":"SKIP","floor":48}],"player_experience":1208636,"relics_obtained":[{"floor":2.0,"key":"Boot"},{"floor":9.0,"key":"reliquary:PartyBalloon"},{"floor":14.0,"key":"Ancient Tea Set"},{"floor":24.0,"key":"Lantern"},{"floor":26.0,"key":"MealTicket"},{"floor":29.0,"key":"Blood Vial"},{"floor":40.0,"key":"Pen Nib"},{"floor":48,"key":"reliquary:TridentHead"}],"event_choices":[{"damage_healed":0.0,"max_hp_gain":0.0,"max_hp_loss":0.0,"gold_gain":275.0,"event_name":"Golden Shrine","player_choice":"Desecrate","floor":3.0,"gold_loss":0.0,"damage_taken":0.0,"cards_obtained":["Regret"]},{"damage_healed":0.0,"max_hp_gain":0.0,"max_hp_loss":0.0,"gold_gain":50.0,"event_name":"betterThird:BetterNest","player_choice":"Steal","floor":19.0,"gold_loss":0.0,"damage_taken":0.0},{"damage_healed":0.0,"max_hp_gain":0.0,"max_hp_loss":0.0,"gold_gain":100.0,"event_name":"The Joust","player_choice":"Bet on Murderer","floor":20.0,"gold_loss":50.0,"damage_taken":0.0},{"damage_healed":0.0,"max_hp_gain":0.0,"max_hp_loss":0.0,"gold_gain":0.0,"event_name":"Colosseum","player_choice":"Fight","floor":31.0,"gold_loss":0.0,"damage_taken":0.0},{"damage_healed":0.0,"max_hp_gain":0.0,"max_hp_loss":0.0,"gold_gain":0.0,"event_name":"Colosseum","player_choice":"Fled From Nobs","floor":31.0,"gold_loss":0.0,"damage_taken":0.0},{"damage_healed":20.0,"max_hp_gain":0.0,"max_hp_loss":0.0,"gold_gain":0.0,"event_name":"Wheel of Change","player_choice":"Full Heal","floor":36.0,"gold_loss":0.0,"damage_taken":0.0},{"damage_healed":0.0,"max_hp_gain":0.0,"max_hp_loss":0.0,"gold_gain":0.0,"event_name":"Mysterious Sphere","player_choice":"Ignored","floor":41.0,"gold_loss":0.0,"damage_taken":0.0}],"is_beta":false,"boss_relics":[{"not_picked":["Calling Bell","reliquary:ThirdArm"],"picked":"Busted Crown"},{"not_picked":["reliquary:RedPaperclip","Cursed Key"],"picked":"Fusion Hammer"}],"items_purged_floors":[4,12],"is_endless":false,"potions_floor_spawned":[5,7,14,22,29,30,33,37,38,40],"killed_by":"Awakened One","ascension_level":19}}