{"host":"d44gy1wvr06n5dy0","time":1614170737,"event":{"mods":["BaseMod","Better Altar","Better Match","Better Note","Better Sensory Stone","Better Skull","Better Third Choice","Downfall","GifTheSpireLib","Minty Spire (QoL Compilation)","Relic Stats","StSLib","The Animator","The Construct","The Disciple","The Servant 0.9.4"],"gold_per_floor":[113,0,14,25,35,73,93,126,126,155,155,7,7,21,21,124,124,137,137,155,166,179,179,179,179,179,194,212,18,48,79,79,177,177,197,213,159,170,170,170,204,204,228,228,246,246,256,302,302,302,302],"floor_reached":50,"language":"ENG","playtime":6028,"items_purged":[],"score":642,"play_id":"4d3de947-33f3-4d85-afe8-6fce313fafc5","local_time":"20210224054537","is_ascension_mode":true,"campfire_choices":[{"data":"animator:Aqua","floor":13.0,"key":"SMITH"},{"data":"animator:Millim","floor":15.0,"key":"SMITH"},{"floor":23.0,"key":"REST"},{"floor":32.0,"key":"REST"},{"floor":40,"key":"RECALL"},{"floor":42,"key":"REST"},{"floor":44,"key":"REST"},{"floor":49,"key":"REST"}],"circlet_count":0,"master_deck":["animator:Strike_Konosuba","animator:Defend_Konosuba","animator:Strike","animator:Strike","animator:Strike","animator:Defend","animator:Defend","animator:Defend","animator:Kazuma","animator:Aqua+1","animator:Millim+1","Enlightenment+1","animator:Arpeggio","animator:Bozes","animator:LeleiLaLalena","animator:Jibril","animator:Melzalgald","animator:Kazuma","animator:Megumin+13","Sweeping Beam","FlyingSleeves+1","Guardian:DonusPower+1","animator:YaoHaDucy","sneckomod:UnknownDraw+1","FTL+1","animator:Ciel","animator:Rena","hexamod:Rewind+1","champ:CheapShot","animator:WinryRockbell+1","animator:DolaSchwi","animator:Darkness","Shockwave+1","Worship+1","animator:Mitsurugi"],"relics":["animator:VividPicture","animator:TheMissingPiece","Bag of Preparation","Turnip","Matryoshka","Akabeko","animator:OldCoffin","PrismaticShard","Black Star","Lantern","Ancient Tea Set","StoneCalendar","Strange Spoon","White Beast Statue","animator:Buoy","Vajra","Calipers","animator:WornHelmet","PreservedInsect"],"acts_visited":["Exordium","TheCity","TheBeyond"],"potions_floor_usage":[41,41,41,47,48,50],"damage_taken":[{"damage":2.0,"enemies":"Small Slimes","floor":1.0,"turns":4.0},{"damage":1.0,"enemies":"Jaw Worm","floor":3.0,"turns":5.0},{"damage":0.0,"enemies":"Cultist","floor":4.0,"turns":5.0},{"damage":0.0,"enemies":"Blue Slaver","floor":5.0,"turns":6.0},{"damage":8.0,"enemies":"Lagavulin","floor":6.0,"turns":9.0},{"damage":12.0,"enemies":"2 Fungi Beasts","floor":7.0,"turns":5.0},{"damage":24.0,"enemies":"Gremlin Nob","floor":8.0,"turns":4.0},{"damage":0.0,"enemies":"Exordium Thugs","floor":10.0,"turns":4.0},{"damage":6.0,"enemies":"Blue Slaver","floor":14.0,"turns":5.0},{"damage":0.0,"enemies":"Slime Boss","floor":16.0,"turns":9.0},{"damage":21.0,"enemies":"Spheric Guardian","floor":18.0,"turns":10.0},{"damage":6.0,"enemies":"Chosen","floor":20.0,"turns":7.0},{"damage":23.0,"enemies":"3 Cultists","floor":21.0,"turns":6.0},{"damage":13.0,"enemies":"Snecko","floor":22.0,"turns":6.0},{"damage":17.0,"enemies":"Shelled Parasite and Fungi","floor":27.0,"turns":7.0},{"damage":10.0,"enemies":"Cultist and Chosen","floor":28.0,"turns":6.0},{"damage":11.0,"enemies":"Snake Plant","floor":30.0,"turns":5.0},{"damage":30.0,"enemies":"Gremlin Leader","floor":31.0,"turns":7.0},{"damage":13.0,"enemies":"Collector","floor":33.0,"turns":7.0},{"damage":15,"enemies":"3 Darklings","floor":35,"turns":4},{"damage":0,"enemies":"Orb Walker","floor":36,"turns":2},{"damage":8,"enemies":"Sphere and 2 Shapes","floor":38,"turns":3},{"damage":42,"enemies":"Nemesis","floor":41,"turns":7},{"damage":3,"enemies":"3 Darklings","floor":45,"turns":4},{"damage":8,"enemies":"Transient","floor":47,"turns":5},{"damage":39,"enemies":"Reptomancer","floor":48,"turns":6},{"damage":62,"enemies":"Awakened One","floor":50,"turns":5}],"seed_played":"-2206868798327199463","potions_obtained":[{"floor":1.0,"key":"Fire Potion"},{"floor":5.0,"key":"SpeedPotion"},{"floor":8.0,"key":"Fire Potion"},{"floor":10.0,"key":"PowerPotion"},{"floor":14.0,"key":"animator:GrowthPotion"},{"floor":16.0,"key":"ColorlessPotion"},{"floor":28.0,"key":"FairyPotion"},{"floor":31.0,"key":"hexamod:SoulburnPotion"},{"floor":33.0,"key":"EssenceOfSteel"},{"floor":35,"key":"Fire Potion"},{"floor":36,"key":"LiquidMemories"},{"floor":41,"key":"DuplicationPotion"},{"floor":45,"key":"Slimebound:ThreeZeroPotion"},{"floor":47,"key":"EssenceOfSteel"},{"floor":48,"key":"Ancient Potion"}],"is_trial":false,"path_per_floor":["M","?","M","M","M","E","M","E","T","M","?","$","R","M","R","B",null,"M","?","M","M","M","R","?","?","T","M","M","$","M","E","R","B",null,"M","M","$","M","?","R","E","R","T","R","M","?","M","E","R","B"],"character_chosen":"THE_ANIMATOR","items_purchased":["PrismaticShard","animator:Ciel","Strange Spoon","animator:DolaSchwi"],"campfire_rested":5,"item_purchase_floors":[12,29,29,37],"current_hp_per_floor":[66,72,71,71,71,65,55,33,33,35,59,59,59,56,56,59,72,54,54,51,31,21,42,25,25,25,11,28,28,20,21,42,32,72,60,63,63,59,59,59,20,41,41,62,62,62,66,30,51,0,0],"gold":302,"neow_bonus":"RANDOM_COMMON_RELIC","is_daily":false,"chose_seed":false,"campfire_upgraded":2,"win_rate":0.0,"timestamp":1614170737,"path_taken":["M","?","M","M","M","E","M","E","T","M","?","?","R","M","R","BOSS","M","?","M","M","M","R","?","?","T","M","M","?","?","E","R","BOSS","M","M","$","M","?","R","E","R","T","R","M","?","?","E","R","BOSS"],"items_purchased_type":["Relic","Card","Relic","Card"],"build_version":"2020-12-22","purchased_purges":0,"victory":false,"max_hp_per_floor":[66,72,72,72,72,72,72,72,72,72,72,72,72,72,72,72,72,72,72,72,72,72,72,72,72,72,72,72,72,72,72,72,72,72,72,72,72,73,73,73,73,73,73,73,73,73,73,73,73,73,73],"relic_stats":{"Strange Spoon":[48],"counters":[27,151],"StoneCalendar":[126],"Turnip":[24],"PreservedInsect":0,"Bag of Preparation":[54],"Black Star":3,"obtain_stats":[{"animator:Buoy":31,"Lantern":25,"Calipers":41,"animator:TheMissingPiece":0,"Vajra":41,"StoneCalendar":26,"PreservedInsect":48,"Bag of Preparation":0,"animator:WornHelmet":48,"PrismaticShard":12,"Ancient Tea Set":26,"Akabeko":9,"White Beast Statue":31,"Strange Spoon":29,"Matryoshka":8,"animator:LivingPicture":0,"Turnip":6,"Black Star":17,"animator:VividPicture":34,"animator:OldCoffin":9},{"animator:Buoy":18,"Lantern":14,"Calipers":23,"animator:TheMissingPiece":0,"Vajra":23,"StoneCalendar":14,"PreservedInsect":26,"Bag of Preparation":0,"animator:WornHelmet":26,"PrismaticShard":8,"Ancient Tea Set":14,"Akabeko":7,"White Beast Statue":18,"Strange Spoon":16,"Matryoshka":7,"animator:LivingPicture":0,"Turnip":5,"Black Star":10,"animator:VividPicture":19,"animator:OldCoffin":7},{"animator:Buoy":108,"Lantern":84,"Calipers":131,"animator:TheMissingPiece":0,"Vajra":131,"StoneCalendar":84,"PreservedInsect":146,"Bag of Preparation":0,"animator:WornHelmet":146,"PrismaticShard":41,"Ancient Tea Set":84,"Akabeko":38,"White Beast Statue":108,"Strange Spoon":96,"Matryoshka":38,"animator:LivingPicture":0,"Turnip":29,"Black Star":55,"animator:VividPicture":115,"animator:OldCoffin":38}]},"card_choices":[{"not_picked":["animator:RoryMercury","animator:MetalKnight"],"picked":"animator:Millim","floor":1.0},{"not_picked":["animator:Hakurou","animator:Shuna"],"picked":"animator:Arpeggio","floor":3.0},{"not_picked":["animator:Lu","animator:SilverFang"],"picked":"animator:Bozes","floor":4.0},{"not_picked":["animator:Kuribayashi","animator:Bozes"],"picked":"animator:LeleiLaLalena","floor":5.0},{"not_picked":["animator:MamiTomoe","animator:SilverFang"],"picked":"animator:Jibril","floor":6.0},{"not_picked":["animator:Shuna","animator:Benimaru"],"picked":"animator:Melzalgald","floor":7.0},{"not_picked":["animator:Hakurou","animator:FielNirvalen"],"picked":"animator:Kazuma","floor":8.0},{"not_picked":["animator:Kazuma","animator:Verdia"],"picked":"animator:Megumin","floor":10.0},{"not_picked":["Clash","hexamod:StepThrough"],"picked":"Sweeping Beam","floor":14.0},{"not_picked":["Dodge and Roll","Genetic Algorithm+1"],"picked":"FlyingSleeves+1","floor":18.0},{"not_picked":["ForeignInfluence","CrushJoints"],"picked":"Guardian:DonusPower+1","floor":20.0},{"not_picked":["animator:TukaLunaMarceau","animator:RoryMercury"],"picked":"animator:YaoHaDucy","floor":21.0},{"not_picked":["animator:Sloth","Deadly Poison"],"picked":"sneckomod:UnknownDraw+1","floor":22.0},{"not_picked":["Bane","champ:CrownThrow"],"picked":"FTL+1","floor":27.0},{"not_picked":["Slimebound:LeechingTouch","Study","champ:BringItOn+1"],"picked":"SKIP","floor":28.0},{"not_picked":["animator:Ain","animator:Add"],"picked":"animator:Rena","floor":30.0},{"not_picked":["animator:Vanir","animator:Benimaru"],"picked":"hexamod:Rewind+1","floor":31.0},{"not_picked":["Deny","Doppelganger"],"picked":"champ:CheapShot","floor":33.0},{"not_picked":["champ:DeathBlow+1","animator:Sloth+1"],"picked":"animator:WinryRockbell+1","floor":35},{"not_picked":["Weave+1","Revamp","Quick Slash+1"],"picked":"SKIP","floor":36},{"not_picked":["animator:Aqua","animator:Kazuma"],"picked":"animator:Darkness","floor":38},{"not_picked":["bronze:Deprecate+1","Adaptation"],"picked":"Shockwave+1","floor":41},{"not_picked":["Thunder Strike","animator:LimeBell","Guardian:VentSteam+1"],"picked":"SKIP","floor":45},{"not_picked":["Guardian:Orbwalk","hexamod:BurningTouch"],"picked":"Worship+1","floor":47},{"not_picked":["animator:Darkness","animator:Kazuma"],"picked":"animator:Mitsurugi","floor":48}],"player_experience":407435,"relics_obtained":[{"floor":6.0,"key":"Turnip"},{"floor":8.0,"key":"Matryoshka"},{"floor":9.0,"key":"Akabeko"},{"floor":9.0,"key":"animator:OldCoffin"},{"floor":26.0,"key":"Ancient Tea Set"},{"floor":26.0,"key":"StoneCalendar"},{"floor":31.0,"key":"White Beast Statue"},{"floor":31.0,"key":"animator:Buoy"},{"floor":41,"key":"Vajra"},{"floor":41,"key":"Calipers"},{"floor":48,"key":"animator:WornHelmet"},{"floor":48,"key":"PreservedInsect"}],"event_choices":[{"damage_healed":0.0,"max_hp_gain":0.0,"max_hp_loss":0.0,"gold_gain":0.0,"event_name":"betterThird:BetterSerpent","player_choice":"RENOUNCE","floor":2.0,"gold_loss":113.0,"damage_taken":113.0,"cards_obtained":["Enlightenment"]},{"damage_healed":24.0,"max_hp_gain":0.0,"max_hp_loss":0.0,"gold_gain":0.0,"event_name":"Big Fish","player_choice":"Banana","floor":11.0,"gold_loss":0.0,"damage_taken":0.0},{"damage_healed":0.0,"max_hp_gain":0.0,"max_hp_loss":0.0,"gold_gain":0.0,"event_name":"BanditSerpent","player_choice":"Serpent","floor":19.0,"gold_loss":0.0,"damage_taken":0.0},{"damage_healed":0.0,"max_hp_gain":42.0,"max_hp_loss":25.0,"gold_gain":0.0,"event_name":"betterAltar:BetterAltar","player_choice":" Potion ","floor":24.0,"potions_obtained":["betterAltar:AltarPotion"],"relics_lost":[],"gold_loss":0.0,"damage_taken":17.0,"relics_obtained":[]},{"damage_healed":0.0,"max_hp_gain":0.0,"max_hp_loss":0.0,"gold_gain":0.0,"event_name":"The Mausoleum","player_choice":"Opened","floor":25.0,"gold_loss":0.0,"damage_taken":0.0,"relics_obtained":["Lantern"]},{"damage_healed":0,"gold_gain":0,"player_choice":"Ignored","damage_taken":0,"max_hp_gain":0,"max_hp_loss":0,"event_name":"Mysterious Sphere","floor":39,"gold_loss":0},{"damage_healed":0,"gold_gain":0,"player_choice":"Ignored","damage_taken":0,"max_hp_gain":0,"max_hp_loss":0,"event_name":"Tomb of Lord Red Mask","floor":46,"gold_loss":0}],"is_beta":false,"boss_relics":[{"not_picked":["Tiny House","Velvet Choker"],"picked":"Black Star"},{"not_picked":["Calling Bell","SlaversCollar"],"picked":"animator:VividPicture"}],"items_purged_floors":[],"is_endless":false,"potions_floor_spawned":[1,5,8,10,14,16,20,27,28,31,33,35,36,38,41,45,47,48],"killed_by":"Awakened One","ascension_level":1}}