{"host":"pqs17sqrgflf4eqa","time":1614128308,"event":{"mods":["AchievementEnabler","BaseMod","Bestiary","Better Altar","Better Match","Better Skull","BetterRewards","Block Reminder","Bossed Relics","Colored Map","Colored Powertips","Curses Come First","Dark Map","DeckTracker","Defective Defect","Displayed Cursed Tome","Emptier Cage","Googly Eyes","Highlight Path","Infinite Spire","Minty Spire (QoL Compilation)","Poor People Problems","Quick Restart","StSLib","SuperFastMode","Transform Curses","everything is the same but u backflip on backflip","slay the spire mod where everything is the same but ironclad has a cowboy hat"],"gold_per_floor":[117,117,117,139,157,196,196,216,243,279,279,294,308,308,308,426,426,437,437,456,458,3,47,47,63,88,124,124,138,138,156,156,252,252,279,60,9,26,36,72,72,104,131,153,153,29,54,89,89,109],"floor_reached":51,"language":"ENG","playtime":1400,"items_purged":["Strike_G","Strike_G","Strike_G","Strike_G"],"score":1079,"play_id":"a4b61682-83e5-4e38-9f98-e90a34c431fb","local_time":"20210223195828","is_ascension_mode":true,"campfire_choices":[{"floor":7.0,"key":"REST"},{"floor":11.0,"key":"REST"},{"data":"Neutralize","floor":15.0,"key":"SMITH"},{"data":"Catalyst","floor":24.0,"key":"SMITH"},{"data":"Burst","floor":32.0,"key":"SMITH"},{"data":"Noxious Fumes","floor":41,"key":"SMITH"},{"data":"infinitespire:Gouge","floor":45,"key":"SMITH"},{"data":"Tactician","floor":49,"key":"SMITH"}],"circlet_count":0,"master_deck":["Defend_G","Defend_G","Defend_G","Defend_G","Defend_G","Neutralize+1","Deadly Poison","Quick Slash","Deadly Poison","Deadly Poison","Masterful Stab","Dagger Spray","Footwork","Catalyst+1","Corpse Explosion","Poisoned Stab","Burst+1","Dash","Noxious Fumes+1","Backflip","Acrobatics","infinitespire:SealOfDarkness+","infinitespire:Gouge+1","Dodge and Roll","Noxious Fumes","Acrobatics+1","Tactician+1","Backstab+1"],"relics":["Ring of the Snake","Pandora\u0027s Box","Peace Pipe","infinitespire:Midas Blood","NlothsMask","Unceasing Top","Oddly Smooth Stone","Busted Crown","Bloody Idol","Prayer Wheel","Smiling Mask","Centennial Puzzle","Bronze Scales","Happy Flower","Black Star","Molten Egg 2","Snake Skull","Incense Burner","infinitespire:CursedDice","The Specimen","Akabeko","Toxic Egg 2","Bag of Marbles"],"acts_visited":["Exordium","TheCity","TheBeyond"],"potions_floor_usage":[33,50],"damage_taken":[{"damage":0.0,"enemies":"Cultist","floor":1.0,"turns":3.0},{"damage":2.0,"enemies":"Jaw Worm","floor":4.0,"turns":2.0},{"damage":0.0,"enemies":"2 Louse","floor":5.0,"turns":1.0},{"damage":32.0,"enemies":"3 Sentries","floor":6.0,"turns":7.0},{"damage":1.0,"enemies":"Looter","floor":8.0,"turns":2.0},{"damage":21.0,"enemies":"Lagavulin","floor":10.0,"turns":6.0},{"damage":0.0,"enemies":"Gremlin Gang","floor":12.0,"turns":3.0},{"damage":10.0,"enemies":"2 Fungi Beasts","floor":13.0,"turns":2.0},{"damage":18.0,"enemies":"Hexaghost","floor":16.0,"turns":7.0},{"damage":0.0,"enemies":"Shell Parasite","floor":18.0,"turns":2.0},{"damage":0.0,"enemies":"3 Byrds","floor":20.0,"turns":2.0},{"damage":45.0,"enemies":"Slavers","floor":23.0,"turns":3.0},{"damage":16.0,"enemies":"Centurion and Healer","floor":25.0,"turns":6.0},{"damage":12.0,"enemies":"Book of Stabbing","floor":27.0,"turns":3.0},{"damage":7.0,"enemies":"Snecko","floor":29.0,"turns":4.0},{"damage":6.0,"enemies":"Snake Plant","floor":31.0,"turns":2.0},{"damage":0,"enemies":"Automaton","floor":33,"turns":1},{"damage":26,"enemies":"3 Shapes","floor":35,"turns":4},{"damage":0,"enemies":"Orb Walker","floor":38,"turns":3},{"damage":0,"enemies":"Transient","floor":39,"turns":5},{"damage":20,"enemies":"Giant Head","floor":40,"turns":7},{"damage":10,"enemies":"Nemesis","floor":42,"turns":7},{"damage":37,"enemies":"Sphere and 2 Shapes","floor":44,"turns":5},{"damage":21,"enemies":"4 Shapes","floor":47,"turns":3},{"damage":16,"enemies":"Reptomancer","floor":48,"turns":4},{"damage":51,"enemies":"infinitespire:MassOfShapes","floor":50,"turns":8}],"seed_played":"-343843732597972897","potions_obtained":[{"floor":1.0,"key":"DuplicationPotion"},{"floor":5.0,"key":"ColorlessPotion"},{"floor":6.0,"key":"DistilledChaos"},{"floor":12.0,"key":"LiquidMemories"},{"floor":16.0,"key":"DistilledChaos"},{"floor":25.0,"key":"SteroidPotion"},{"floor":29.0,"key":"GamblersBrew"},{"floor":33,"key":"Fruit Juice"},{"floor":35,"key":"EssenceOfSteel"},{"floor":42,"key":"FairyPotion"},{"floor":48,"key":"DuplicationPotion"}],"is_trial":false,"path_per_floor":["M","T","?","M","M","E","R","M","T","E","R","M","M","?","R","B",null,"M","?","M","?","$","E","R","M","T","E","AVR","M","?","M","R","B",null,"M","$","?","M","M","E","R","E","T","M","R","$","M","E","R","B",null],"character_chosen":"THE_SILENT","items_purchased":["Deadly Poison","Quick Slash","Noxious Fumes","Prayer Wheel","GhostInAJar","Noxious Fumes","Tactician"],"campfire_rested":2,"item_purchase_floors":[0,0,22,22,36,36,46],"current_hp_per_floor":[41,41,41,39,39,7,28,27,27,6,27,27,17,22,22,4,57,57,57,57,24,24,14,14,18,23,21,21,24,24,28,28,38,70,74,74,74,79,80,73,73,80,80,63,63,63,62,61,61,60],"gold":109,"neow_bonus":"","is_daily":false,"chose_seed":false,"campfire_upgraded":6,"win_rate":0.0,"timestamp":1614128308,"path_taken":["M","?","?","M","M","E","R","M","T","E","R","M","?","?","R","BOSS","M","?","?","?","?","E","R","?","T","E","AVR","M","?","M","R","BOSS","M","$","?","M","M","E","R","E","T","?","R","$","M","E","R","BOSS"],"items_purchased_type":["Card","Card","Card","Relic","Potion","Card","Card"],"build_version":"2020-12-22","purchased_purges":4,"victory":true,"max_hp_per_floor":[70,70,70,70,70,70,70,70,70,70,70,70,70,75,75,75,75,75,75,75,75,75,75,75,75,75,75,75,75,75,75,75,80,80,80,80,80,80,80,80,80,80,80,80,80,80,80,80,80,80],"card_choices":[{"not_picked":["Dash","Quick Slash"],"picked":"Deadly Poison","floor":1.0},{"not_picked":["Flechettes","Cloak And Dagger"],"picked":"Deadly Poison","floor":4.0},{"not_picked":["Prepared","Expertise"],"picked":"Masterful Stab","floor":5.0},{"not_picked":["Accuracy","Quick Slash"],"picked":"Dagger Spray","floor":6.0},{"not_picked":["PiercingWail","Dodge and Roll"],"picked":"Footwork","floor":8.0},{"not_picked":["Terror","Slice"],"picked":"Catalyst","floor":10.0},{"not_picked":["Choke","Slice"],"picked":"Corpse Explosion","floor":12.0},{"not_picked":["Accuracy","Infinite Blades"],"picked":"Poisoned Stab","floor":13.0},{"not_picked":["Night Terror","Wraith Form v2"],"picked":"Burst","floor":16.0},{"not_picked":["Poisoned Stab"],"picked":"SKIP","floor":18.0},{"not_picked":["Concentrate"],"picked":"SKIP","floor":20.0},{"not_picked":["Setup+1"],"picked":"SKIP","floor":23.0},{"not_picked":[],"picked":"Backflip","floor":25.0},{"not_picked":[],"picked":"Acrobatics","floor":25.0},{"not_picked":["All Out Attack"],"picked":"SKIP","floor":27.0},{"not_picked":["Outmaneuver"],"picked":"SKIP","floor":29.0},{"not_picked":["Bane+1"],"picked":"SKIP","floor":29.0},{"not_picked":["Deadly Poison"],"picked":"SKIP","floor":31.0},{"not_picked":["Accuracy"],"picked":"SKIP","floor":31.0},{"not_picked":[],"picked":"Dodge and Roll","floor":35},{"not_picked":["Setup+1"],"picked":"SKIP","floor":35},{"not_picked":[],"picked":"Acrobatics+1","floor":38},{"not_picked":["Skewer+1"],"picked":"SKIP","floor":38},{"not_picked":["Cloak And Dagger+1"],"picked":"SKIP","floor":39},{"not_picked":["Dagger Throw+1"],"picked":"SKIP","floor":39},{"not_picked":["Reflex+1"],"picked":"SKIP","floor":40},{"not_picked":["Quick Slash+1"],"picked":"SKIP","floor":42},{"not_picked":["Finisher+1"],"picked":"SKIP","floor":44},{"not_picked":["Flying Knee+1"],"picked":"SKIP","floor":44},{"not_picked":[],"picked":"Backstab+1","floor":47},{"not_picked":["Quick Slash+1"],"picked":"SKIP","floor":47},{"not_picked":["Quick Slash+1"],"picked":"SKIP","floor":48}],"player_experience":154805,"relics_obtained":[{"floor":2.0,"key":"infinitespire:Midas Blood"},{"floor":6.0,"key":"Unceasing Top"},{"floor":10.0,"key":"Oddly Smooth Stone"},{"floor":23.0,"key":"Smiling Mask"},{"floor":26.0,"key":"Centennial Puzzle"},{"floor":27.0,"key":"Bronze Scales"},{"floor":40,"key":"Snake Skull"},{"floor":40,"key":"Incense Burner"},{"floor":42,"key":"infinitespire:CursedDice"},{"floor":42,"key":"The Specimen"},{"floor":43,"key":"Akabeko"},{"floor":48,"key":"Toxic Egg 2"},{"floor":48,"key":"Bag of Marbles"}],"event_choices":[{"damage_healed":0.0,"max_hp_gain":0.0,"max_hp_loss":0.0,"gold_gain":0.0,"event_name":"FaceTrader","player_choice":"Trade","floor":3.0,"gold_loss":0.0,"damage_taken":0.0,"relics_obtained":["NlothsMask"]},{"damage_healed":0.0,"max_hp_gain":5.0,"max_hp_loss":0.0,"gold_gain":0.0,"event_name":"Big Fish","player_choice":"Donut","floor":14.0,"gold_loss":0.0,"damage_taken":0.0},{"damage_healed":0.0,"max_hp_gain":0.0,"max_hp_loss":0.0,"gold_gain":0.0,"cards_transformed":["Strike_G"],"event_name":"Transmorgrifier","player_choice":"Transformed","floor":19.0,"gold_loss":0.0,"damage_taken":0.0,"cards_obtained":["Dash"]},{"damage_healed":0.0,"max_hp_gain":57.0,"max_hp_loss":24.0,"gold_gain":0.0,"event_name":"betterAltar:BetterAltar","player_choice":" Idol ","floor":21.0,"potions_obtained":[],"relics_lost":[],"gold_loss":0.0,"damage_taken":38.0,"relics_obtained":["Bloody Idol"]},{"damage_healed":0.0,"max_hp_gain":0.0,"max_hp_loss":0.0,"gold_gain":0.0,"event_name":"Vampires","player_choice":"Ignored","floor":30.0,"gold_loss":0.0,"damage_taken":0.0},{"damage_healed":0,"gold_gain":0,"player_choice":"Paid Gold","damage_taken":0,"relics_obtained":["Molten Egg 2"],"max_hp_gain":0,"max_hp_loss":0,"event_name":"WeMeetAgain","floor":37,"gold_loss":51}],"is_beta":false,"boss_relics":[{"not_picked":["HoveringKite","Runic Dome"],"picked":"Busted Crown"},{"not_picked":["Calling Bell","Philosopher\u0027s Stone"],"picked":"Black Star"}],"items_purged_floors":[22,28,36,46],"is_endless":false,"potions_floor_spawned":[1,5,6,12,16,25,29,33,35,42,44,47,48],"ascension_level":7}}