{"host":"pheno","time":1614158520,"event":{"mods":["BaseMod","Minty Spire (QoL Compilation)","StSLib","The Marked"],"gold_per_floor":[109,109,128,147,164,190,213,280,280,280,294,323,323,20,20,120,120,140,140,152,172,188,188,213,225,250,250,260,276,288,316,316,421,421,439,439,787,321,340,340,373,41,115,133,165,180,280,299,299,299,299],"floor_reached":50,"language":"ZHS","playtime":1970,"items_purged":[],"score":717,"play_id":"3b8b9a74-a4f0-49a9-bdc5-a4f5986882a2","local_time":"20210224172200","is_ascension_mode":true,"campfire_choices":[{"data":"theMarked:BindingBlade","floor":10.0,"key":"SMITH"},{"data":"theMarked:Aftermath","floor":13.0,"key":"SMITH"},{"data":"theMarked:RepellingDischarge","floor":15.0,"key":"SMITH"},{"data":"theMarked:Generate","floor":23.0,"key":"SMITH"},{"floor":27.0,"key":"REST"},{"floor":32.0,"key":"REST"},{"data":"1","floor":40.0,"key":"LIFT"},{"floor":49.0,"key":"REST"}],"circlet_count":0,"master_deck":["theMarked:Strike","theMarked:Strike","theMarked:Strike","theMarked:Strike","theMarked:Strike+1","theMarked:Defend","theMarked:Defend","theMarked:Defend","theMarked:Defend","theMarked:SoldierOfQuellstein+1","theMarked:TwofoldDefense","theMarked:Aftermath+1","theMarked:BindingBlade+1","theMarked:BanishingWave","theMarked:ElectricStrings","theMarked:RepellingDischarge+1","theMarked:HeightenedSenses","theMarked:BindingBlade+1","theMarked:Frustration+1","theMarked:Generate+1","theMarked:HeightenedSenses+1","theMarked:Reabsorb","theMarked:BindingBlade","theMarked:TwofoldDefense+1","theMarked:BanishingStrike","theMarked:ChannelForce","theMarked:DispelDoubt","theMarked:Frustration","theMarked:TurnInvisible","theMarked:OneWithTheBlade+1","Madness+1","Madness","theMarked:KeepCalmAndFight","theMarked:Opportunist","theMarked:ChainLightning+1","theMarked:EternalStudent","theMarked:MysticalArsenal","theMarked:Frustration+1","theMarked:RepellingDischarge+1","Parasite","theMarked:Determination+1","theMarked:Overcharge+1"],"relics":["theMarked:BronzeBlade","Pen Nib","Lantern","Bird Faced Urn","Bag of Marbles","theMarked:VonisonLock","Oddly Smooth Stone","PreservedInsect","Girya","Sozu","Old Coin","Mummified Hand","theMarked:DemonDagger","Bottled Tornado","Calipers","theMarked:NailFile","War Paint"],"acts_visited":["Exordium","TheCity","TheBeyond"],"potions_floor_usage":[],"damage_taken":[{"damage":1.0,"enemies":"Cultist","floor":1.0,"turns":3.0},{"damage":1.0,"enemies":"Jaw Worm","floor":3.0,"turns":5.0},{"damage":0.0,"enemies":"Small Slimes","floor":4.0,"turns":3.0},{"damage":2.0,"enemies":"Looter","floor":5.0,"turns":3.0},{"damage":15.0,"enemies":"Lagavulin","floor":6.0,"turns":7.0},{"damage":4.0,"enemies":"3 Louse","floor":11.0,"turns":3.0},{"damage":5.0,"enemies":"3 Sentries","floor":12.0,"turns":4.0},{"damage":20.0,"enemies":"The Guardian","floor":16.0,"turns":10.0},{"damage":0.0,"enemies":"3 Byrds","floor":18.0,"turns":1.0},{"damage":2.0,"enemies":"Chosen","floor":20.0,"turns":3.0},{"damage":6.0,"enemies":"Centurion and Healer","floor":21.0,"turns":2.0},{"damage":0.0,"enemies":"3 Cultists","floor":22.0,"turns":4.0},{"damage":16.0,"enemies":"Book of Stabbing","floor":24.0,"turns":4.0},{"damage":8.0,"enemies":"Shelled Parasite and Fungi","floor":25.0,"turns":3.0},{"damage":3.0,"enemies":"Snake Plant","floor":28.0,"turns":3.0},{"damage":12.0,"enemies":"Chosen and Byrds","floor":29.0,"turns":4.0},{"damage":6.0,"enemies":"3 Cultists","floor":30.0,"turns":3.0},{"damage":6.0,"enemies":"Slavers","floor":31.0,"turns":4.0},{"damage":52.0,"enemies":"Collector","floor":33.0,"turns":4.0},{"damage":0.0,"enemies":"3 Shapes","floor":35.0,"turns":5.0},{"damage":12.0,"enemies":"2 Orb Walkers","floor":37.0,"turns":4.0},{"damage":10.0,"enemies":"Orb Walker","floor":39.0,"turns":2.0},{"damage":50.0,"enemies":"Reptomancer","floor":41.0,"turns":6.0},{"damage":0.0,"enemies":"4 Shapes","floor":44.0,"turns":6.0},{"damage":6.0,"enemies":"Nemesis","floor":45.0,"turns":3.0},{"damage":4.0,"enemies":"Writhing Mass","floor":46.0,"turns":3.0},{"damage":5.0,"enemies":"Sphere and 2 Shapes","floor":48.0,"turns":4.0},{"damage":85,"enemies":"Donu and Deca","floor":50,"turns":8}],"seed_played":"153251393270645106","potions_obtained":[{"floor":3.0,"key":"LiquidMemories"},{"floor":4.0,"key":"Dexterity Potion"},{"floor":5.0,"key":"Energy Potion"},{"floor":12.0,"key":"ColorlessPotion"},{"floor":21.0,"key":"Explosive Potion"},{"floor":25.0,"key":"theMarked:SummonPotion"},{"floor":30.0,"key":"FairyPotion"},{"floor":33.0,"key":"Swift Potion"}],"is_trial":false,"path_per_floor":["M","?","M","M","M","E","T","?","T","R","M","E","R","$","R","B",null,"M","?","M","M","M","R","E","M","T","R","M","M","M","E","R","B",null,"M","?","?","$","M","R","E","$","T","M","E","M","?","M","R","B"],"character_chosen":"THE_DEFAULT","items_purchased":["theMarked:VonisonLock","Mummified Hand","theMarked:DemonDagger","theMarked:Opportunist","Calipers","theMarked:MysticalArsenal"],"campfire_rested":3,"item_purchase_floors":[14,38,38,38,42,42],"current_hp_per_floor":[78,62,61,61,59,44,44,44,44,44,40,35,35,35,35,15,79,79,64,62,56,56,56,40,32,32,57,54,42,36,30,55,3,84,84,73,61,61,51,51,3,3,3,7,15,13,13,12,37,0,0],"gold":299,"neow_bonus":"TEN_PERCENT_HP_BONUS","is_daily":false,"chose_seed":false,"campfire_upgraded":4,"win_rate":0.0,"timestamp":1614158520,"path_taken":["M","?","M","M","M","E","?","?","T","R","M","E","R","$","R","BOSS","M","?","M","M","M","R","E","M","T","R","M","M","M","E","R","BOSS","M","?","?","$","M","R","E","$","T","M","E","M","?","?","R","BOSS"],"items_purchased_type":["Relic","Relic","Relic","Card","Relic","Card"],"build_version":"2020-12-18","purchased_purges":0,"victory":false,"max_hp_per_floor":[79,79,79,79,79,79,79,79,79,79,79,79,79,79,79,79,79,79,84,84,84,84,84,84,84,84,84,84,84,84,84,84,84,84,84,84,84,84,84,84,84,84,84,84,84,84,84,84,84,84,84],"card_choices":[{"not_picked":["theMarked:BanishingStrike","theMarked:Memento"],"picked":"theMarked:TwofoldDefense","floor":1.0},{"not_picked":["theMarked:TwofoldDefense","theMarked:Polarize"],"picked":"theMarked:Aftermath","floor":3.0},{"not_picked":["theMarked:Memento","theMarked:SwordAndMagic"],"picked":"theMarked:BindingBlade","floor":4.0},{"not_picked":["theMarked:ElectricStrings","theMarked:HeightenedSenses"],"picked":"theMarked:BanishingWave","floor":5.0},{"not_picked":["theMarked:Opportunist","theMarked:EmpowerWeapon"],"picked":"theMarked:ElectricStrings","floor":6.0},{"not_picked":["theMarked:GodGivenPower","theMarked:Improvise"],"picked":"theMarked:RepellingDischarge","floor":11.0},{"not_picked":["theMarked:ChannelForce","theMarked:TakeCover"],"picked":"theMarked:HeightenedSenses","floor":12.0},{"not_picked":["theMarked:UnarmedFury","theMarked:MagusForm"],"picked":"theMarked:BindingBlade","floor":16.0},{"not_picked":["theMarked:ElectricStrings","theMarked:HeightenedSenses"],"picked":"theMarked:Frustration+1","floor":18.0},{"not_picked":["theMarked:TwofoldDefense","theMarked:WastefulAttack"],"picked":"theMarked:Generate","floor":20.0},{"not_picked":["theMarked:OneWithTheBlade","theMarked:WastefulAttack"],"picked":"theMarked:HeightenedSenses+1","floor":21.0},{"not_picked":["theMarked:Improvise+1","theMarked:ElectricStrings"],"picked":"theMarked:Reabsorb","floor":22.0},{"not_picked":["theMarked:Friction","theMarked:TwofoldDefense+1"],"picked":"theMarked:BindingBlade","floor":24.0},{"not_picked":["theMarked:ChainLightning","theMarked:ResourceFulStrike+1"],"picked":"theMarked:TwofoldDefense+1","floor":25.0},{"not_picked":["theMarked:Convert","theMarked:BanishingWave"],"picked":"theMarked:BanishingStrike","floor":28.0},{"not_picked":["theMarked:Improvise+1","theMarked:TakeCover"],"picked":"theMarked:ChannelForce","floor":29.0},{"not_picked":["theMarked:ResourceFulStrike","theMarked:TwofoldDefense"],"picked":"theMarked:DispelDoubt","floor":30.0},{"not_picked":["theMarked:ShockingTouch","theMarked:TakeCover"],"picked":"theMarked:Frustration","floor":31.0},{"not_picked":["theMarked:Toughness","theMarked:BindingBlade"],"picked":"theMarked:TurnInvisible","floor":33.0},{"not_picked":["theMarked:EnhanceMovement","theMarked:Frustration"],"picked":"theMarked:OneWithTheBlade+1","floor":35.0},{"not_picked":["theMarked:EmpowerWeapon","theMarked:ContemptForTheProud"],"picked":"theMarked:KeepCalmAndFight","floor":37.0},{"not_picked":["theMarked:Seal+1","theMarked:Improvise"],"picked":"theMarked:ChainLightning+1","floor":39.0},{"not_picked":["theMarked:SwordAndMagic+1","theMarked:Electrocute"],"picked":"theMarked:EternalStudent","floor":41.0},{"not_picked":["theMarked:TunnelVision+1","theMarked:ElectricStrings"],"picked":"theMarked:Frustration+1","floor":44.0},{"not_picked":["theMarked:HeightenedSenses+1","theMarked:TwofoldDefense+1"],"picked":"theMarked:RepellingDischarge+1","floor":45.0},{"not_picked":["theMarked:HeightenedSenses+1","theMarked:ResourceFulStrike"],"picked":"theMarked:Determination+1","floor":46.0},{"not_picked":["theMarked:TakeCover","theMarked:BanishingStrike+1"],"picked":"theMarked:Overcharge+1","floor":48.0}],"player_experience":726325,"relics_obtained":[{"floor":6.0,"key":"Pen Nib"},{"floor":7.0,"key":"Lantern"},{"floor":9.0,"key":"Bird Faced Urn"},{"floor":12.0,"key":"Bag of Marbles"},{"floor":24.0,"key":"Oddly Smooth Stone"},{"floor":26.0,"key":"PreservedInsect"},{"floor":31.0,"key":"Girya"},{"floor":37.0,"key":"Old Coin"},{"floor":41.0,"key":"Bottled Tornado"},{"floor":43.0,"key":"theMarked:NailFile"},{"floor":45.0,"key":"War Paint"}],"event_choices":[{"damage_healed":0.0,"max_hp_gain":0.0,"max_hp_loss":0.0,"gold_gain":0.0,"event_name":"Shining Light","player_choice":"Entered Light","floor":2.0,"gold_loss":0.0,"damage_taken":16.0,"cards_upgraded":["theMarked:SoldierOfQuellstein","theMarked:Strike"]},{"damage_healed":0.0,"max_hp_gain":0.0,"max_hp_loss":0.0,"gold_gain":67.0,"event_name":"Golden Wing","player_choice":"Gained Gold","floor":8.0,"gold_loss":0.0,"damage_taken":0.0},{"damage_healed":0.0,"max_hp_gain":5.0,"max_hp_loss":0.0,"gold_gain":0.0,"event_name":"Forgotten Altar","player_choice":"Shed Blood","floor":19.0,"gold_loss":0.0,"damage_taken":20.0},{"damage_healed":0.0,"max_hp_gain":0.0,"max_hp_loss":0.0,"gold_gain":0.0,"event_name":"Winding Halls","player_choice":"Embrace Madness","floor":36.0,"gold_loss":0.0,"damage_taken":11.0,"cards_obtained":["Madness","Madness"]},{"damage_healed":0.0,"max_hp_gain":0.0,"max_hp_loss":0.0,"gold_gain":0.0,"event_name":"Mysterious Sphere","player_choice":"Fight","floor":37.0,"gold_loss":0.0,"damage_taken":0.0},{"damage_healed":0.0,"max_hp_gain":0.0,"max_hp_loss":0.0,"gold_gain":100.0,"event_name":"Golden Shrine","player_choice":"Pray","floor":47.0,"gold_loss":0.0,"damage_taken":0.0}],"is_beta":true,"boss_relics":[{"not_picked":["Runic Dome","Tiny House"],"picked":"theMarked:BronzeBlade"},{"not_picked":["Snecko Eye","Coffee Dripper"],"picked":"Sozu"}],"items_purged_floors":[],"is_endless":false,"potions_floor_spawned":[3,4,5,12,16,18,21,25,30,33,39,41,46,48],"killed_by":"Donu and Deca","ascension_level":4}}