{"host":"7jag2woc339g1nhm","time":1614179857,"event":{"mods":["AchievementEnabler","BaseMod","Bestiary","DeckTracker","Minty Spire (QoL Compilation)"],"gold_per_floor":[111,111,111,125,46,46,72,72,95,118,118,129,144,144,144,246,246,265,265,171,191,211,211,241,241,309,320,24,34,34,34,34,135,135,150,161,8,0,0,50,50,80,80,80,80,80,97,109,109,109,109],"floor_reached":50,"language":"ENG","playtime":2683,"items_purged":[],"score":586,"play_id":"d583732f-2b06-476d-8d96-a8ea59811f97","local_time":"20210225014737","is_ascension_mode":false,"campfire_choices":[{"data":"Adaptation","floor":6,"key":"SMITH"},{"data":"FlyingSleeves","floor":8,"key":"SMITH"},{"data":"CutThroughFate","floor":11,"key":"SMITH"},{"data":"Crescendo","floor":15,"key":"SMITH"},{"floor":23,"key":"REST"},{"floor":25,"key":"REST"},{"floor":32,"key":"REST"},{"data":"Establishment","floor":45,"key":"SMITH"},{"floor":49,"key":"REST"}],"circlet_count":0,"master_deck":["Strike_P+1","Strike_P+1","Strike_P+1","Strike_P+1","Defend_P+1","Defend_P+1","Defend_P+1","Defend_P+1","Eruption+1","Vigilance","CutThroughFate+1","Adaptation+1","Conclude","FlyingSleeves+1","Consecrate+1","Consecrate+1","Crescendo+1","LessonLearned+1","Dramatic Entrance+1","ForeignInfluence","TalkToTheHand+1","Collect+1","JustLucky+1","ClearTheMind","Tantrum","Ragnarok","InnerPeace","FearNoEvil+1","ClearTheMind+1","BattleHymn+1","Establishment+1","Protect","Transmutation","Perseverance+1","TalkToTheHand+1"],"relics":["PureWater","NeowsBlessing","PreservedInsect","Dream Catcher","Odd Mushroom","Sozu","Unceasing Top","Shuriken","OrangePellets","Black Star","Red Mask","Gambling Chip","Eternal Feather","Toy Ornithopter","Sundial","Potion Belt"],"acts_visited":["Exordium","TheCity","TheBeyond"],"potions_floor_usage":[16,16,21,24],"damage_taken":[{"damage":0,"enemies":"Jaw Worm","floor":1,"turns":1},{"damage":0,"enemies":"Small Slimes","floor":4,"turns":1},{"damage":0,"enemies":"Lagavulin","floor":7,"turns":1},{"damage":0,"enemies":"The Mushroom Lair","floor":10,"turns":2},{"damage":0,"enemies":"2 Louse","floor":12,"turns":1},{"damage":0,"enemies":"Blue Slaver","floor":13,"turns":3},{"damage":0,"enemies":"Slime Boss","floor":16,"turns":3},{"damage":0,"enemies":"Shell Parasite","floor":18,"turns":2},{"damage":0,"enemies":"Chosen","floor":21,"turns":2},{"damage":43,"enemies":"Shelled Parasite and Fungi","floor":22,"turns":3},{"damage":27,"enemies":"Slavers","floor":24,"turns":2},{"damage":8,"enemies":"Snake Plant","floor":27,"turns":3},{"damage":14,"enemies":"Cultist and Chosen","floor":29,"turns":4},{"damage":17,"enemies":"Automaton","floor":33,"turns":5},{"damage":11,"enemies":"3 Darklings","floor":35,"turns":2},{"damage":10,"enemies":"Orb Walker","floor":36,"turns":2},{"damage":22,"enemies":"Mind Bloom Boss Battle","floor":40,"turns":7},{"damage":15,"enemies":"Giant Head","floor":42,"turns":5},{"damage":32,"enemies":"Spire Growth","floor":47,"turns":3},{"damage":21,"enemies":"Sphere and 2 Shapes","floor":48,"turns":3},{"damage":47,"enemies":"Awakened One","floor":50,"turns":7}],"seed_played":"-6676096315407390597","potions_obtained":[{"floor":1,"key":"AttackPotion"},{"floor":4,"key":"AttackPotion"},{"floor":12,"key":"Block Potion"},{"floor":16,"key":"GamblersBrew"}],"is_trial":false,"path_per_floor":["M","?","?","M","$","R","E","R","T","?","R","M","M","$","R","B",null,"M","?","$","M","M","R","E","R","T","M","$","M","$","?","R","B",null,"M","M","$","?","?","?","?","E","T","?","R","T","M","M","R","B"],"character_chosen":"WATCHER","items_purchased":["Conclude","Dramatic Entrance","OrangePellets","Ragnarok","Establishment"],"campfire_rested":4,"item_purchase_floors":[5,20,28,28,37],"current_hp_per_floor":[72,72,72,72,72,72,72,72,72,72,72,72,72,72,72,72,72,72,72,72,72,29,50,23,44,44,36,36,22,22,22,43,26,72,61,51,51,51,51,29,63,48,48,48,63,63,31,10,46,0,0],"gold":109,"neow_bonus":"THREE_ENEMY_KILL","is_daily":false,"chose_seed":false,"campfire_upgraded":5,"win_rate":0.0,"timestamp":1614179857,"path_taken":["M","?","?","M","$","R","E","R","T","?","R","M","M","?","R","BOSS","M","?","$","M","M","R","E","R","T","M","$","?","$","?","R","BOSS","M","M","$","?","?","?","?","E","T","?","R","?","M","?","R","BOSS"],"items_purchased_type":["Card","Card","Relic","Card","Card"],"build_version":"2020-12-22","purchased_purges":0,"victory":false,"max_hp_per_floor":[72,72,72,72,72,72,72,72,72,72,72,72,72,72,72,72,72,72,72,72,72,72,72,72,72,72,72,72,72,72,72,72,72,72,72,72,72,72,72,72,63,63,63,63,63,63,63,63,63,63,63],"card_choices":[{"not_picked":["Nirvana","SashWhip"],"picked":"CutThroughFate","floor":1},{"not_picked":["Halt","Study"],"picked":"Adaptation","floor":4},{"not_picked":["TalkToTheHand","FlurryOfBlows"],"picked":"FlyingSleeves","floor":7},{"not_picked":["WaveOfTheHand","EmptyBody"],"picked":"Consecrate","floor":10},{"not_picked":["FlurryOfBlows","BowlingBash"],"picked":"Consecrate","floor":12},{"not_picked":["CutThroughFate","CrushJoints"],"picked":"Crescendo","floor":13},{"not_picked":["Omniscience","DeusExMachina"],"picked":"LessonLearned","floor":16},{"not_picked":["Swivel","Weave","FlurryOfBlows"],"picked":"SKIP","floor":18},{"not_picked":["EmptyBody","EmptyFist"],"picked":"ForeignInfluence","floor":21},{"not_picked":["Prostrate","EmptyMind+1"],"picked":"TalkToTheHand+1","floor":22},{"not_picked":["FollowUp+1","PathToVictory"],"picked":"Collect+1","floor":23},{"not_picked":["BowlingBash","ThirdEye"],"picked":"JustLucky","floor":24},{"not_picked":["ForeignInfluence","Sanctity"],"picked":"ClearTheMind","floor":25},{"not_picked":["FollowUp","Study"],"picked":"Tantrum","floor":27},{"not_picked":["BowlingBash","Ragnarok"],"picked":"InnerPeace","floor":29},{"not_picked":["EmptyFist","FollowUp"],"picked":"FearNoEvil+1","floor":32},{"not_picked":["Ragnarok","DevaForm"],"picked":"Scrawl","floor":33},{"not_picked":["ThirdEye+1","JustLucky"],"picked":"ClearTheMind+1","floor":35},{"not_picked":["Sanctity","Halt"],"picked":"BattleHymn+1","floor":36},{"not_picked":["Prostrate+1","EmptyBody+1"],"picked":"Protect","floor":40},{"not_picked":["Omniscience","PathToVictory","EmptyBody"],"picked":"SKIP","floor":42},{"not_picked":["Jack Of All Trades","Good Instincts"],"picked":"Transmutation","floor":44},{"not_picked":["EmptyFist+1","CrushJoints","PathToVictory+1"],"picked":"SKIP","floor":47},{"not_picked":["CutThroughFate","PathToVictory"],"picked":"Perseverance+1","floor":48},{"not_picked":["ForeignInfluence+1","Crescendo+1"],"picked":"TalkToTheHand+1","floor":49}],"player_experience":131063,"relics_obtained":[{"floor":7,"key":"PreservedInsect"},{"floor":9,"key":"Dream Catcher"},{"floor":10,"key":"Odd Mushroom"},{"floor":24,"key":"Unceasing Top"},{"floor":26,"key":"Shuriken"},{"floor":40,"key":"Gambling Chip"},{"floor":42,"key":"Eternal Feather"},{"floor":42,"key":"Toy Ornithopter"},{"floor":43,"key":"Sundial"},{"floor":46,"key":"Potion Belt"}],"event_choices":[{"damage_healed":0,"gold_gain":0,"player_choice":"Grow","damage_taken":0,"max_hp_gain":0,"max_hp_loss":0,"event_name":"Living Wall","floor":2,"gold_loss":0,"cards_upgraded":["Eruption"]},{"damage_healed":0,"gold_gain":0,"player_choice":"Leave","damage_taken":0,"max_hp_gain":0,"max_hp_loss":0,"event_name":"The Cleric","floor":3,"gold_loss":0},{"damage_healed":0,"gold_gain":0,"player_choice":"Fought Mushrooms","damage_taken":0,"max_hp_gain":0,"max_hp_loss":0,"event_name":"Mushrooms","floor":10,"gold_loss":0},{"damage_healed":0,"gold_gain":0,"player_choice":"Forge","damage_taken":0,"max_hp_gain":0,"max_hp_loss":0,"event_name":"Accursed Blacksmith","floor":19,"gold_loss":0,"cards_upgraded":["LessonLearned"]},{"damage_healed":0,"gold_gain":0,"player_choice":"Simplicity","damage_taken":0,"max_hp_gain":0,"max_hp_loss":0,"event_name":"Back to Basics","floor":31,"gold_loss":0,"cards_upgraded":["Strike_P","Strike_P","Strike_P","Strike_P","Defend_P","Defend_P","Defend_P","Defend_P"]},{"damage_healed":0,"gold_gain":0,"player_choice":"Paid","damage_taken":0,"relics_obtained":["Red Mask"],"max_hp_gain":0,"max_hp_loss":0,"event_name":"Tomb of Lord Red Mask","floor":38,"gold_loss":8},{"cards_removed":["Scrawl"],"damage_healed":0,"gold_gain":0,"player_choice":"Removed Skill","damage_taken":0,"max_hp_gain":0,"max_hp_loss":0,"event_name":"Falling","floor":39,"gold_loss":0},{"damage_healed":0,"gold_gain":0,"player_choice":"Fight","damage_taken":0,"max_hp_gain":0,"max_hp_loss":0,"event_name":"MindBloom","floor":40,"gold_loss":0},{"damage_healed":63,"gold_gain":0,"player_choice":"Heal","damage_taken":0,"max_hp_gain":0,"max_hp_loss":9,"event_name":"The Moai Head","floor":41,"gold_loss":0},{"damage_healed":0,"gold_gain":0,"player_choice":"Memory 1","damage_taken":0,"max_hp_gain":0,"max_hp_loss":0,"event_name":"SensoryStone","floor":44,"gold_loss":0}],"is_beta":false,"boss_relics":[{"not_picked":["SlaversCollar","Runic Dome"],"picked":"Sozu"},{"not_picked":["VioletLotus","Runic Pyramid"],"picked":"Black Star"}],"items_purged_floors":[],"is_endless":false,"potions_floor_spawned":[1,4,12,16,21,24,33,35,42,47],"killed_by":"Awakened One","ascension_level":0}}