{"host":"71mgpozmht821pzh","time":1614203630,"event":{"mods":["BaseMod","Downfall","Minty Spire (QoL Compilation)","Replay The Spire","StSLib"],"gold_per_floor":[109,123,137,149,164,193,220,220,269,303,303,6,25,49,49,154,154,173,173,45,56,56,89,103,129,129,149,100,132,132,146,146,263,363,380,422,112,155,183,183,233,233,233,233,233,247,291,309,309,312],"floor_reached":51,"language":"ENG","playtime":7044,"items_purged":["sneckomod:Strike"],"score":1216,"play_id":"6a782def-567e-4d91-84e9-60169b90c021","local_time":"20210224155349","daily_mods":["Flight","Lethality"],"is_ascension_mode":false,"campfire_choices":[{"floor":8,"key":"REST"},{"floor":11,"key":"REST"},{"floor":15,"key":"REST"},{"data":"sneckomod:MasterEye","floor":30,"key":"SMITH"},{"data":"sneckomod:MasterEye","floor":32,"key":"SMITH"},{"data":"sneckomod:MasterEye","floor":40,"key":"SMITH"},{"data":"sneckomod:SoulRoll","floor":42,"key":"SMITH"},{"floor":49,"key":"DIG"}],"circlet_count":0,"master_deck":["sneckomod:TailWhip","sneckomod:SnekBite","sneckomod:Unknown","sneckomod:Unknown","sneckomod:Rotation","Guardian:PolyBeam","Guardian:PrimingBeam","Guardian:Suspension","Guardian:Incinerate","Guardian:TimeSifter","sneckomod:UnknownDexterity","sneckomod:IronFang","sneckomod:Restock","Guardian:ExploitGems","Guardian:RevengeProtocol","sneckomod:UnknownRareAttack","sneckomod:UnknownWeak","sneckomod:Nope","sneckomod:MasterEye+1","sneckomod:SoulRoll+1","Guardian:Planning","sneckomod:DiceBlock","sneckomod:MasterEye+1","sneckomod:QuickMove","sneckomod:ImprovisedGuard","sneckomod:DiceCrush","sneckomod:QuickMove","sneckomod:GlitteringGambit","Guardian:WalkerClaw+1","sneckomod:Restock","sneckomod:UnknownStrength+1","sneckomod:SlitherStrike+1","sneckomod:MasterEye+1","sneckomod:SoulDraw","sneckomod:Transmogrify","sneckomod:Nope+1","Impervious","Guardian:FloatingOrbs","sneckomod:UnknownDraw+1","Guardian:RefractedBeam"],"relics":["sneckomod:SneckoSoul","Sundial","ReplayTheSpireMod:TigerMarble","Tiny Chest","Replay:Rubber Ducky","Replay:Grab Bag","ReplayTheSpireMod:Onyx Gauntlets","Painkiller Herb","Pandora\u0027s Box","MutagenicStrength","Replay:Mystery Machine","sneckomod:ConfusingCodex","Replay:Wanted Poster","Bronze Scales","Slimebound:StickyStick","Replay:Ringing Soul","Iron Hammer","Snack Pack","Happy Flower","champ:DuelingGlove","Orichalcum"],"acts_visited":["Exordium","TheCity","TheBeyond"],"potions_floor_usage":[4,6,10,22,23,25,29,33,38,46,50,50],"damage_taken":[{"damage":0,"enemies":"Cultist","floor":1,"turns":2},{"damage":0,"enemies":"2 Louse","floor":2,"turns":2},{"damage":9,"enemies":"Jaw Worm","floor":3,"turns":2},{"damage":14,"enemies":"Gremlin Gang","floor":4,"turns":3},{"damage":0,"enemies":"Exordium Wildlife","floor":5,"turns":3},{"damage":26,"enemies":"3 Sentries","floor":6,"turns":5},{"damage":12,"enemies":"Gremlin Nob","floor":7,"turns":3},{"damage":26,"enemies":"3 Sentries","floor":10,"turns":6},{"damage":25,"enemies":"Blue Slaver","floor":13,"turns":3},{"damage":31,"enemies":"The Guardian","floor":16,"turns":8},{"damage":3,"enemies":"Shell Parasite","floor":18,"turns":2},{"damage":0,"enemies":"Spheric Guardian","floor":21,"turns":1},{"damage":0,"enemies":"Chosen and Byrds","floor":22,"turns":1},{"damage":25,"enemies":"Gremlin Leader","floor":23,"turns":6},{"damage":0,"enemies":"3 Cultists","floor":24,"turns":3},{"damage":3,"enemies":"Slavers","floor":25,"turns":4},{"damage":10,"enemies":"Snecko","floor":27,"turns":4},{"damage":0,"enemies":"Book of Stabbing","floor":29,"turns":2},{"damage":0,"enemies":"Centurion and Healer","floor":31,"turns":3},{"damage":0,"enemies":"Pondfish","floor":33,"turns":5},{"damage":0,"enemies":"3 Darklings","floor":35,"turns":1},{"damage":0,"enemies":"3 Shapes","floor":36,"turns":1},{"damage":8,"enemies":"Sphere and 2 Shapes","floor":38,"turns":4},{"damage":0,"enemies":"4 Shapes","floor":39,"turns":4},{"damage":1,"enemies":"R_Hoarder","floor":41,"turns":4},{"damage":10,"enemies":"Jaw Worm Horde","floor":46,"turns":3},{"damage":10,"enemies":"Nemesis","floor":47,"turns":5},{"damage":0,"enemies":"Transient","floor":48,"turns":5},{"damage":0,"enemies":"Time Eater","floor":50,"turns":5}],"seed_played":"6966035662488000642","potions_obtained":[{"floor":2,"key":"champ:CounterPotion"},{"floor":4,"key":"Energy Potion"},{"floor":5,"key":"SpeedPotion"},{"floor":6,"key":"Guardian:BlockOnCardUsePotion"},{"floor":13,"key":"champ:CounterPotion"},{"floor":16,"key":"SmokeBomb"},{"floor":23,"key":"DistilledChaos"},{"floor":24,"key":"champ:CounterPotion"},{"floor":25,"key":"BlessingOfTheForge"},{"floor":27,"key":"sneckomod:DiceRollPotion"},{"floor":29,"key":"PowerPotion"},{"floor":33,"key":"Ancient Potion"},{"floor":35,"key":"bronze:BurnAndBuffPotion"},{"floor":36,"key":"Swift Potion"},{"floor":48,"key":"SneckoOil"}],"is_trial":true,"path_per_floor":["M","M","M","M","M","E","E","R","T","E","R","$","M","T","R","B",null,"?","?","T","?","?","E","?","E","T","?","T","E","T","?","T","B",null,"?","?","T","?","?","T","E","T","T","T","T","?","E","?","T","B",null],"character_chosen":"THE_SNECKO","items_purchased":["sneckomod:UnknownDexterity","Regal Pillow","sneckomod:MasterEye","sneckomod:SoulRoll","Guardian:Planning","sneckomod:QuickMove","sneckomod:SlitherStrike+1","sneckomod:MasterEye","sneckomod:SoulDraw","sneckomod:Transmogrify"],"campfire_rested":3,"item_purchase_floors":[12,12,20,20,20,28,37,37,37,37],"current_hp_per_floor":[90,90,81,67,67,41,29,56,56,30,57,57,32,32,74,43,90,90,90,90,90,90,70,70,67,67,57,57,57,57,57,57,84,90,90,90,90,87,90,90,90,90,90,93,93,88,83,102,102,102],"gold":312,"neow_bonus":"","is_daily":false,"chose_seed":false,"campfire_upgraded":4,"win_rate":0.0,"timestamp":1614203629,"path_taken":["M","M","M","M","M","E","E","R","T","E","R","$","M","?","R","BOSS","?","?","T","?","?","E","?","E","T","?","T","E","T","?","T","BOSS","?","?","T","?","?","T","E","T","T","T","T","?","E","?","T","BOSS"],"items_purchased_type":["Card","Relic","Card","Card","Card","Card","Card","Card","Card","Card"],"build_version":"2020-12-22","purchased_purges":1,"victory":true,"max_hp_per_floor":[90,90,90,90,90,90,90,90,90,90,90,90,90,90,90,90,90,90,90,90,90,90,90,90,90,90,90,90,90,90,90,90,90,90,90,90,90,90,90,90,90,90,90,93,93,96,99,102,102,102],"card_choices":[{"not_picked":["Guardian:Gem_Blue","sneckomod:UnknownStrike"],"picked":"sneckomod:Rotation","floor":1},{"not_picked":["Guardian:Reroute","sneckomod:UnendingSupply"],"picked":"Guardian:PolyBeam","floor":2},{"not_picked":["sneckomod:UnknownDexterity","sneckomod:DiceCrush"],"picked":"Guardian:PrimingBeam","floor":3},{"not_picked":["Guardian:RollAttack","sneckomod:SoulCleanse"],"picked":"sneckomod:UnknownBlock","floor":4},{"not_picked":["sneckomod:WideSting","sneckomod:UnknownCommonSkill"],"picked":"Guardian:Suspension","floor":5},{"not_picked":["sneckomod:SoulDraw","Guardian:CrystalBeam"],"picked":"Guardian:Incinerate","floor":6},{"not_picked":["Guardian:Clone","sneckomod:UnknownWeak"],"picked":"Guardian:TimeSifter","floor":7},{"not_picked":["sneckomod:RainOfDice","Guardian:PrismaticBeam"],"picked":"Guardian:Gem_Fragmented","floor":10},{"not_picked":["Guardian:VentSteam","sneckomod:DefensiveFlair"],"picked":"sneckomod:IronFang","floor":13},{"not_picked":["Guardian:HyperBeam_Guardian","Guardian:StasisEngine"],"picked":"sneckomod:Restock","floor":16},{"not_picked":["Guardian:Incinerate","sneckomod:UnknownWeak"],"picked":"sneckomod:Nope","floor":18},{"not_picked":["Guardian:PrismaticBarrier+1","sneckomod:UnknownCommonAttack+1"],"picked":"sneckomod:DiceBlock","floor":21},{"not_picked":["Guardian:CrystalBeam","Guardian:TemporalStrike"],"picked":"sneckomod:MasterEye","floor":23},{"not_picked":["Guardian:RollAttack","Guardian:VentSteam"],"picked":"sneckomod:QuickMove","floor":24},{"not_picked":["sneckomod:Unknown1Cost","sneckomod:Mudshield"],"picked":"sneckomod:ImprovisedGuard","floor":25},{"not_picked":["Guardian:Clone","sneckomod:IronFang"],"picked":"sneckomod:DiceCrush","floor":27},{"not_picked":["Guardian:PiercingHide+1","sneckomod:UnendingSupply"],"picked":"sneckomod:GlitteringGambit","floor":29},{"not_picked":["Guardian:Gem_Green","Guardian:TemporalStrike"],"picked":"Guardian:WalkerClaw+1","floor":31},{"not_picked":["sneckomod:Mudshield","Guardian:TimeSifter"],"picked":"sneckomod:Restock","floor":33},{"not_picked":["Guardian:Gem_Cyan","sneckomod:Unknown1Cost"],"picked":"Guardian:Gem_Purple","floor":35},{"not_picked":["sneckomod:UnknownUncommonSkill","sneckomod:UnknownCommonAttack"],"picked":"sneckomod:UnknownStrength+1","floor":36},{"not_picked":["Guardian:Repulse","sneckomod:DiceCrush"],"picked":"sneckomod:Nope+1","floor":38},{"not_picked":["sneckomod:Unknown1Cost","Guardian:PrismaticBarrier+1"],"picked":"Guardian:Gem_Lightblue","floor":39},{"not_picked":["Guardian:Gem_Lightblue","Guardian:Gem_Red"],"picked":"Guardian:Gem_Cyan","floor":41},{"not_picked":["Guardian:CrystalBeam+1","Guardian:ChargeCore"],"picked":"Guardian:Gem_Green","floor":41},{"not_picked":["Guardian:StasisStrike","Guardian:Recover+1"],"picked":"Guardian:FloatingOrbs","floor":46},{"not_picked":["Guardian:Gem_Lightblue","Guardian:Preprogram"],"picked":"sneckomod:UnknownDraw+1","floor":47},{"not_picked":["sneckomod:DiceCrush+1","Guardian:PrimingBeam"],"picked":"Guardian:RefractedBeam","floor":48}],"player_experience":6533600,"relics_obtained":[{"floor":6,"key":"Sundial"},{"floor":7,"key":"ReplayTheSpireMod:TigerMarble"},{"floor":9,"key":"Tiny Chest"},{"floor":10,"key":"White Beast Statue"},{"floor":14,"key":"Replay:Rubber Ducky"},{"floor":23,"key":"Replay:Mystery Machine"},{"floor":25,"key":"Bronze Scales"},{"floor":26,"key":"Iron Hammer"},{"floor":29,"key":"sneckomod:ConfusingCodex"},{"floor":38,"key":"Snack Pack"},{"floor":39,"key":"Bronze Scales"},{"floor":41,"key":"Slimebound:StickyStick"},{"floor":41,"key":"champ:DuelingGlove"},{"floor":43,"key":"Replay:Ringing Soul"},{"floor":46,"key":"Iron Hammer"},{"floor":47,"key":"Snack Pack"},{"floor":47,"key":"Happy Flower"},{"floor":48,"key":"champ:DuelingGlove"},{"floor":49,"key":"Orichalcum"}],"event_choices":[{"damage_healed":0,"gold_gain":0,"player_choice":"Inject Mutagens","damage_taken":0,"relics_obtained":["MutagenicStrength"],"max_hp_gain":0,"max_hp_loss":0,"event_name":"Drug Dealer","floor":19,"gold_loss":0}],"is_beta":false,"boss_relics":[{"not_picked":["sneckomod:SuperSneckoSoul","Empty Cage"],"picked":"Replay:Grab Bag"},{"not_picked":["ReplayTheSpireMod:DimensionalGlitch","Velvet Choker"],"picked":"ReplayTheSpireMod:Onyx Gauntlets"},{"not_picked":["Coffee Dripper","bronze:MakeshiftBattery"],"picked":"Painkiller Herb"},{"not_picked":["Runic Pyramid","expansioncontent:StudyCardRelic"],"picked":"Pandora\u0027s Box"},{"not_picked":["Tiny House","Black Star"],"picked":"Replay:Wanted Poster"}],"items_purged_floors":[12],"is_endless":false,"potions_floor_spawned":[2,4,5,6,13,16,18,21,22,23,24,25,27,29,31,33,35,36,48],"ascension_level":0}}