{"host":"f97mkdti7dx29mjq","time":1614207423,"event":{"mods":["BaseMod","Colored Powertips","Minty Spire (QoL Compilation)","Quick Restart","Rare Cards Sparkle","StSLib"],"gold_per_floor":[109,123,135,151,151,151,176,176,254,285,134,160,180,32,32,32,32],"floor_reached":16,"language":"ENG","playtime":916,"items_purged":[],"score":126,"play_id":"de777a58-a806-4568-b0c3-b680c1fcf3a4","local_time":"20210224175703","is_ascension_mode":true,"campfire_choices":[{"data":"Rampage","floor":6,"key":"SMITH"},{"data":"Battle Trance","floor":8,"key":"SMITH"},{"data":"Infernal Blade","floor":15,"key":"SMITH"}],"circlet_count":0,"master_deck":["Strike_R","Strike_R","Strike_R","Strike_R","Strike_R","Defend_R","Defend_R","Defend_R","Defend_R","Bash","Rampage+1","Perfected Strike","Battle Trance+1","Twin Strike","Infernal Blade+1","Twin Strike","Wild Strike","Dual Wield"],"relics":["Burning Blood","Prayer Wheel","Question Card","Blood Vial","Vajra","PreservedInsect","Frozen Eye"],"acts_visited":["Exordium"],"potions_floor_usage":[16,16],"damage_taken":[{"damage":6,"enemies":"Cultist","floor":1,"turns":3},{"damage":13,"enemies":"2 Louse","floor":2,"turns":3},{"damage":0,"enemies":"Small Slimes","floor":3,"turns":2},{"damage":3,"enemies":"3 Louse","floor":4,"turns":4},{"damage":39,"enemies":"3 Sentries","floor":7,"turns":8},{"damage":16,"enemies":"Lagavulin","floor":10,"turns":5},{"damage":18,"enemies":"3 Sentries","floor":12,"turns":6},{"damage":0,"enemies":"Looter","floor":13,"turns":2},{"damage":48,"enemies":"Hexaghost","floor":16,"turns":9}],"seed_played":"8131466913656863576","potions_obtained":[{"floor":3,"key":"GamblersBrew"},{"floor":7,"key":"SpeedPotion"},{"floor":12,"key":"Block Potion"}],"is_trial":false,"path_per_floor":["M","M","M","M","?","R","E","R","T","E","$","E","M","$","R","B"],"character_chosen":"IRONCLAD","items_purchased":["Vajra","Frozen Eye"],"campfire_rested":0,"item_purchase_floors":[11,14],"current_hp_per_floor":[88,81,87,88,88,88,55,55,55,45,45,35,43,43,43,0,0],"gold":32,"neow_bonus":"TEN_PERCENT_HP_BONUS","is_daily":false,"chose_seed":false,"campfire_upgraded":3,"win_rate":0.0,"timestamp":1614207423,"path_taken":["M","M","M","M","?","R","E","R","T","E","?","E","M","$","R","BOSS"],"items_purchased_type":["Relic","Relic"],"build_version":"2020-12-22","purchased_purges":0,"victory":false,"max_hp_per_floor":[88,88,88,88,88,88,88,88,88,88,88,88,88,88,88,88,88],"card_choices":[{"not_picked":["Sword Boomerang","Feel No Pain"],"picked":"Rampage","floor":1},{"not_picked":["Clash","Burning Pact"],"picked":"Rampage","floor":2},{"not_picked":["Feel No Pain","Searing Blow"],"picked":"Perfected Strike","floor":3},{"not_picked":["Fire Breathing","Clash"],"picked":"Battle Trance","floor":4},{"not_picked":["Metallicize","Clash"],"picked":"Twin Strike","floor":7},{"not_picked":["Dropkick","Battle Trance","Rampage"],"picked":"Infernal Blade","floor":10},{"not_picked":["Impervious","Second Wind","Sever Soul"],"picked":"Twin Strike","floor":12},{"not_picked":["Blood for Blood","Twin Strike","Body Slam"],"picked":"Wild Strike","floor":13},{"not_picked":["Warcry","Shrug It Off","Entrench"],"picked":"Dual Wield","floor":13}],"player_experience":204303,"relics_obtained":[{"floor":7,"key":"Prayer Wheel"},{"floor":9,"key":"Question Card"},{"floor":10,"key":"Blood Vial"},{"floor":12,"key":"PreservedInsect"}],"event_choices":[{"cards_removed":["Rampage"],"damage_healed":0,"gold_gain":0,"player_choice":"Offered Uncommon","damage_taken":0,"max_hp_gain":0,"max_hp_loss":0,"event_name":"Bonfire Elementals","floor":5,"gold_loss":0}],"is_beta":false,"boss_relics":[],"items_purged_floors":[],"is_endless":false,"potions_floor_spawned":[3,7,12],"killed_by":"Hexaghost","ascension_level":1}}