{"host":"oq0u6q7bjztc2jwc","time":1614189628,"event":{"mods":["AchievementEnabler","BaseMod","Colored Map","Highlight Path","Minty Spire (QoL Compilation)","Permanent Neow","StSLib"],"gold_per_floor":[113,132,18,38,38,70,70,102,102,177,177,62,62,92,92,187,187,198,210,230,115,129,129,129,129],"floor_reached":24,"language":"ENG","playtime":1901,"items_purged":["Strike_G"],"score":257,"play_id":"ebf13c77-b557-46ab-bba3-53efba25d36d","local_time":"20210224130028","is_ascension_mode":true,"campfire_choices":[{"data":"Footwork","floor":7.0,"key":"SMITH"},{"data":"Noxious Fumes","floor":11,"key":"SMITH"},{"data":"Concentrate","floor":13,"key":"SMITH"},{"floor":15,"key":"REST"},{"floor":23,"key":"REST"}],"circlet_count":0,"master_deck":["Strike_G","Strike_G","Strike_G","Defend_G","Defend_G+1","Defend_G","Defend_G","Defend_G","Survivor+1","Neutralize","Footwork+1","Underhanded Strike","Prepared","Noxious Fumes+1","Dagger Throw","Terror","Concentrate+1","Envenom","After Image","Flying Knee+1","Expertise"],"relics":["Ring of the Snake","TungstenRod","Anchor","The Courier","War Paint","White Beast Statue","Oddly Smooth Stone"],"acts_visited":["Exordium","TheCity"],"potions_floor_usage":[16,18,19,22],"damage_taken":[{"damage":2.0,"enemies":"Small Slimes","floor":1.0,"turns":7.0},{"damage":0.0,"enemies":"2 Louse","floor":2.0,"turns":4.0},{"damage":0.0,"enemies":"Cultist","floor":4.0,"turns":4.0},{"damage":1.0,"enemies":"Gremlin Nob","floor":6.0,"turns":3.0},{"damage":11.0,"enemies":"3 Sentries","floor":8.0,"turns":9.0},{"damage":36,"enemies":"Gremlin Nob","floor":14,"turns":5},{"damage":13,"enemies":"The Guardian","floor":16,"turns":9},{"damage":19,"enemies":"Spheric Guardian","floor":18,"turns":6},{"damage":0,"enemies":"2 Thieves","floor":19,"turns":4},{"damage":17,"enemies":"Snake Plant","floor":20,"turns":6},{"damage":26,"enemies":"Shelled Parasite and Fungi","floor":22,"turns":8},{"damage":21,"enemies":"Chosen and Byrds","floor":24,"turns":6}],"seed_played":"8278447804086121521","potions_obtained":[{"floor":2.0,"key":"Fire Potion"},{"floor":4.0,"key":"SteroidPotion"},{"floor":14,"key":"DistilledChaos"},{"floor":16,"key":"GamblersBrew"},{"floor":18,"key":"DistilledChaos"},{"floor":19,"key":"CultistPotion"},{"floor":20,"key":"Energy Potion"},{"floor":22,"key":"Dexterity Potion"}],"is_trial":false,"path_per_floor":["M","M","$","M","?","E","R","E","T","?","R","$","R","E","R","B",null,"M","M","M","$","M","R","M"],"character_chosen":"THE_SILENT","items_purchased":["Prepared","Noxious Fumes","Concentrate","Oddly Smooth Stone"],"campfire_rested":2,"item_purchase_floors":[3,3,12,21],"current_hp_per_floor":[61,61,61,61,55,54,54,43,43,38,38,38,38,2,20,7,63,44,44,27,27,1,19,0,0],"gold":129,"neow_bonus":"ONE_RARE_RELIC","is_daily":false,"chose_seed":false,"campfire_upgraded":3,"win_rate":0.0,"timestamp":1614189628,"path_taken":["M","M","$","M","?","E","R","E","T","?","R","$","R","E","R","BOSS","M","M","?","?","?","R","M"],"items_purchased_type":["Card","Card","Card","Relic"],"build_version":"2020-12-22","purchased_purges":1,"victory":false,"max_hp_per_floor":[63,63,63,63,63,63,63,63,63,63,63,63,63,63,63,63,63,63,63,63,63,63,63,63,63],"card_choices":[{"not_picked":["Deadly Poison","Distraction"],"picked":"Footwork","floor":1.0},{"not_picked":["Skewer","Accuracy"],"picked":"Underhanded Strike","floor":2.0},{"not_picked":["Dodge and Roll","Backflip"],"picked":"Dagger Throw","floor":4.0},{"not_picked":["Backflip","Accuracy","Dash"],"picked":"SKIP","floor":6.0},{"not_picked":["Slice","Masterful Stab"],"picked":"Terror","floor":8.0},{"not_picked":["Doppelganger","Backflip"],"picked":"Envenom","floor":14},{"not_picked":["Malaise","Doppelganger"],"picked":"After Image","floor":16},{"not_picked":["Dagger Spray","Outmaneuver"],"picked":"Flying Knee+1","floor":18},{"not_picked":["Underhanded Strike","Crippling Poison+1"],"picked":"Expertise","floor":19},{"not_picked":["Cloak And Dagger+1","Storm of Steel","Bane"],"picked":"SKIP","floor":20},{"not_picked":["Quick Slash","PiercingWail","Dagger Throw"],"picked":"SKIP","floor":22}],"player_experience":460937,"relics_obtained":[{"floor":6.0,"key":"Anchor"},{"floor":8.0,"key":"The Courier"},{"floor":9.0,"key":"War Paint"},{"floor":14,"key":"White Beast Statue"}],"event_choices":[{"cards_removed":["Strike_G"],"damage_healed":0.0,"max_hp_gain":0.0,"max_hp_loss":0.0,"gold_gain":0.0,"event_name":"Golden Wing","player_choice":"Card Removal","floor":5.0,"gold_loss":0.0,"damage_taken":7.0},{"damage_healed":0,"gold_gain":75,"player_choice":"Touch","damage_taken":6,"max_hp_gain":0,"max_hp_loss":0,"event_name":"FaceTrader","floor":10,"gold_loss":0}],"is_beta":false,"boss_relics":[{"not_picked":["Runic Dome","Ectoplasm","Velvet Choker"]}],"items_purged_floors":[12],"is_endless":false,"potions_floor_spawned":[2,4,14,16,18,19,20,22],"killed_by":"Chosen and Byrds","ascension_level":4}}