{"host":"73bw5seuoedfmnty","time":1614210010,"event":{"mods":["AchievementEnabler","Ascension Reborn","Aspiration","Bard","BaseMod","Challenge The Spire","Conspire","Curses Come First","Custom Start","Downfall","Emptier Cage","Gremlin Mod","Halation","Infinite Spire","Marked Mod","Minty Spire (QoL Compilation)","Permanent Neow","Reliquary","Replay The Spire","Robot Space Explorer","Somnambulant","Spikes Relics","StSLib","The Cursed","The Disciple","The Jungle","The Senshi","thorton"],"gold_per_floor":[114,129,26,36,36,36,64,74,120,132,163,163,177,195,195,291,291,308,318,334,334,347,347,347,347,347,347,367,367,367,386,386,486,486,496,514,347,358,369,403,403,403,452,452,477,477,492,503,503,503,503],"floor_reached":50,"language":"ENG","playtime":8086,"items_purged":["Strike_G","Strike_G"],"score":618,"play_id":"647b085e-e627-4fca-82e9-c17619846101","local_time":"20210224154010","is_ascension_mode":true,"campfire_choices":[{"data":"Toxin Wave","floor":6.0,"key":"SMITH"},{"data":"Replay:Poison Smokescreen","floor":12.0,"key":"SMITH"},{"floor":15.0,"key":"REST"},{"floor":23,"key":"REST"},{"floor":25,"key":"REST"},{"floor":27,"key":"REST"},{"data":"Envenom","floor":29,"key":"SMITH"},{"floor":32,"key":"REST"},{"floor":41,"key":"REST"},{"floor":44,"key":"REST"},{"data":"infinitespire:Neurotoxin","floor":46,"key":"SMITH"},{"data":"Venomology","floor":49,"key":"SMITH"}],"circlet_count":0,"master_deck":["Strike_G","Strike_G","Strike_G","Defend_G","Defend_G","Defend_G","Defend_G","Defend_G","Survivor","Neutralize","Dramatic Entrance+1","Replay:Poison Smokescreen+1","Slice+1","Slice","Deflect","Toxin Wave+1","Noxious Fumes","Crippling Poison+1","Bane","Deflect","Fluid Movement","ReplayTheSpireMod:Speed Training","Envenom+1","Poisoned Stab","Slice+1","Burst","InfectiousVector","infinitespire:Neurotoxin+1","Venomology+1","InfectiousVector+1","Replay:Bootleg Shield Generator","Flying Knee+1","Bane+1","infinitespire:Collect","Deflect+1","Bane+1"],"relics":["Ring of the Serpent","ReplayFunnel","Ornamental Fan","infinitespire:WardingShard","Nloth\u0027s Gift","Iron Hammer","NlothsMask","reliquary:ThirdArm","aspiration:ChemicalBlood","Frozen Eye","Tough Bandages"],"acts_visited":["Exordium","TheCity","TheBeyond"],"potions_floor_usage":[22,33,35,36,38,38,38,38,39,39,40,40,50,50,50,50],"damage_taken":[{"damage":2.0,"enemies":"Jaw Worm","floor":1.0,"turns":8.0},{"damage":0.0,"enemies":"Cultist","floor":2.0,"turns":3.0},{"damage":0.0,"enemies":"Small Slimes","floor":4.0,"turns":2.0},{"damage":3.0,"enemies":"3 Sentries","floor":7.0,"turns":6.0},{"damage":8.0,"enemies":"Exordium Thugs","floor":8.0,"turns":3.0},{"damage":0.0,"enemies":"Looter","floor":10.0,"turns":3.0},{"damage":5.0,"enemies":"Gremlin Nob","floor":11.0,"turns":4.0},{"damage":0.0,"enemies":"Gremlin Gang","floor":13.0,"turns":2.0},{"damage":4.0,"enemies":"Red Slaver","floor":14.0,"turns":3.0},{"damage":24.0,"enemies":"Slime Boss","floor":16.0,"turns":10.0},{"damage":15,"enemies":"3 Byrds","floor":18,"turns":5},{"damage":8,"enemies":"Shell Parasite","floor":19,"turns":6},{"damage":31,"enemies":"Shelled Parasite and Fungi","floor":20,"turns":8},{"damage":2,"enemies":"Centurion and Healer","floor":22,"turns":4},{"damage":19,"enemies":"3 Cultists","floor":28,"turns":4},{"damage":20,"enemies":"Sentry and Sphere","floor":31,"turns":6},{"damage":0,"enemies":"conspire:MysteriousRune","floor":33,"turns":9},{"damage":2,"enemies":"Orb Walker","floor":35,"turns":6},{"damage":35,"enemies":"3 Darklings","floor":36,"turns":4},{"damage":11,"enemies":"Transient","floor":38,"turns":5},{"damage":17,"enemies":"Sphere and 2 Shapes","floor":39,"turns":4},{"damage":15,"enemies":"Nightmare","floor":40,"turns":8},{"damage":0,"enemies":"Nemesis","floor":45,"turns":1},{"damage":18,"enemies":"4 Shapes","floor":47,"turns":6},{"damage":13,"enemies":"Transient","floor":48,"turns":5},{"damage":27,"enemies":"conspire:OrnateMirror","floor":50,"turns":5}],"seed_played":"8396018789441858981","potions_obtained":[{"floor":1.0,"key":"sneckomod:MuddlingPotion"},{"floor":2.0,"key":"LifebloodPotion"},{"floor":7.0,"key":"Elixir"},{"floor":11.0,"key":"Swift Potion"},{"floor":16.0,"key":"FairyPotion"},{"floor":18,"key":"SteroidPotion"},{"floor":31,"key":"Explosive Potion"},{"floor":33,"key":"conspire:TimeTravelPotion"},{"floor":35,"key":"Guardian:BlockOnCardUsePotion"},{"floor":38,"key":"BlessingOfTheForge"},{"floor":50,"key":"Dexterity Potion"}],"is_trial":false,"path_per_floor":["M","M","$","M","?","R","E","M","T","M","E","R","M","M","R","B",null,"M","M","M","T","M","R","?","R","T","R","M","R","?","M","R","B",null,"M","M","$","M","M","NM","R","AVR","T","R","E","R","M","M","R","B"],"character_chosen":"THE_SILENT","items_purchased":["Slice","Deflect","Replay:Bootleg Shield Generator"],"campfire_rested":7,"item_purchase_floors":[3,3,37],"current_hp_per_floor":[68,68,68,68,68,68,65,57,57,57,52,52,52,48,69,45,70,55,47,16,16,14,35,35,56,56,70,51,51,51,31,52,52,70,68,33,33,22,5,15,36,36,36,57,57,57,39,26,26,0,0],"gold":503,"neow_bonus":"RANDOM_COLORLESS","is_daily":false,"chose_seed":false,"campfire_upgraded":5,"win_rate":0.0,"timestamp":1614210010,"path_taken":["M","M","$","M","?","R","E","?","T","M","E","R","M","M","R","BOSS","M","M","M","?","M","R","?","R","T","R","?","R","?","M","R","BOSS","M","M","$","M","M","NM","R","AVR","T","R","E","R","M","?","R","BOSS"],"items_purchased_type":["Card","Card","Card"],"build_version":"2020-12-22","purchased_purges":2,"victory":false,"max_hp_per_floor":[70,70,70,70,70,70,70,70,70,70,70,70,70,70,70,70,70,70,70,70,70,70,70,70,70,70,70,70,70,70,70,70,70,70,70,70,70,70,70,70,70,70,70,70,70,70,70,70,70,70,70],"card_choices":[{"not_picked":["ReplayTheSpireMod:Trickstab","Forethought"],"picked":"Dramatic Entrance","floor":0.0},{"not_picked":["Heel Hook","Catalyst"],"picked":"Replay:Poison Smokescreen","floor":1.0},{"not_picked":["Dagger Throw","Eviscerate"],"picked":"Slice","floor":2.0},{"not_picked":["Footwork","Calculated Gamble"],"picked":"Toxin Wave","floor":4.0},{"not_picked":["Underhanded Strike","Tactician"],"picked":"Noxious Fumes","floor":7.0},{"not_picked":["Toxin Wave","Outmaneuver"],"picked":"Crippling Poison","floor":8.0},{"not_picked":["Backstab","ReplayTheSpireMod:Tripwire"],"picked":"Bane","floor":10.0},{"not_picked":["aspiration:Lunge","Masterful Stab"],"picked":"Deflect","floor":11.0},{"not_picked":["Crippling Poison","Prepared"],"picked":"Fluid Movement","floor":13.0},{"not_picked":["Well Laid Plans","Prepared"],"picked":"ReplayTheSpireMod:Speed Training","floor":14.0},{"not_picked":["Wraith Form v2","Night Terror"],"picked":"Envenom","floor":16.0},{"not_picked":["Hidden Blade","Dodge and Roll+1"],"picked":"Poisoned Stab","floor":18},{"not_picked":["ReplayTheSpireMod:The Works","Well Laid Plans"],"picked":"Slice+1","floor":19},{"not_picked":["PiercingWail","Prepared","Expertise"],"picked":"SKIP","floor":20},{"not_picked":["Backstab+1","Underhanded Strike"],"picked":"Burst","floor":22},{"not_picked":["Eviscerate","Skewer"],"picked":"InfectiousVector","floor":28},{"not_picked":["Deadly Poison","Dagger Throw"],"picked":"infinitespire:Neurotoxin","floor":31},{"not_picked":["Malaise","Unload"],"picked":"Venomology","floor":33},{"not_picked":["Acrobatics+1","Crippling Poison","ReplayTheSpireMod:Exploit Weakness"],"picked":"SKIP","floor":35},{"not_picked":["Dodge and Roll","Masterful Stab+1"],"picked":"InfectiousVector+1","floor":36},{"not_picked":["Dodge and Roll+1","Finisher","Heel Hook"],"picked":"SKIP","floor":38},{"not_picked":["ReplayTheSpireMod:The Works","Predator+1"],"picked":"Flying Knee+1","floor":39},{"not_picked":["Endless Agony","After Image"],"picked":"Bane+1","floor":40},{"not_picked":["Wraith Form v2","Caltrops+1"],"picked":"Deflect+1","floor":45},{"not_picked":["Flying Knee+1","Underhanded Strike+1","Hidden Blade"],"picked":"SKIP","floor":47},{"not_picked":["Envenom","Quick Slash+1"],"picked":"Bane+1","floor":48}],"player_experience":129854,"relics_obtained":[{"floor":7.0,"key":"ReplayFunnel"},{"floor":9.0,"key":"reliquary:Buckler"},{"floor":11.0,"key":"Ornamental Fan"},{"floor":21,"key":"infinitespire:WardingShard"},{"floor":26,"key":"Iron Hammer"},{"floor":40,"key":"aspiration:ChemicalBlood"},{"floor":45,"key":"Tough Bandages"}],"event_choices":[{"damage_healed":0.0,"max_hp_gain":0.0,"max_hp_loss":0.0,"gold_gain":0.0,"event_name":"Upgrade Shrine","player_choice":"Upgraded","floor":5.0,"gold_loss":0.0,"damage_taken":0.0,"cards_upgraded":["Dramatic Entrance"]},{"damage_healed":0,"gold_gain":0,"player_choice":"Traded Relic","damage_taken":0,"relics_obtained":["Nloth\u0027s Gift"],"max_hp_gain":0,"max_hp_loss":0,"event_name":"N\u0027loth","floor":24,"relics_lost":["reliquary:Buckler"],"gold_loss":0},{"damage_healed":0,"gold_gain":0,"player_choice":"Trade","damage_taken":0,"relics_obtained":["NlothsMask"],"max_hp_gain":0,"max_hp_loss":0,"event_name":"FaceTrader","floor":30,"gold_loss":0}],"is_beta":false,"boss_relics":[{"not_picked":["Ectoplasm","halation:HeavySnake"],"picked":"Ring of the Serpent"},{"not_picked":["Black Star","Busted Crown"],"picked":"reliquary:ThirdArm"}],"items_purged_floors":[37,42],"is_endless":true,"potions_floor_spawned":[1,2,7,11,16,18,31,33,35,38],"killed_by":"conspire:OrnateMirror","ascension_level":0}}