{"host":"ppqll9nf92xyjrj9","time":1614151819,"event":{"mods":["Act Like it!","Arknights","BaseMod","Bestiary","Better Third Choice","Bossed Relics","Curses Come First","Ekko","Evolution","Hermit","Jorbs\u0027s Wanderer Trilogy","Keyboard Shortcuts","Marked Mod","Minty Spire (QoL Compilation)","Relic Stats","Shapeshifter Mod","Spicy Shops","StS++","StSLib","The Marked","The Runesmith","Weighted Paths","【遗物卡牌】REMEMod"],"gold_per_floor":[112,129,139,155,169,169,198,208,233,249,249,276,276,301,301,398,398,417,433,447,457,20,20,55,55,55,84,103,103,103,127,127,228,228,246,259,272,290,301,301,351,351,351,385,396,23,23,38,38,38],"floor_reached":51,"language":"ENG","playtime":2803,"items_purged":["Sweeping Beam"],"score":804,"play_id":"e19338b3-d5bd-4d8d-bafe-d9dc27a10d50","local_time":"20210223233019","is_ascension_mode":true,"campfire_choices":[{"data":"Zap","floor":6,"key":"SMITH"},{"data":"Chill","floor":13,"key":"SMITH"},{"floor":15,"key":"REST"},{"data":"Fission","floor":23,"key":"SMITH"},{"data":"Chaos","floor":25,"key":"SMITH"},{"floor":32,"key":"REST"},{"floor":40,"key":"REST"},{"data":"StSpp:Igniter","floor":42,"key":"SMITH"},{"data":"Capacitor","floor":49,"key":"SMITH"}],"circlet_count":0,"master_deck":["Compile Driver","Rebound","Defend_B","Defend_B","Defend_B","Defend_B","Zap+1","Dualcast","StSpp:Channeliser+1","Sweeping Beam","Tempest+1","Turbo","Leap","Tempest","Genetic Algorithm","Static Discharge","StSpp:Mask","Chill+1","Redo","Fission+1","Glacier","Chaos+1","Storm","BootSequence","Loop","Cold Snap","StSpp:Igniter+1","Biased Cognition","REME_DataAnalysis","REME_SelfUpgrade","Thunder Strike","CurseOfTheBell","White Noise","Loop+1","Blizzard+1","Capacitor+1","White Noise","stsjorbsmod:Withering","StSpp:Pointer+1","Glacier","Capacitor+1","Consume+1"],"relics":["Cracked Core","EVO:Axolotl","REME_ComplimentaryCards","NeowsBlessing","Mummified Hand","Vajra","Pen Nib","Omamori","Cursed Key","Pantograph","Dream Catcher","FossilizedHelix","Ancient Tea Set","Oddly Smooth Stone","Calling Bell","Blood Vial","White Beast Statue","StoneCalendar","Incense Burner","Eternal Feather","Bottled Tornado","Chemical X","War Paint"],"acts_visited":["Exordium","TheCity","TheBeyond"],"potions_floor_usage":[12,12,24,27,37,38,39,44,45,50,50,50],"damage_taken":[{"damage":0,"enemies":"Cultist","floor":1,"turns":1},{"damage":0,"enemies":"2 Louse","floor":2,"turns":1},{"damage":0,"enemies":"Small Slimes","floor":3,"turns":1},{"damage":2,"enemies":"3 Louse","floor":4,"turns":2},{"damage":5,"enemies":"Blue Slaver","floor":5,"turns":4},{"damage":22,"enemies":"Lagavulin","floor":7,"turns":5},{"damage":0,"enemies":"Large Slime","floor":8,"turns":3},{"damage":3,"enemies":"Looter","floor":10,"turns":3},{"damage":13,"enemies":"Gremlin Nob","floor":12,"turns":4},{"damage":14,"enemies":"Lagavulin","floor":14,"turns":6},{"damage":40,"enemies":"The Guardian","floor":16,"turns":11},{"damage":0,"enemies":"Spheric Guardian","floor":18,"turns":3},{"damage":4,"enemies":"2 Thieves","floor":19,"turns":4},{"damage":20,"enemies":"Centurion and Healer","floor":20,"turns":8},{"damage":5,"enemies":"Sentry and Sphere","floor":21,"turns":7},{"damage":28,"enemies":"Gremlin Leader","floor":24,"turns":8},{"damage":16,"enemies":"REME_1_Revenger","floor":27,"turns":6},{"damage":0,"enemies":"Snecko","floor":28,"turns":4},{"damage":26,"enemies":"Automaton","floor":33,"turns":7},{"damage":12,"enemies":"3 Darklings","floor":35,"turns":3},{"damage":0,"enemies":"3 Shapes","floor":36,"turns":3},{"damage":0,"enemies":"Jaw Worm Horde","floor":37,"turns":4},{"damage":28,"enemies":"Writhing Mass","floor":38,"turns":7},{"damage":20,"enemies":"3 Darklings","floor":39,"turns":5},{"damage":6,"enemies":"Mind Bloom Boss Battle","floor":41,"turns":7},{"damage":0,"enemies":"Reptomancer","floor":44,"turns":5},{"damage":19,"enemies":"Maw","floor":45,"turns":8},{"damage":20,"enemies":"Sphere and 2 Shapes","floor":48,"turns":5},{"damage":38,"enemies":"Time Eater","floor":50,"turns":8}],"seed_played":"5425791180727067200","potions_obtained":[{"floor":2,"key":"Regen Potion"},{"floor":5,"key":"Block Potion"},{"floor":12,"key":"FearPotion"},{"floor":14,"key":"LiquidBronze"},{"floor":16,"key":"SkillPotion"},{"floor":18,"key":"Energy Potion"},{"floor":27,"key":"SteroidPotion"},{"floor":35,"key":"Energy Potion"},{"floor":36,"key":"SpeedPotion"},{"floor":37,"key":"SkillPotion"},{"floor":38,"key":"Block Potion"},{"floor":39,"key":"SpeedPotion"},{"floor":41,"key":"DistilledChaos"},{"floor":44,"key":"ColorlessPotion"},{"floor":45,"key":"Dexterity Potion"},{"floor":48,"key":"Swift Potion"}],"is_trial":false,"path_per_floor":["M","M","M","M","M","R","E","M","T","M","?","E","R","E","R","B",null,"M","M","M","M","$","R","E","R","T","E","M","?","?","T","R","B",null,"M","M","M","M","M","R","?","R","T","E","M","$","?","M","R","B",null],"character_chosen":"DEFECT","items_purchased":["Loop","Pantograph","Cold Snap","Capacitor","Chemical X","War Paint"],"campfire_rested":3,"item_purchase_floors":[22,22,22,46,46,46],"current_hp_per_floor":[75,75,75,73,68,68,46,46,46,43,43,42,42,28,50,10,75,75,71,51,46,46,46,18,18,18,2,2,2,27,27,49,48,75,63,65,67,41,23,45,66,66,66,68,51,51,51,33,57,33],"gold":38,"neow_bonus":"THREE_ENEMY_KILL","is_daily":false,"chose_seed":false,"campfire_upgraded":6,"win_rate":0.0,"timestamp":1614151819,"path_taken":["M","M","M","M","M","R","E","?","T","M","?","E","R","E","R","BOSS","M","M","M","M","$","R","E","R","T","E","?","?","?","?","R","BOSS","M","M","M","M","M","R","?","R","T","E","M","$","?","M","R","BOSS"],"items_purchased_type":["Card","Relic","Card","Card","Relic","Relic"],"build_version":"2020-12-22","purchased_purges":1,"victory":true,"max_hp_per_floor":[75,75,75,75,75,75,75,75,75,75,75,75,75,75,75,75,75,75,75,75,75,75,75,75,75,75,75,75,75,75,75,75,75,75,75,75,75,75,75,75,75,75,75,75,75,75,71,71,71,71],"relic_stats":{"Blood Vial":18,"Dream Catcher":2,"counters":[29,143],"Mummified Hand":[92],"Pantograph":62,"StoneCalendar":[104],"Eternal Feather":24,"Pen Nib":[12],"Chemical X":[4],"War Paint":["StSpp:Channeliser","Tempest"],"Cursed Key":3,"obtain_stats":[{"NeowsBlessing":0,"Vajra":9,"Oddly Smooth Stone":31,"StoneCalendar":34,"Eternal Feather":43,"Pen Nib":12,"Omamori":14,"Incense Burner":41,"EVO:Axolotl":0,"Bottled Tornado":44,"War Paint":46,"Cursed Key":17,"Ancient Tea Set":27,"White Beast Statue":34,"Calling Bell":34,"Blood Vial":34,"Dream Catcher":24,"Mummified Hand":7,"Pantograph":22,"Chemical X":46,"Cracked Core":0,"FossilizedHelix":26,"REME_ComplimentaryCards":0},{"NeowsBlessing":0,"Vajra":7,"Oddly Smooth Stone":18,"StoneCalendar":19,"Eternal Feather":25,"Pen Nib":9,"Omamori":10,"Incense Burner":25,"EVO:Axolotl":0,"Bottled Tornado":26,"War Paint":27,"Cursed Key":11,"Ancient Tea Set":17,"White Beast Statue":19,"Calling Bell":19,"Blood Vial":19,"Dream Catcher":16,"Mummified Hand":6,"Pantograph":15,"Chemical X":27,"Cracked Core":0,"FossilizedHelix":16,"REME_ComplimentaryCards":0},{"NeowsBlessing":0,"Vajra":17,"Oddly Smooth Stone":81,"StoneCalendar":88,"Eternal Feather":117,"Pen Nib":24,"Omamori":30,"Incense Burner":117,"EVO:Axolotl":0,"Bottled Tornado":122,"War Paint":130,"Cursed Key":41,"Ancient Tea Set":77,"White Beast Statue":88,"Calling Bell":88,"Blood Vial":88,"Dream Catcher":71,"Mummified Hand":14,"Pantograph":63,"Chemical X":130,"Cracked Core":0,"FossilizedHelix":71,"REME_ComplimentaryCards":0}]},"card_choices":[{"not_picked":["Cold Snap","Beam Cell"],"picked":"Sweeping Beam","floor":1},{"not_picked":["Go for the Eyes","Double Energy"],"picked":"Tempest","floor":2},{"not_picked":["StSpp:Mask","Ball Lightning"],"picked":"Turbo","floor":3},{"not_picked":["Go for the Eyes","REME_SelfUpgrade"],"picked":"Leap","floor":4},{"not_picked":["Stack","Rebound"],"picked":"Tempest","floor":5},{"not_picked":["Consume","Reprogram"],"picked":"Genetic Algorithm","floor":7},{"not_picked":["Hello World","Recycle"],"picked":"Static Discharge","floor":8},{"not_picked":["Barrage","Gash"],"picked":"StSpp:Mask","floor":10},{"not_picked":["Ball Lightning","Redo"],"picked":"Chill","floor":12},{"not_picked":["Go for the Eyes","Turbo"],"picked":"Redo","floor":14},{"not_picked":["Meteor Strike","Machine Learning"],"picked":"Fission","floor":16},{"not_picked":["Steam","Redo"],"picked":"Glacier","floor":18},{"not_picked":["Stack","Coolheaded"],"picked":"Chaos","floor":19},{"not_picked":["Go for the Eyes","Gash+1"],"picked":"Storm","floor":20},{"not_picked":["Beam Cell","Cold Snap"],"picked":"BootSequence","floor":21},{"not_picked":["Cold Snap","Stack+1"],"picked":"StSpp:Igniter","floor":24},{"not_picked":["Ball Lightning","Compile Driver"],"picked":"Biased Cognition","floor":27},{"not_picked":["Turbo","White Noise"],"picked":"REME_DataAnalysis","floor":28},{"not_picked":["Sunder","Coolheaded"],"picked":"REME_SelfUpgrade","floor":32},{"not_picked":["REME_Shoggoth","All For One","StSpp:CopyPaste"],"picked":"Thunder Strike","floor":33},{"not_picked":["REME_DataAnalysis+1","Beam Cell+1","Go for the Eyes+1","Reinforced Body"],"picked":"SKIP","floor":35},{"not_picked":["Ball Lightning","FTL","Leap"],"picked":"SKIP","floor":36},{"not_picked":["REME_ForAll","Beam Cell"],"picked":"White Noise","floor":37},{"not_picked":["Stack","Rebound","Compile Driver"],"picked":"Loop+1","floor":38},{"not_picked":["Turbo+1","Scrape+1","Sweeping Beam+1"],"picked":"Blizzard+1","floor":39},{"not_picked":["Aggregate+1","Hologram+1"],"picked":"Capacitor+1","floor":40},{"not_picked":["Steam Power+1","Doom and Gloom","Hologram"],"picked":"White Noise","floor":41},{"not_picked":["Self Repair+1","Scrape+1"],"picked":"StSpp:Pointer+1","floor":44},{"not_picked":["Chill+1","Rebound","Genetic Algorithm+1"],"picked":"Glacier","floor":45},{"not_picked":["Static Discharge+1","Redo+1"],"picked":"Consume+1","floor":48}],"player_experience":200907,"relics_obtained":[{"floor":7,"key":"Mummified Hand"},{"floor":9,"key":"Vajra"},{"floor":12,"key":"Pen Nib"},{"floor":14,"key":"Omamori"},{"floor":24,"key":"Dream Catcher"},{"floor":26,"key":"FossilizedHelix"},{"floor":27,"key":"Ancient Tea Set"},{"floor":31,"key":"Oddly Smooth Stone"},{"floor":34,"key":"Blood Vial"},{"floor":34,"key":"White Beast Statue"},{"floor":34,"key":"StoneCalendar"},{"floor":41,"key":"Incense Burner"},{"floor":43,"key":"Eternal Feather"},{"floor":44,"key":"Bottled Tornado"}],"event_choices":[{"cards_removed":["Strike_B"],"damage_healed":0,"gold_gain":0,"player_choice":"Purged","damage_taken":0,"max_hp_gain":0,"max_hp_loss":0,"event_name":"Purifier","floor":11,"gold_loss":0},{"damage_healed":0,"gold_gain":0,"player_choice":"Ignored","damage_taken":0,"max_hp_gain":0,"max_hp_loss":0,"event_name":"Cursed Tome","floor":29,"gold_loss":0},{"damage_healed":25,"gold_gain":0,"player_choice":"Heal","damage_taken":0,"max_hp_gain":0,"max_hp_loss":0,"event_name":"The Library","floor":30,"gold_loss":0},{"damage_healed":0,"gold_gain":0,"player_choice":"Fight","damage_taken":0,"max_hp_gain":0,"max_hp_loss":0,"event_name":"MindBloom","floor":41,"gold_loss":0},{"damage_healed":0,"gold_gain":0,"player_choice":"Max HP","damage_taken":0,"max_hp_gain":0,"max_hp_loss":4,"event_name":"Winding Halls","floor":47,"gold_loss":0}],"is_beta":false,"boss_relics":[{"not_picked":["Snecko Eye","Fusion Hammer"],"picked":"Cursed Key"},{"not_picked":["Runic Pyramid","REME_ChargedStone"],"picked":"Calling Bell"}],"items_purged_floors":[22],"is_endless":false,"potions_floor_spawned":[2,5,12,14,16,18,27,35,36,37,38,39,41,44,45,48],"ascension_level":1}}