{"host":"9ndbo4kgsfoemf7y","time":1614166381,"event":{"mods":["AchievementEnabler","BaseMod","Colored Map","DeckTracker","Keyboard Shortcuts","Minty Spire (QoL Compilation)","Permanent Neow","Quick Restart","Relic Stats","StSLib","SuperFastMode"],"gold_per_floor":[410,410,162,179,196,196,196,208,208,234,234,11,11,29,29,125,125,140,156,156,156],"floor_reached":20,"language":"KOR","playtime":801,"items_purged":["Strike_B"],"score":278,"play_id":"c0836364-ef2b-49c9-ac76-1e31521cf62a","local_time":"20210224203301","is_ascension_mode":true,"campfire_choices":[{"data":"Conserve Battery","floor":6.0,"key":"SMITH"},{"data":"Double Energy","floor":11.0,"key":"SMITH"},{"data":"Redo","floor":13.0,"key":"SMITH"},{"data":"BootSequence","floor":15.0,"key":"SMITH"}],"circlet_count":0,"master_deck":["AscendersBane","Defend_B","Defend_B","Defend_B","Defend_B","Zap","Dualcast","Doom and Gloom","Scrape","Conserve Battery+1","Go for the Eyes","Beam Cell","Double Energy+1","BootSequence+1","Redo+1","Coolheaded","Multi-Cast","Lockon"],"relics":["Cracked Core","Old Coin","Art of War","Singing Bowl","DataDisk","Runic Capacitor","Empty Cage"],"acts_visited":["Exordium","TheCity"],"potions_floor_usage":[16,20],"damage_taken":[{"damage":4.0,"enemies":"2 Louse","floor":1.0,"turns":2.0},{"damage":0.0,"enemies":"Cultist","floor":4.0,"turns":3.0},{"damage":6.0,"enemies":"Small Slimes","floor":5.0,"turns":3.0},{"damage":0.0,"enemies":"3 Louse","floor":8.0,"turns":3.0},{"damage":23.0,"enemies":"Lagavulin","floor":10.0,"turns":7.0},{"damage":0.0,"enemies":"Exordium Wildlife","floor":14.0,"turns":2.0},{"damage":15,"enemies":"Hexaghost","floor":16,"turns":9},{"damage":0,"enemies":"Spheric Guardian","floor":18,"turns":3},{"damage":28,"enemies":"2 Thieves","floor":19,"turns":3},{"damage":48,"enemies":"Sentry and Sphere","floor":20,"turns":4}],"seed_played":"280574803308175734","potions_obtained":[{"floor":1.0,"key":"BlessingOfTheForge"},{"floor":5.0,"key":"LiquidMemories"},{"floor":8.0,"key":"LiquidBronze"},{"floor":19,"key":"SpeedPotion"}],"is_trial":false,"path_per_floor":["M","?","$","M","M","R","?","M","T","E","R","$","R","M","R","B",null,"M","M","M"],"character_chosen":"DEFECT","items_purchased":["Conserve Battery","Art of War","Redo","Runic Capacitor","Coolheaded"],"campfire_rested":0,"item_purchase_floors":[3,3,12,12,12],"current_hp_per_floor":[46,46,46,46,40,40,75,75,75,52,52,52,52,54,54,39,68,70,42,0,0],"gold":156,"neow_bonus":"ONE_RARE_RELIC","is_daily":false,"chose_seed":false,"campfire_upgraded":4,"win_rate":0.0,"timestamp":1614166381,"path_taken":["M","?","$","M","M","R","?","M","T","E","R","$","R","M","R","BOSS","M","?","M"],"items_purchased_type":["Card","Relic","Card","Relic","Card"],"build_version":"2020-12-22","purchased_purges":1,"victory":false,"max_hp_per_floor":[75,75,75,75,75,75,75,75,75,75,75,75,75,77,77,77,77,79,79,79,79],"relic_stats":{"Singing Bowl":4,"counters":[10,39],"Art of War":[4],"obtain_stats":[{"DataDisk":10,"Singing Bowl":9,"Art of War":3,"Runic Capacitor":12,"Cracked Core":0,"Empty Cage":17,"Old Coin":0},{"DataDisk":5,"Singing Bowl":4,"Art of War":1,"Runic Capacitor":5,"Cracked Core":0,"Empty Cage":7,"Old Coin":0},{"DataDisk":18,"Singing Bowl":11,"Art of War":2,"Runic Capacitor":18,"Cracked Core":0,"Empty Cage":29,"Old Coin":0}]},"card_choices":[{"not_picked":["Scrape","Barrage"],"picked":"Doom and Gloom","floor":1.0},{"not_picked":["Coolheaded","Sunder"],"picked":"Go for the Eyes","floor":4.0},{"not_picked":["Ball Lightning","Glacier"],"picked":"Beam Cell","floor":5.0},{"not_picked":["Ball Lightning","Cold Snap"],"picked":"Double Energy","floor":8.0},{"not_picked":["Steam","Force Field"],"picked":"BootSequence","floor":10.0},{"not_picked":["Sweeping Beam","Ball Lightning","Redo"],"picked":"Singing Bowl","floor":14.0},{"not_picked":["Echo Form","Reboot"],"picked":"Multi-Cast","floor":16},{"not_picked":["FTL","Beam Cell","Gash+1"],"picked":"Singing Bowl","floor":18},{"not_picked":["Capacitor","Streamline"],"picked":"Lockon","floor":19}],"player_experience":885025,"relics_obtained":[{"floor":9.0,"key":"Singing Bowl"},{"floor":10.0,"key":"DataDisk"}],"event_choices":[{"damage_healed":0.0,"max_hp_gain":0.0,"max_hp_loss":0.0,"gold_gain":0.0,"cards_transformed":["Strike_B"],"event_name":"Living Wall","player_choice":"Change","floor":2.0,"gold_loss":0.0,"damage_taken":0.0,"cards_obtained":["Scrape"]},{"damage_healed":35.0,"max_hp_gain":0.0,"max_hp_loss":0.0,"gold_gain":0.0,"event_name":"Wheel of Change","player_choice":"Full Heal","floor":7.0,"gold_loss":0.0,"damage_taken":0.0}],"is_beta":false,"boss_relics":[{"not_picked":["Runic Dome","SlaversCollar"],"picked":"Empty Cage"}],"items_purged_floors":[3],"is_endless":false,"potions_floor_spawned":[1,5,8,19],"killed_by":"Sentry and Sphere","ascension_level":12}}