{"host":"u7lm8z2rvb4dg2oo","time":1614149040,"event":{"mods":["AchievementEnabler","BaseMod","Bestiary","Block Reminder","Colored Map","Colored Powertips","Curses Come First","DeckTracker","Googly Eyes","Highlight Path","Minty Spire (QoL Compilation)","Quick Restart","StSLib"],"gold_per_floor":[110,66,66,141,141,169,184,199,267,192,203,268,268,282,282,356,356,368,97,108,127,127,127,127,154,179,208,208,208],"floor_reached":28,"language":"ENG","playtime":903,"items_purged":["Strike_G","Strike_G"],"score":562,"play_id":"3b052114-a77d-4cf8-91d0-a12f534f35ed","local_time":"20210224014400","is_ascension_mode":true,"campfire_choices":[{"floor":15,"key":"REST"},{"floor":23,"key":"REST"}],"circlet_count":0,"master_deck":["AscendersBane","Strike_G+1","Defend_G","Defend_G","Defend_G","Defend_G","Defend_G","Survivor","Neutralize","Terror","Footwork+1","Blur","Backstab","Caltrops","Bane","Accuracy","Night Terror+1","Deadly Poison+1","After Image","Dagger Spray","Blade Dance+1","Infinite Blades","Slice","Blade Dance+1","Ghostly+1","Ghostly+1","Ghostly+1","Blur+1","Backstab"],"relics":["Ring of the Snake","NeowsBlessing","Toy Ornithopter","Shuriken","Toxic Egg 2","WristBlade","Pear","Smiling Mask","PreservedInsect"],"acts_visited":["Exordium","TheCity"],"potions_floor_usage":[12,12,14,21],"damage_taken":[{"damage":0,"enemies":"Cultist","floor":1,"turns":1},{"damage":0,"enemies":"3 Sentries","floor":6,"turns":1},{"damage":0,"enemies":"Small Slimes","floor":7,"turns":1},{"damage":1,"enemies":"Jaw Worm","floor":8,"turns":4},{"damage":1,"enemies":"2 Fungi Beasts","floor":11,"turns":4},{"damage":9,"enemies":"Lagavulin Event","floor":12,"turns":6},{"damage":6,"enemies":"Gremlin Gang","floor":14,"turns":5},{"damage":40,"enemies":"Hexaghost","floor":16,"turns":11},{"damage":16,"enemies":"Shell Parasite","floor":18,"turns":9},{"damage":0,"enemies":"Spheric Guardian","floor":20,"turns":3},{"damage":29,"enemies":"Snake Plant","floor":21,"turns":3},{"damage":8,"enemies":"Gremlin Leader","floor":25,"turns":4},{"damage":14,"enemies":"Slavers","floor":27,"turns":4},{"damage":8,"enemies":"Centurion and Healer","floor":28,"turns":1}],"seed_played":"-1522558432771557369","potions_obtained":[{"floor":7,"key":"Strength Potion"},{"floor":8,"key":"DistilledChaos"},{"floor":12,"key":"Strength Potion"},{"floor":18,"key":"CunningPotion"},{"floor":27,"key":"AttackPotion"}],"is_trial":false,"path_per_floor":["M","$","$","?","?","E","M","M","T","$","M","?","?","M","R","B",null,"M","$","M","M","?","R","?","E","T","E","M"],"character_chosen":"THE_SILENT","items_purchased":["Footwork","Blade Dance+1","Infinite Blades","Slice"],"campfire_rested":2,"item_purchase_floors":[2,19,19,19],"current_hp_per_floor":[59,59,59,48,28,28,28,27,27,27,26,27,27,26,45,5,51,35,35,35,11,11,20,20,22,22,8,0,0],"gold":208,"neow_bonus":"THREE_ENEMY_KILL","is_daily":false,"chose_seed":false,"campfire_upgraded":0,"win_rate":0.0,"timestamp":1614149040,"path_taken":["M","?","$","?","?","E","M","M","T","?","M","?","?","M","R","BOSS","M","$","?","M","?","R","?","E","T","E","M"],"items_purchased_type":["Card","Card","Card","Card"],"build_version":"2020-12-22","purchased_purges":2,"victory":false,"max_hp_per_floor":[66,66,66,66,66,66,66,66,66,66,66,66,66,66,66,66,66,66,66,66,66,33,33,33,43,43,43,43,43],"card_choices":[{"not_picked":["Prepared","Dagger Spray"],"picked":"Terror","floor":1},{"not_picked":["Outmaneuver","Deflect"],"picked":"Blur","floor":6},{"not_picked":["All Out Attack","Flying Knee"],"picked":"Backstab","floor":7},{"not_picked":["Expertise","Deadly Poison"],"picked":"Caltrops","floor":8},{"not_picked":["Outmaneuver","Underhanded Strike"],"picked":"Bane","floor":11},{"not_picked":["Outmaneuver+1","Backflip+1"],"picked":"Accuracy","floor":12},{"not_picked":["Prepared+1","Tools of the Trade"],"picked":"Deadly Poison+1","floor":14},{"not_picked":["Doppelganger+1","Unload"],"picked":"After Image","floor":16},{"not_picked":["Slice","Poisoned Stab"],"picked":"Dagger Spray","floor":18},{"not_picked":["PiercingWail+1","Terror+1"],"picked":"Blade Dance+1","floor":20},{"not_picked":["Setup+1","Eviscerate","Dagger Throw"],"picked":"SKIP","floor":21},{"not_picked":["Predator","Well Laid Plans"],"picked":"Blur+1","floor":25},{"not_picked":["Outmaneuver+1","Acrobatics+1"],"picked":"Backstab","floor":27}],"player_experience":2059846,"relics_obtained":[{"floor":6,"key":"Toy Ornithopter"},{"floor":9,"key":"Shuriken"},{"floor":25,"key":"Pear"},{"floor":26,"key":"Smiling Mask"},{"floor":27,"key":"PreservedInsect"}],"event_choices":[{"damage_healed":0,"gold_gain":75,"player_choice":"Gather Gold","damage_taken":11,"max_hp_gain":0,"max_hp_loss":0,"event_name":"World of Goop","floor":4,"gold_loss":0},{"damage_healed":0,"gold_gain":0,"player_choice":"Entered Light","damage_taken":20,"max_hp_gain":0,"max_hp_loss":0,"event_name":"Shining Light","floor":5,"gold_loss":0,"cards_upgraded":["Strike_G","Footwork"]},{"damage_healed":0,"gold_gain":0,"player_choice":"Searched \u00272\u0027 times","damage_taken":0,"relics_obtained":["Toxic Egg 2"],"max_hp_gain":0,"max_hp_loss":0,"event_name":"Dead Adventurer","floor":12,"gold_loss":0},{"damage_healed":0,"gold_gain":0,"cards_transformed":["Strike_G"],"player_choice":"Transformed","damage_taken":0,"max_hp_gain":0,"max_hp_loss":0,"event_name":"Transmorgrifier","floor":13,"gold_loss":0,"cards_obtained":["Night Terror"]},{"damage_healed":0,"gold_gain":0,"player_choice":"Became a Ghost","damage_taken":0,"max_hp_gain":0,"max_hp_loss":33,"event_name":"Ghosts","floor":22,"gold_loss":0,"cards_obtained":["Ghostly","Ghostly","Ghostly"]},{"cards_removed":["Strike_G"],"damage_healed":0,"gold_gain":0,"player_choice":"Elegance","damage_taken":0,"max_hp_gain":0,"max_hp_loss":0,"event_name":"Back to Basics","floor":24,"gold_loss":0}],"is_beta":false,"boss_relics":[{"not_picked":["Runic Dome","Sozu"],"picked":"WristBlade"}],"items_purged_floors":[10,19],"is_endless":false,"potions_floor_spawned":[7,8,12,18,27],"killed_by":"Centurion and Healer","ascension_level":20}}