{"host":"ELF","time":1614164131,"event":{"mods":["BaseMod","Bestiary","Minty Spire (QoL Compilation)","Relic Stats","Slay the Relics Exporter"],"gold_per_floor":[111,111,36,36,36,36,69,69,115,143,156,175,190,207,207,284,284,295,295,295],"floor_reached":19,"language":"ENG","playtime":788,"items_purged":["Decay"],"score":454,"play_id":"87f3e8be-732d-4740-95df-af8b2e7a6d34","local_time":"20210224045531","is_ascension_mode":true,"campfire_choices":[{"data":"Zap","floor":6,"key":"SMITH"},{"data":"Gash","floor":8,"key":"SMITH"},{"data":"Echo Form","floor":15,"key":"SMITH"}],"circlet_count":0,"master_deck":["AscendersBane","Strike_B","Strike_B","Strike_B","Strike_B","Defend_B","Defend_B","Defend_B","Defend_B","Zap+1","Dualcast","Gash+1","Cold Snap","Leap","Turbo","Go for the Eyes","Glacier","Echo Form+1","Machine Learning","Self Repair+1"],"relics":["Cracked Core","NeowsBlessing","Bronze Scales","Bag of Preparation","Oddly Smooth Stone","Gremlin Horn","Coffee Dripper"],"acts_visited":["Exordium","TheCity"],"potions_floor_usage":[18,18],"damage_taken":[{"damage":0,"enemies":"Small Slimes","floor":1,"turns":1},{"damage":0,"enemies":"Lagavulin","floor":7,"turns":1},{"damage":0,"enemies":"Gremlin Nob","floor":10,"turns":1},{"damage":0,"enemies":"Cultist","floor":11,"turns":3},{"damage":0,"enemies":"Jaw Worm","floor":12,"turns":3},{"damage":0,"enemies":"2 Fungi Beasts","floor":13,"turns":3},{"damage":3,"enemies":"Large Slime","floor":14,"turns":5},{"damage":16,"enemies":"The Guardian","floor":16,"turns":14},{"damage":0,"enemies":"3 Byrds","floor":18,"turns":2},{"damage":68,"enemies":"Masked Bandits","floor":19,"turns":5}],"seed_played":"-528158373690870360","potions_obtained":[{"floor":1,"key":"Strength Potion"},{"floor":10,"key":"SneckoOil"},{"floor":11,"key":"Explosive Potion"},{"floor":14,"key":"Fire Potion"}],"is_trial":false,"path_per_floor":["M","?","$","T","?","R","E","R","T","E","M","M","M","M","R","B",null,"M","?"],"character_chosen":"DEFECT","items_purchased":[],"campfire_rested":0,"item_purchase_floors":[],"current_hp_per_floor":[64,64,64,64,64,64,64,64,64,64,64,64,64,61,61,45,65,65,0,0],"gold":295,"neow_bonus":"THREE_ENEMY_KILL","is_daily":false,"chose_seed":false,"campfire_upgraded":3,"win_rate":0.0,"timestamp":1614164131,"path_taken":["M","?","$","?","?","R","E","R","T","E","M","M","M","M","R","BOSS","M","?"],"items_purchased_type":[],"build_version":"2020-12-18","purchased_purges":1,"victory":false,"max_hp_per_floor":[71,71,71,71,71,71,71,71,71,71,71,71,71,71,71,71,71,71,71,71],"relic_stats":{"Gremlin Horn":[6,6],"counters":[10,38],"Bronze Scales":[133],"Bag of Preparation":[16],"obtain_stats":[{"NeowsBlessing":0,"Gremlin Horn":10,"Bronze Scales":4,"Oddly Smooth Stone":9,"Bag of Preparation":7,"Coffee Dripper":17,"Cracked Core":0},{"NeowsBlessing":0,"Gremlin Horn":3,"Bronze Scales":1,"Oddly Smooth Stone":2,"Bag of Preparation":2,"Coffee Dripper":8,"Cracked Core":0},{"NeowsBlessing":0,"Gremlin Horn":3,"Bronze Scales":1,"Oddly Smooth Stone":2,"Bag of Preparation":2,"Coffee Dripper":31,"Cracked Core":0}]},"card_choices":[{"not_picked":["Capacitor","Ball Lightning"],"picked":"Gash","floor":1},{"not_picked":["Rip and Tear","Leap"],"picked":"Cold Snap","floor":7},{"not_picked":["Fission","Undo"],"picked":"Leap","floor":10},{"not_picked":["Darkness","Barrage"],"picked":"Turbo","floor":11},{"not_picked":["Turbo","Heatsinks"],"picked":"Go for the Eyes","floor":12},{"not_picked":["Redo","Turbo"],"picked":"Glacier","floor":13},{"not_picked":["Heatsinks","Rebound"],"picked":"Echo Form","floor":14},{"not_picked":["Amplify","Meteor Strike"],"picked":"Machine Learning","floor":16},{"not_picked":["Conserve Battery","Streamline"],"picked":"Self Repair+1","floor":18}],"player_experience":3549094,"relics_obtained":[{"floor":4,"key":"Bronze Scales"},{"floor":7,"key":"Bag of Preparation"},{"floor":9,"key":"Oddly Smooth Stone"},{"floor":10,"key":"Gremlin Horn"}],"event_choices":[{"damage_healed":0,"gold_gain":0,"player_choice":"Cursed","damage_taken":0,"max_hp_gain":0,"max_hp_loss":0,"event_name":"Wheel of Change","floor":2,"gold_loss":0,"cards_obtained":["Decay"]},{"damage_healed":0,"gold_gain":0,"player_choice":"Leave","damage_taken":0,"max_hp_gain":0,"max_hp_loss":0,"event_name":"The Cleric","floor":5,"gold_loss":0},{"damage_healed":0,"gold_gain":0,"player_choice":"Fought Bandits","damage_taken":0,"max_hp_gain":0,"max_hp_loss":0,"event_name":"Masked Bandits","floor":19,"gold_loss":0}],"is_beta":true,"boss_relics":[{"not_picked":["Fusion Hammer","Calling Bell"],"picked":"Coffee Dripper"}],"items_purged_floors":[3],"is_endless":false,"potions_floor_spawned":[1,10,11,14],"killed_by":"Masked Bandits","ascension_level":20}}