{"host":"4so6zk3ni2nu7g2c","time":1614178506,"event":{"mods":["BaseMod","Downfall","Minty Spire (QoL Compilation)","Quick Restart","Replay The Spire","Shop Mod","StSLib"],"gold_per_floor":[99,115,130,130,41,141,141,205,232,248,248,263,140,173,188,188,188,188],"floor_reached":16,"language":"ZHS","playtime":716,"items_purged":[],"score":184,"play_id":"06f168ad-3424-487a-8c57-2ce0b41f1563","local_time":"20210224225506","is_ascension_mode":true,"campfire_choices":[{"data":"Slimebound:MassFeed","floor":1.0,"key":"SMITH"},{"data":"Slimebound:Split","floor":11,"key":"SMITH"}],"circlet_count":0,"master_deck":["Slimebound:Tackle","Slimebound:Split+1","Slimebound:CorrosiveSpit","Slimebound:LeechEnergy","Slimebound:FormOfPuddle","Slimebound:MassFeed+1","Slimebound:TagTeam","Slimebound:SplitBruiser","Slimebound:LeadByExample","Slimebound:SlimeBarrage","Slimebound:SamplingLick","Slimebound:Prepare+1","Slimebound:HauntingLick","Slimebound:SelfFormingGoo","Slimebound:SamplingLick","Slimebound:MassRepurpose","Slimebound:Repurpose","Slimebound:RainOfGoop","Slimebound:MegaLick"],"relics":["downfall:CloakOfManyFaces","CultistMask","FaceOfCleric","NlothsMask","GremlinMask","SsserpentHead","Peace Pipe","MerchantsRug","Bag of Marbles"],"acts_visited":["Exordium"],"potions_floor_usage":[9,14],"damage_taken":[{"damage":7.0,"enemies":"2 Louse","floor":2.0,"turns":2.0},{"damage":0.0,"enemies":"Cultist","floor":3.0,"turns":2.0},{"damage":3.0,"enemies":"downfall:FleeingMerchant","floor":5.0,"turns":4.0},{"damage":25.0,"enemies":"downfall:FaceTrader","floor":6.0,"turns":6.0},{"damage":0,"enemies":"Small Slimes","floor":8,"turns":3},{"damage":25,"enemies":"3 Sentries","floor":9,"turns":5},{"damage":0,"enemies":"Exordium Wildlife","floor":10,"turns":3},{"damage":7,"enemies":"3 Louse","floor":12,"turns":2},{"damage":0,"enemies":"downfall:FleeingMerchant","floor":13,"turns":4},{"damage":16,"enemies":"Gremlin Nob","floor":14,"turns":3},{"damage":14,"enemies":"Red Slaver","floor":15,"turns":4},{"damage":14,"enemies":"DF_ARCHETYPE_STREAMLINE","floor":16,"turns":3}],"seed_played":"2900122032998978797","potions_obtained":[{"floor":6.0,"key":"Fire Potion"},{"floor":8,"key":"Venom Potion"},{"floor":10,"key":"Energy Potion"},{"floor":12,"key":"champ:CounterPotion"},{"floor":14,"key":"LiquidBronze"}],"is_trial":false,"path_per_floor":["R","M","M","?","$","?","T","M","E","M","R","M","$","E","M","B"],"character_chosen":"SLIMEBOUND","items_purchased":["Slimebound:SelfFormingGoo","MerchantsRug","Slimebound:Repurpose"],"campfire_rested":0,"item_purchase_floors":[5,13,13],"current_hp_per_floor":[65,62,66,66,63,38,38,43,23,28,28,34,35,20,7,0,0,0],"gold":188,"neow_bonus":"BOSS_RELIC","is_daily":false,"chose_seed":false,"campfire_upgraded":2,"win_rate":0.0,"timestamp":1614178506,"path_taken":["R","M","M","?","$","?","T","?","E","M","R","M","$","E","M","BOSS"],"items_purchased_type":["Card","Relic","Card"],"build_version":"2020-12-22","purchased_purges":0,"victory":false,"max_hp_per_floor":[65,69,73,73,73,73,73,78,83,88,88,101,102,103,104,104,104,104],"card_choices":[{"not_picked":["Slimebound:SplitMire","Slimebound:SlimeSpikes"],"picked":"Slimebound:SamplingLick","floor":2.0},{"not_picked":["Slimebound:ProtectTheBoss","Slimebound:ViciousTackle"],"picked":"Slimebound:Prepare","floor":3.0},{"not_picked":["Slimebound:ComboTackle","Slimebound:FinishingTackle"],"picked":"Slimebound:HauntingLick","floor":5.0},{"not_picked":["Slimebound:ServeAndProtect","Slimebound:FormOfPuddle"],"picked":"Slimebound:SamplingLick","floor":6.0},{"not_picked":["Slimebound:GoopSpray","Slimebound:ForwardTackle","Slimebound:DouseInSlime"],"picked":"SKIP","floor":8},{"not_picked":["Slimebound:MegaLick","Slimebound:LeechingTouch"],"picked":"Slimebound:MassRepurpose","floor":9},{"not_picked":["Slimebound:SplitLeeching","Slimebound:SplitBruiser","Slimebound:LeechEnergy"],"picked":"SKIP","floor":10},{"not_picked":["Slimebound:PressTheAttack","Slimebound:SplitLeeching","Slimebound:HauntingLick"],"picked":"SKIP","floor":12},{"not_picked":["Slimebound:ItLooksTasty","Slimebound:LeechingTouch","Slimebound:ProtectTheBoss"],"picked":"SKIP","floor":13},{"not_picked":["Slimebound:SplitBruiser","Slimebound:Schlurp"],"picked":"Slimebound:RainOfGoop","floor":14},{"not_picked":["Slimebound:ProtectTheBoss","Slimebound:SlimeSpikes"],"picked":"Slimebound:MegaLick","floor":15}],"player_experience":421709,"relics_obtained":[{"floor":6.0,"key":"downfall:CloakOfManyFaces"},{"floor":9,"key":"Peace Pipe"},{"floor":14,"key":"Bag of Marbles"}],"event_choices":[],"is_beta":false,"boss_relics":[],"items_purged_floors":[],"is_endless":false,"potions_floor_spawned":[6,8,10,12,14],"killed_by":"DF_ARCHETYPE_STREAMLINE","ascension_level":4}}