{"host":"mu5qkq7030l6349q","time":1614205423,"event":{"mods":["AchievementEnabler","BaseMod","Colored Powertips","Downfall","Highlight Path","Minty Spire (QoL Compilation)","Permanent Neow","Rare Cards Sparkle","Relic Sorter","Relic Stats","StSLib","Wide Potions"],"gold_per_floor":[110,128,128,142,160,160,193,203,203,232,232,249,17,42,42,141,141,151,151,76,90,104,134,59,84,110,110,209,235,235,235,235,333,383,403,417,417,434,434,460,460,460,460,473,484,149,175,175,175,175,175,175,28,53,53],"floor_reached":56,"language":"ENG","playtime":2522,"items_purged":["Strike_G","Strike_G+1"],"score":1516,"play_id":"e2a5a637-d0e4-41bd-a4f8-b62676ce4127","local_time":"20210224232343","is_ascension_mode":true,"campfire_choices":[{"data":"Infinite Blades","floor":6.0,"key":"SMITH"},{"data":"Blade Dance","floor":11.0,"key":"SMITH"},{"data":"Infinite Blades","floor":15.0,"key":"SMITH"},{"data":"Neutralize","floor":27.0,"key":"SMITH"},{"data":"Footwork","floor":32.0,"key":"SMITH"},{"data":"Survivor","floor":41.0,"key":"SMITH"},{"floor":49.0,"key":"RECALL"},{"data":"Defend_G","floor":52.0,"key":"SMITH"}],"circlet_count":0,"master_deck":["Defend_G+1","Defend_G","Defend_G","Defend_G","Defend_G","Survivor+1","Neutralize+1","Infinite Blades+1","Heel Hook","Distraction","Blade Dance+1","Infinite Blades+1","Infinite Blades+1","Footwork+1","Blade Dance+1","Finisher+1","Finisher+1","Phantasmal Killer+1","Footwork+1","Blade Dance+1","Terror+1","Infinite Blades","Infinite Blades","Dodge and Roll+1","Bandage Up+1","Good Instincts+1","Secret Technique+1"],"relics":["WristBlade","HornCleat","Paper Crane","Calipers","Bird Faced Urn","Vajra","Omamori","Coffee Dripper","MealTicket","Bag of Marbles","Nunchaku","Toxic Egg 2","Juzu Bracelet","Tiny House","Toy Ornithopter","DollysMirror","Oddly Smooth Stone","Anchor","Orichalcum"],"acts_visited":["Exordium","TheCity","TheBeyond","TheEnding"],"potions_floor_usage":[55,55],"damage_taken":[{"damage":1.0,"enemies":"2 Louse","floor":1.0,"turns":3.0},{"damage":7.0,"enemies":"Jaw Worm","floor":2.0,"turns":3.0},{"damage":2.0,"enemies":"Small Slimes","floor":4.0,"turns":4.0},{"damage":1.0,"enemies":"2 Fungi Beasts","floor":5.0,"turns":4.0},{"damage":0.0,"enemies":"Lagavulin","floor":7.0,"turns":7.0},{"damage":2.0,"enemies":"Blue Slaver","floor":8.0,"turns":3.0},{"damage":5.0,"enemies":"Gremlin Nob","floor":10.0,"turns":4.0},{"damage":0.0,"enemies":"Looter","floor":12.0,"turns":2.0},{"damage":4.0,"enemies":"3 Sentries","floor":14.0,"turns":4.0},{"damage":0.0,"enemies":"Slime Boss","floor":16.0,"turns":4.0},{"damage":0.0,"enemies":"3 Byrds","floor":18.0,"turns":4.0},{"damage":4.0,"enemies":"Shell Parasite","floor":21.0,"turns":4.0},{"damage":23.0,"enemies":"Centurion and Healer","floor":22.0,"turns":4.0},{"damage":10.0,"enemies":"Slavers","floor":23.0,"turns":4.0},{"damage":9.0,"enemies":"Gremlin Leader","floor":25.0,"turns":5.0},{"damage":5.0,"enemies":"Book of Stabbing","floor":29.0,"turns":5.0},{"damage":0.0,"enemies":"Automaton","floor":33.0,"turns":5.0},{"damage":0.0,"enemies":"Orb Walker","floor":35.0,"turns":2.0},{"damage":23.0,"enemies":"3 Shapes","floor":36.0,"turns":3.0},{"damage":0.0,"enemies":"Transient","floor":38.0,"turns":5.0},{"damage":2.0,"enemies":"Giant Head","floor":40.0,"turns":5.0},{"damage":0.0,"enemies":"Maw","floor":44.0,"turns":4.0},{"damage":18.0,"enemies":"Spire Growth","floor":45.0,"turns":2.0},{"damage":41.0,"enemies":"Reptomancer","floor":47.0,"turns":5.0},{"damage":37.0,"enemies":"Donu and Deca","floor":50.0,"turns":6.0},{"damage":33.0,"enemies":"Shield and Spear","floor":54.0,"turns":5.0},{"damage":82,"enemies":"The Heart","floor":55,"turns":5}],"seed_played":"-2395166694895363241","potions_obtained":[{"floor":2.0,"key":"SteroidPotion"},{"floor":8.0,"key":"Dexterity Potion"},{"floor":10.0,"key":"Weak Potion"},{"floor":12.0,"key":"SteroidPotion"},{"floor":18.0,"key":"CunningPotion"},{"floor":23.0,"key":"ColorlessPotion"},{"floor":33.0,"key":"Regen Potion"},{"floor":34.0,"key":"PowerPotion"},{"floor":35.0,"key":"Strength Potion"},{"floor":40.0,"key":"CunningPotion"}],"is_trial":false,"path_per_floor":["M","M","?","M","M","R","E","M","T","E","R","M","$","E","R","B",null,"M","?","$","M","M","E","?","E","T","R","?","E","?","?","R","B",null,"M","M","?","M","?","E","R","?","T","M","M","$","E","?","R","B",null,"R","$","E","B",null],"character_chosen":"THE_SILENT","items_purchased":["Infinite Blades","Vajra","Infinite Blades","DollysMirror","Anchor"],"campfire_rested":0,"item_purchase_floors":[13,13,46,46,53],"current_hp_per_floor":[69,62,59,57,56,56,56,54,54,49,49,51,51,51,51,57,70,70,70,70,70,49,47,47,46,46,46,46,49,49,49,49,57,75,75,52,52,62,62,70,70,70,70,75,57,72,40,30,30,11,75,75,75,50,1],"gold":53,"neow_bonus":"BOSS_RELIC","is_daily":false,"chose_seed":false,"campfire_upgraded":7,"win_rate":0.0,"timestamp":1614205423,"path_taken":["M","M","?","M","M","R","E","M","T","E","R","M","$","E","R","BOSS","M","?","$","M","M","E","?","E","T","R","?","E","?","?","R","BOSS","M","M","?","M","?","E","R","?","T","M","M","?","E","?","R","BOSS","R","$","E","BOSS"],"items_purchased_type":["Card","Relic","Card","Relic","Relic"],"build_version":"2020-12-22","purchased_purges":2,"victory":true,"max_hp_per_floor":[70,70,70,70,70,70,70,70,70,70,70,70,70,70,70,70,70,70,70,70,70,70,70,70,70,70,70,70,70,70,70,70,70,75,75,75,75,75,75,75,75,75,75,75,75,75,75,75,75,75,75,75,75,75,75],"relic_stats":{"Nunchaku":[28],"counters":[27,111],"Bird Faced Urn":[110],"MealTicket":15,"Juzu Bracelet":1,"Orichalcum":[6],"obtain_stats":[{"Calipers":9,"Tiny House":34,"Vajra":13,"Oddly Smooth Stone":47,"Omamori":14,"Juzu Bracelet":30,"Paper Crane":7,"Orichalcum":54,"Nunchaku":26,"Anchor":53,"HornCleat":3,"WristBlade":0,"DollysMirror":46,"Bird Faced Urn":10,"MealTicket":23,"Coffee Dripper":17,"Bag of Marbles":25,"Toxic Egg 2":29,"Toy Ornithopter":40,"Ring of the Snake":0},{"Calipers":6,"Tiny House":17,"Vajra":8,"Oddly Smooth Stone":24,"Omamori":9,"Juzu Bracelet":16,"Paper Crane":5,"Orichalcum":26,"Nunchaku":15,"Anchor":25,"HornCleat":2,"WristBlade":0,"DollysMirror":23,"Bird Faced Urn":7,"MealTicket":14,"Coffee Dripper":10,"Bag of Marbles":15,"Toxic Egg 2":16,"Toy Ornithopter":21,"Ring of the Snake":0},{"Calipers":24,"Tiny House":69,"Vajra":30,"Oddly Smooth Stone":95,"Omamori":34,"Juzu Bracelet":64,"Paper Crane":21,"Orichalcum":106,"Nunchaku":59,"Anchor":101,"HornCleat":6,"WristBlade":0,"DollysMirror":90,"Bird Faced Urn":28,"MealTicket":54,"Coffee Dripper":38,"Bag of Marbles":59,"Toxic Egg 2":64,"Toy Ornithopter":84,"Ring of the Snake":0}],"Toy Ornithopter":0},"card_choices":[{"not_picked":["PiercingWail","Dash"],"picked":"Infinite Blades","floor":1.0},{"not_picked":["Dash","Bane","Finisher"],"picked":"SKIP","floor":2.0},{"not_picked":["Sucker Punch","Outmaneuver"],"picked":"Heel Hook","floor":4.0},{"not_picked":["Eviscerate","Dagger Throw"],"picked":"Distraction","floor":5.0},{"not_picked":["Corpse Explosion","Outmaneuver","All Out Attack"],"picked":"SKIP","floor":7.0},{"not_picked":["Deflect","Predator"],"picked":"Blade Dance","floor":8.0},{"not_picked":["Outmaneuver","Dagger Spray","Wraith Form v2"],"picked":"SKIP","floor":10.0},{"not_picked":["Deflect","Expertise","Outmaneuver"],"picked":"SKIP","floor":12.0},{"not_picked":["Dagger Spray","Slice"],"picked":"Infinite Blades","floor":14.0},{"not_picked":["Bouncing Flask","Distraction"],"picked":"Footwork","floor":18.0},{"not_picked":["Flechettes","Outmaneuver","Dagger Spray+1"],"picked":"SKIP","floor":21.0},{"not_picked":["Acrobatics","Bullet Time"],"picked":"Blade Dance+1","floor":22.0},{"not_picked":["Dodge and Roll+1","Backflip"],"picked":"Finisher+1","floor":23.0},{"not_picked":["Leg Sweep+1","Riddle With Holes","Glass Knife"],"picked":"SKIP","floor":25.0},{"not_picked":["Riddle With Holes+1","Escape Plan+1"],"picked":"Finisher+1","floor":29.0},{"not_picked":["Envenom","A Thousand Cuts"],"picked":"Phantasmal Killer+1","floor":33.0},{"not_picked":["Slice","Tactician+1","Deflect+1"],"picked":"SKIP","floor":35.0},{"not_picked":["Poisoned Stab","Acrobatics+1"],"picked":"Footwork+1","floor":36.0},{"not_picked":["Poisoned Stab","Calculated Gamble+1","Tactician+1"],"picked":"SKIP","floor":38.0},{"not_picked":["Underhanded Strike+1","Bane+1","Endless Agony+1"],"picked":"SKIP","floor":40.0},{"not_picked":["Tactician+1","Deadly Poison+1"],"picked":"Blade Dance+1","floor":44.0},{"not_picked":["Adrenaline+1","Dodge and Roll+1"],"picked":"Terror+1","floor":45.0},{"not_picked":["Riddle With Holes+1","Flechettes"],"picked":"Dodge and Roll+1","floor":47.0},{"not_picked":["Swift Strike","Panacea+1"],"picked":"Bandage Up+1","floor":48.0},{"not_picked":["Forethought+1","Blind+1"],"picked":"Good Instincts+1","floor":48.0},{"not_picked":["Bandage Up+1","Impatience+1"],"picked":"Secret Technique+1","floor":48.0},{"not_picked":["Catalyst+1","Backstab+1","PiercingWail+1"],"picked":"SKIP","floor":54.0}],"player_experience":100128,"relics_obtained":[{"floor":7.0,"key":"Paper Crane"},{"floor":9.0,"key":"Calipers"},{"floor":10.0,"key":"Bird Faced Urn"},{"floor":14.0,"key":"Omamori"},{"floor":23.0,"key":"MealTicket"},{"floor":25.0,"key":"Bag of Marbles"},{"floor":26.0,"key":"Nunchaku"},{"floor":29.0,"key":"Toxic Egg 2"},{"floor":40.0,"key":"Toy Ornithopter"},{"floor":47.0,"key":"Oddly Smooth Stone"},{"floor":54.0,"key":"Orichalcum"}],"event_choices":[{"damage_healed":0.0,"max_hp_gain":0.0,"max_hp_loss":0.0,"gold_gain":0.0,"event_name":"Scrap Ooze","player_choice":"Success","floor":3.0,"gold_loss":0.0,"damage_taken":3.0,"relics_obtained":["HornCleat"]},{"cards_removed":["Strike_G"],"damage_healed":0.0,"max_hp_gain":0.0,"max_hp_loss":0.0,"gold_gain":0.0,"event_name":"Back to Basics","player_choice":"Elegance","floor":19.0,"gold_loss":0.0,"damage_taken":0.0},{"cards_removed":["Strike_G"],"damage_healed":0.0,"max_hp_gain":0.0,"max_hp_loss":0.0,"gold_gain":0.0,"event_name":"Beggar","player_choice":"Gave Gold","floor":24.0,"gold_loss":75.0,"damage_taken":0.0},{"damage_healed":0.0,"max_hp_gain":0.0,"max_hp_loss":0.0,"gold_gain":99.0,"event_name":"Nest","player_choice":"Stole From Cult","floor":28.0,"gold_loss":0.0,"damage_taken":0.0},{"damage_healed":0.0,"max_hp_gain":0.0,"max_hp_loss":0.0,"gold_gain":0.0,"event_name":"The Mausoleum","player_choice":"Opened","floor":30.0,"gold_loss":0.0,"damage_taken":0.0,"relics_obtained":["Juzu Bracelet"],"cards_obtained":["Writhe"]},{"damage_healed":0.0,"max_hp_gain":0.0,"max_hp_loss":0.0,"gold_gain":0.0,"event_name":"Tomb of Lord Red Mask","player_choice":"Ignored","floor":37.0,"gold_loss":0.0,"damage_taken":0.0},{"damage_healed":0.0,"max_hp_gain":0.0,"max_hp_loss":0.0,"gold_gain":0.0,"event_name":"Upgrade Shrine","player_choice":"Upgraded","floor":39.0,"gold_loss":0.0,"damage_taken":0.0,"cards_upgraded":["Infinite Blades"]},{"cards_removed":["Strike_G"],"damage_healed":0.0,"max_hp_gain":0.0,"max_hp_loss":0.0,"gold_gain":0.0,"event_name":"Purifier","player_choice":"Purged","floor":42.0,"gold_loss":0.0,"damage_taken":0.0},{"damage_healed":0.0,"max_hp_gain":0.0,"max_hp_loss":0.0,"gold_gain":0.0,"event_name":"SensoryStone","player_choice":"Memory 3","floor":48.0,"gold_loss":0.0,"damage_taken":10.0}],"is_beta":false,"boss_relics":[{"not_picked":["HoveringKite","Calling Bell"],"picked":"Coffee Dripper"},{"not_picked":["Runic Pyramid","Cursed Key"],"picked":"Tiny House"}],"items_purged_floors":[20,46],"is_endless":false,"potions_floor_spawned":[2,8,10,12,14,18,23,33,35,38,40,44,47],"ascension_level":2}}