{"host":"2qv44oxt58ptq59r","time":1614192850,"event":{"mods":["AchievementEnabler","BaseMod","Colored Powertips","Highlight Path","Minty Spire (QoL Compilation)","Permanent Neow","StSLib"],"gold_per_floor":[111,123,123,142,21,21,33,33,59,59,59,11,42,57,57,158,158,171,21,0,0,0,0,19,19,45,45,0,0,20,20,20,125,125,138,158,210,18,18,18],"floor_reached":39,"language":"ENG","playtime":8658,"items_purged":[],"score":574,"play_id":"d13e5587-405a-4803-ac7c-c8c6dc072248","local_time":"20210224185410","is_ascension_mode":true,"campfire_choices":[{"data":"Accuracy","floor":6.0,"key":"SMITH"},{"data":"Blade Dance","floor":8.0,"key":"SMITH"},{"data":"Cloak And Dagger","floor":15.0,"key":"SMITH"},{"data":"Envenom","floor":23.0,"key":"SMITH"},{"data":"Accuracy","floor":25.0,"key":"SMITH"},{"data":"Blade Dance","floor":27.0,"key":"SMITH"},{"data":"Corpse Explosion","floor":29.0,"key":"SMITH"},{"data":"Dodge and Roll","floor":32.0,"key":"SMITH"}],"circlet_count":0,"master_deck":["Strike_G","Defend_G","Defend_G","Defend_G","Defend_G","Defend_G","Survivor","Neutralize+1","PiercingWail","Cloak And Dagger+1","Expertise","Dodge and Roll+1","Accuracy+1","Blade Dance+1","Blade Dance+1","Unload","Backstab","Envenom+1","CurseOfTheBell","Dagger Spray","Corpse Explosion+1","Accuracy+1","Poisoned Stab","PiercingWail+1","Unload","Sucker Punch","Bane","Flying Knee"],"relics":["Ring of the Snake","PreservedInsect","Calling Bell","Lantern","HornCleat","Du-Vu Doll","Toy Ornithopter","Empty Cage","StoneCalendar","ClockworkSouvenir"],"acts_visited":["Exordium","TheCity","TheBeyond"],"potions_floor_usage":[39],"damage_taken":[{"damage":1.0,"enemies":"Small Slimes","floor":1.0,"turns":5.0},{"damage":0.0,"enemies":"Cultist","floor":2.0,"turns":3.0},{"damage":2.0,"enemies":"Jaw Worm","floor":4.0,"turns":7.0},{"damage":0.0,"enemies":"Red Slaver","floor":7.0,"turns":7.0},{"damage":0.0,"enemies":"Lagavulin","floor":13.0,"turns":3.0},{"damage":0.0,"enemies":"2 Fungi Beasts","floor":14.0,"turns":3.0},{"damage":19.0,"enemies":"Hexaghost","floor":16.0,"turns":10.0},{"damage":6.0,"enemies":"2 Thieves","floor":18.0,"turns":2.0},{"damage":0.0,"enemies":"3 Byrds","floor":24.0,"turns":2.0},{"damage":0.0,"enemies":"Snake Plant","floor":30.0,"turns":5.0},{"damage":19.0,"enemies":"Automaton","floor":33.0,"turns":6.0},{"damage":0.0,"enemies":"Orb Walker","floor":35.0,"turns":2.0},{"damage":18.0,"enemies":"3 Darklings","floor":36.0,"turns":5.0},{"damage":47.0,"enemies":"2 Orb Walkers","floor":37.0,"turns":4.0},{"damage":14,"enemies":"4 Shapes","floor":39,"turns":1}],"seed_played":"8486737659468597755","potions_obtained":[{"floor":2.0,"key":"LiquidMemories"},{"floor":4.0,"key":"Energy Potion"},{"floor":7.0,"key":"FearPotion"},{"floor":18.0,"key":"LiquidMemories"},{"floor":33.0,"key":"SneckoOil"}],"is_trial":false,"path_per_floor":["M","M","?","M","$","R","M","R","T","$","?","$","E","M","R","B",null,"M","$","?","?","$","R","M","R","T","R","$","R","M","?","R","B",null,"M","M","?","$","M"],"character_chosen":"THE_SILENT","items_purchased":["Accuracy","PowerPotion","Blade Dance","Corpse Explosion","Poisoned Stab","ClockworkSouvenir","Flying Knee"],"campfire_rested":0,"item_purchase_floors":[5,5,12,19,28,38,38],"current_hp_per_floor":[62,62,62,60,60,60,60,60,60,60,53,53,53,53,53,34,61,55,55,55,55,55,55,55,55,55,55,55,55,55,55,55,46,64,69,51,4,4,0,0],"gold":18,"neow_bonus":"UPGRADE_CARD","is_daily":false,"chose_seed":false,"campfire_upgraded":8,"win_rate":0.0,"timestamp":1614192850,"path_taken":["M","M","?","?","$","R","M","R","T","$","?","?","E","?","R","BOSS","M","$","?","?","?","R","M","R","T","R","$","R","?","?","R","BOSS","M","M","?","$","M"],"items_purchased_type":["Card","Potion","Card","Card","Card","Relic","Card"],"build_version":"2020-12-22","purchased_purges":0,"victory":false,"max_hp_per_floor":[70,70,70,70,70,70,70,70,70,70,70,70,70,70,70,70,70,70,70,70,70,70,70,70,70,70,70,70,70,70,70,70,70,70,70,70,70,70,70,70],"card_choices":[{"not_picked":["Sucker Punch","Eviscerate"],"picked":"PiercingWail","floor":1.0},{"not_picked":["Backflip","Predator"],"picked":"Cloak And Dagger","floor":2.0},{"not_picked":["Acrobatics","Deflect"],"picked":"Dodge and Roll","floor":4.0},{"not_picked":["Deflect","Dagger Throw"],"picked":"Blade Dance","floor":7.0},{"not_picked":["Deflect","Prepared"],"picked":"Unload","floor":13.0},{"not_picked":["Dash","Underhanded Strike"],"picked":"Backstab","floor":14.0},{"not_picked":["Wraith Form v2","Malaise"],"picked":"Envenom","floor":16.0},{"not_picked":["Predator","Dagger Throw"],"picked":"Dagger Spray","floor":18.0},{"not_picked":["Dagger Spray","Sucker Punch"],"picked":"Accuracy","floor":24.0},{"not_picked":["Deadly Poison","Backflip"],"picked":"PiercingWail+1","floor":30.0},{"not_picked":["A Thousand Cuts","Bullet Time"],"picked":"Unload","floor":33.0},{"not_picked":["Infinite Blades+1","Quick Slash"],"picked":"Sucker Punch","floor":35.0},{"not_picked":["Heel Hook","Acrobatics","Escape Plan+1"],"picked":"SKIP","floor":36.0},{"not_picked":["Tactician","Underhanded Strike"],"picked":"Bane","floor":37.0}],"player_experience":5820943,"relics_obtained":[{"floor":13.0,"key":"PreservedInsect"},{"floor":17.0,"key":"Lantern"},{"floor":17.0,"key":"HornCleat"},{"floor":17.0,"key":"Du-Vu Doll"},{"floor":26.0,"key":"Toy Ornithopter"},{"floor":37.0,"key":"StoneCalendar"}],"event_choices":[{"damage_healed":0.0,"max_hp_gain":0.0,"max_hp_loss":0.0,"gold_gain":0.0,"cards_transformed":["Strike_G"],"event_name":"Transmorgrifier","player_choice":"Transformed","floor":3.0,"gold_loss":0.0,"damage_taken":0.0,"cards_obtained":["Expertise"]},{"cards_removed":["Strike_G"],"damage_healed":0.0,"max_hp_gain":0.0,"max_hp_loss":0.0,"gold_gain":0.0,"event_name":"Golden Wing","player_choice":"Card Removal","floor":11.0,"gold_loss":0.0,"damage_taken":7.0},{"damage_healed":0.0,"max_hp_gain":0.0,"max_hp_loss":0.0,"gold_gain":0.0,"event_name":"Masked Bandits","player_choice":"Paid Fearfully","floor":20.0,"gold_loss":21.0,"damage_taken":0.0},{"damage_healed":0.0,"max_hp_gain":0.0,"max_hp_loss":0.0,"gold_gain":0.0,"event_name":"Vampires","player_choice":"Ignored","floor":31.0,"gold_loss":0.0,"damage_taken":0.0},{"damage_healed":0.0,"max_hp_gain":0.0,"max_hp_loss":0.0,"gold_gain":0.0,"event_name":"Mysterious Sphere","player_choice":"Fight","floor":37.0,"gold_loss":0.0,"damage_taken":0.0}],"is_beta":false,"boss_relics":[{"not_picked":["Velvet Choker","SacredBark"],"picked":"Calling Bell"},{"not_picked":["Ring of the Serpent","Snecko Eye"],"picked":"Empty Cage"}],"items_purged_floors":[],"is_endless":false,"potions_floor_spawned":[2,4,7,18,33],"killed_by":"4 Shapes","ascension_level":7}}