{"host":"sl16z9iy022tq7s2","time":1614176982,"event":{"mods":["100% Spire Juice","ATMod(阿瑾Mod)","BaseMod","Colored Powertips","Googly Eyes","KinomotoSakuraMod(木之本樱)","Marisa（F雨　魔理沙）","Minty Spire (QoL Compilation)","Prisma Mod","Quick Restart","Remilia（蕾米莉亚）","Replay The Spire","StSLib","TestMod","The Animator","The Servant 0.9.4","WarShipGirlsR/战舰少女R mod","Yuyuko","【遗物卡牌】REMEMod"],"gold_per_floor":[110,110,35,64,82,82,87,122,122,154,169,184,284,310,310,405,405,417,127,42,167,42,42,42,80,80,94,108,161,161,191,191,191,191],"floor_reached":33,"language":"ZHS","playtime":1667,"items_purged":["animator:Strike","animator:Strike","animator:Strike"],"score":347,"play_id":"dad72047-9573-492d-98dd-8e3b34006ad0","local_time":"20210224222942","is_ascension_mode":false,"campfire_choices":[{"data":"AT_FamilyPortrait","floor":6,"key":"SMITH"},{"data":"animator:GazelDwargon","floor":15,"key":"SMITH"},{"data":"animator:MetalKnight","floor":15,"key":"SMITH"},{"data":"animator:Azekura","floor":23,"key":"SMITH"},{"data":"AT_EmpoweredMortalDraw","floor":23,"key":"SMITH"},{"data":"animator:Caster","floor":30,"key":"SMITH"},{"data":"animator:Berserker","floor":30,"key":"SMITH"},{"data":"animator:Emilia","floor":32,"key":"SMITH"},{"data":"animator:ShinjiMatou","floor":32,"key":"SMITH"}],"circlet_count":0,"master_deck":["animator:Strike_Fate","animator:Defend_Fate","animator:Defend","animator:Defend","animator:Defend","animator:Alexander","animator:Rider","PrismaMod:IllyaInstallForeigner","AT_FamilyPortrait+1","animator:MetalKnight+1","animator:DolaRiku","animator:SakuraMatou","animator:ShinjiMatou+1","animator:ShinjiMatou","animator:Alexander","animator:IzunaHatsuse","animator:Alexander","animator:GazelDwargon+1","animator:HigakiRinne","AT_EmpoweredMortalDraw+1","animator:Emilia+1","animator:Azekura+1","animator:Berserker+1","Writhe","animator:Caster+1","animator:Archer+1","animator:Caster+1"],"relics":["animator:LivingPicture","animator:TheMissingPiece","REME_ComplimentaryCards","AT_ATBox","testmod-TestBox","testmod-SaigiyounoYou","Replay:Arrowhead","Matryoshka","Akabeko","AT_MortalBlade","Replay:Mystery Machine","Bottled Flame","REME_PuzzleBoxRelic","Blood Vial","Replay:Ringing Soul","AT_ArchangelStaff","testmod-IndustrialRevolution","Dream Catcher"],"acts_visited":["Exordium","TheCity"],"potions_floor_usage":[8,16,16,16,29,33,33],"damage_taken":[{"damage":5,"enemies":"Jaw Worm","floor":1,"turns":5},{"damage":2,"enemies":"Small Slimes","floor":4,"turns":5},{"damage":4,"enemies":"2 Louse","floor":5,"turns":4},{"damage":12,"enemies":"Exordium Thugs","floor":7,"turns":6},{"damage":49,"enemies":"3 Sentries","floor":8,"turns":11},{"damage":22,"enemies":"Lagavulin","floor":10,"turns":8},{"damage":10,"enemies":"Large Slime","floor":11,"turns":5},{"damage":9,"enemies":"Exordium Wildlife","floor":12,"turns":4},{"damage":0,"enemies":"3 Louse","floor":14,"turns":1},{"damage":0,"enemies":"Hexaghost","floor":16,"turns":12},{"damage":0,"enemies":"3 Byrds","floor":18,"turns":1},{"damage":0,"enemies":"Spheric Guardian","floor":25,"turns":2},{"damage":0,"enemies":"Snecko","floor":27,"turns":2},{"damage":0,"enemies":"Shelled Parasite and Fungi","floor":28,"turns":1},{"damage":11,"enemies":"Slavers","floor":29,"turns":3},{"damage":10,"enemies":"REME_1_Revenger","floor":31,"turns":3},{"damage":1022,"enemies":"Collector","floor":33,"turns":3}],"seed_played":"8257697099171359608","potions_obtained":[{"floor":7,"key":"SkillPotion"},{"floor":8,"key":"Energy Potion"},{"floor":12,"key":"Dexterity Potion"},{"floor":14,"key":"animator:FalseLifePotion"},{"floor":25,"key":"Adrenaline Potion"},{"floor":28,"key":"Explosive Potion"},{"floor":31,"key":"Languid Potion"}],"is_trial":false,"path_per_floor":["M","?","$","M","M","R","M","E","T","E","M","M","?","M","R","B",null,"M","$","?","?","$","R","?","M","T","M","M","E","R","E","R","B"],"character_chosen":"THE_ANIMATOR","items_purchased":["animator:Emilia"],"campfire_rested":0,"item_purchase_floors":[19],"current_hp_per_floor":[66,66,66,66,67,67,61,37,37,37,40,39,39,42,42,67,67,67,67,67,51,51,51,51,53,53,63,65,67,67,71,71,0,0],"gold":191,"neow_bonus":"THREE_CARDS","is_daily":false,"chose_seed":false,"campfire_upgraded":9,"win_rate":0.0,"timestamp":1614176982,"path_taken":["M","?","$","M","M","R","M","E","T","E","M","M","?","?","R","BOSS","M","$","?","?","$","R","?","?","T","M","M","E","R","E","R","BOSS"],"items_purchased_type":["Card"],"build_version":"2020-12-22","purchased_purges":3,"victory":false,"max_hp_per_floor":[66,66,66,66,67,67,67,67,67,67,67,67,67,67,67,67,67,67,67,67,67,67,67,67,67,67,71,71,74,74,77,77,77,77],"card_choices":[{"not_picked":["animator:Assassin","animator:Azekura"],"picked":"animator:MetalKnight","floor":0},{"not_picked":["animator:Tatsumaki","animator:UneriGinkaku","animator:Nanami"],"picked":"SKIP","floor":1},{"not_picked":[],"picked":"animator:DolaRiku","floor":2},{"not_picked":["animator:DolaCouronne","animator:Illya"],"picked":"animator:SakuraMatou","floor":4},{"not_picked":["animator:Tet","animator:PandorasActor"],"picked":"animator:ShinjiMatou","floor":5},{"not_picked":["animator:Illya","animator:Alexander"],"picked":"animator:ShinjiMatou","floor":7},{"not_picked":["animator:Cocytus","animator:HomuraAkemi"],"picked":"animator:Alexander","floor":8},{"not_picked":["animator:Alexander","animator:FielNirvalen"],"picked":"animator:IzunaHatsuse","floor":10},{"not_picked":["animator:Sonic","animator:DolaSchwi"],"picked":"animator:Alexander","floor":11},{"not_picked":["animator:MamiTomoe","animator:DolaRiku"],"picked":"animator:GazelDwargon","floor":14},{"not_picked":["animator:Shizu","animator:Rimuru"],"picked":"animator:HigakiRinne","floor":16},{"not_picked":["animator:ZankiKiguchi","animator:Jibril+1","animator:Millim"],"picked":"SKIP","floor":18},{"not_picked":["animator:Emonzaemon","animator:IrohaTamaki+1"],"picked":"animator:Azekura","floor":21},{"not_picked":["animator:Entoma+1","animator:Kaijin+1"],"picked":"animator:Berserker","floor":21},{"not_picked":["animator:DolaCouronne","animator:Kaijin","animator:Geryuganshoop"],"picked":"SKIP","floor":25},{"not_picked":["animator:Alexander","animator:SakuraMatou"],"picked":"animator:Caster","floor":27},{"not_picked":["animator:Millim","animator:Togame","animator:SayakaMiki"],"picked":"SKIP","floor":28},{"not_picked":["animator:DolaRiku","animator:Biyorigo"],"picked":"animator:Archer+1","floor":29},{"not_picked":["animator:NarberalGamma","animator:SilverFang"],"picked":"animator:Caster+1","floor":31}],"player_experience":533093,"relics_obtained":[{"floor":8,"key":"Replay:Arrowhead"},{"floor":9,"key":"Matryoshka"},{"floor":10,"key":"Akabeko"},{"floor":21,"key":"Bottled Flame"},{"floor":21,"key":"REME_PuzzleBoxRelic"},{"floor":26,"key":"Replay:Ringing Soul"},{"floor":26,"key":"AT_ArchangelStaff"},{"floor":29,"key":"testmod-IndustrialRevolution"},{"floor":31,"key":"Dream Catcher"}],"event_choices":[{"damage_healed":0,"gold_gain":100,"player_choice":"Pray","damage_taken":0,"max_hp_gain":0,"max_hp_loss":0,"event_name":"Golden Shrine","floor":13,"gold_loss":0},{"damage_healed":0,"gold_gain":0,"player_choice":"Obtained Relic","damage_taken":0,"relics_obtained":["Replay:Mystery Machine"],"max_hp_gain":0,"max_hp_loss":0,"event_name":"Addict","floor":20,"gold_loss":85},{"damage_healed":0,"gold_gain":0,"player_choice":"Opened","damage_taken":0,"relics_obtained":["Blood Vial"],"max_hp_gain":0,"max_hp_loss":0,"event_name":"The Mausoleum","floor":24,"gold_loss":0,"cards_obtained":["Writhe"]}],"is_beta":false,"boss_relics":[{"not_picked":["testmod-KeyOfTheVoid","testmod-StringDisintegrator"],"picked":"AT_MortalBlade"}],"items_purged_floors":[3,19,22],"is_endless":false,"potions_floor_spawned":[7,8,12,14,25,28,31],"killed_by":"Collector","ascension_level":0}}