{"host":"7oiwk103j2prpym5","time":1614131157,"event":{"mods":["BaseMod","BetterRewards","Colored Map","Colored Powertips","GifTheSpireLib","Infinite Spire","Minty Spire (QoL Compilation)","Permanent Neow","Relic Filter Mod","Reliquary","Remove Card Discount Mod","Replay The Spire","StSLib","Stuff the Spire","Weighted Paths"],"gold_per_floor":[360,380,391,391,410,444,719,730,730,730,761,774,774,388,388,484,484,494,505,505,124,124,152,152,152,177,207,207,207,207],"floor_reached":29,"language":"ENG","playtime":1307,"items_purged":["Strike_R","Defend_R","Strike_R","Strike_R","Regret"],"score":271,"play_id":"10b4f787-8087-4cc6-be48-a7ca95bc85b3","local_time":"20210223194557","is_ascension_mode":false,"campfire_choices":[{"floor":10,"key":"REST"},{"floor":13,"key":"REST"},{"floor":15,"key":"REST"},{"floor":25,"key":"REST"},{"floor":28,"key":"REST"}],"circlet_count":0,"master_deck":["Strike_R","Strike_R","Defend_R","Defend_R","Bash+1","ReplayTheSpireMod:IOU","Cleave","Flex","Clothesline+1","Pommel Strike","Rage","Berserk","ReplayTheSpireMod:Muscle Training","Spot Weakness","Armaments","Reckless Charge","Double Tap","Fire Breathing","Thunderclap","Infernal Blade","StuffTheSpire:RagingBull","StuffTheSpire:CuriosityCurse"],"relics":["Burning Blood","Du-Vu Doll","Replay:Wax Seal","Chameleon Ring","Fusion Hammer","Nloth\u0027s Gift","Red Skull","Juzu Bracelet","Golden Egg","reliquary:Stiletto","infinitespire:PuzzleCube","reliquary:Knoch"],"acts_visited":["Exordium","TheCity"],"potions_floor_usage":[12,16,26,27],"damage_taken":[{"damage":2,"enemies":"2 Louse","floor":1,"turns":3},{"damage":1,"enemies":"Cultist","floor":2,"turns":4},{"damage":12,"enemies":"Small Slimes","floor":3,"turns":5},{"damage":7,"enemies":"2 Fungi Beasts","floor":5,"turns":3},{"damage":38,"enemies":"Gremlin Nob","floor":6,"turns":5},{"damage":8,"enemies":"Blue Slaver","floor":8,"turns":3},{"damage":33,"enemies":"Lagavulin","floor":11,"turns":6},{"damage":29,"enemies":"Exordium Wildlife","floor":12,"turns":3},{"damage":38,"enemies":"Slime Boss","floor":16,"turns":11},{"damage":24,"enemies":"Spheric Guardian","floor":18,"turns":4},{"damage":26,"enemies":"Shell Parasite","floor":19,"turns":4},{"damage":32,"enemies":"Book of Stabbing","floor":23,"turns":4},{"damage":59,"enemies":"Nightmare","floor":27,"turns":6},{"damage":36,"enemies":"Centurion and Healer","floor":29,"turns":2}],"seed_played":"8540658119052218974","potions_obtained":[{"floor":2,"key":"SpeedPotion"},{"floor":6,"key":"Languid Potion"},{"floor":8,"key":"Elixir"},{"floor":11,"key":"PowerPotion"},{"floor":19,"key":"SpeedPotion"},{"floor":23,"key":"BloodPotion"}],"is_trial":false,"path_per_floor":["M","M","M","?","M","E","?","M","T","R","E","M","R","$","R","B",null,"M","M","?","$","?","E","?","R","T","NM","R","M"],"character_chosen":"IRONCLAD","items_purchased":["Armaments","Chameleon Ring","Reckless Charge","Red Skull","Juzu Bracelet","Infernal Blade"],"campfire_rested":5,"item_purchase_floors":[14,14,14,21,21,21],"current_hp_per_floor":[80,80,74,74,73,41,41,39,39,63,36,13,37,37,61,29,80,62,42,42,42,42,16,16,40,64,11,35,0,0],"gold":207,"neow_bonus":"TWO_FIFTY_GOLD","is_daily":false,"chose_seed":false,"campfire_upgraded":0,"win_rate":0.0,"timestamp":1614131157,"path_taken":["M","M","M","?","?","E","?","M","T","R","E","M","R","$","R","BOSS","M","M","?","$","?","E","?","R","T","NM","R","M"],"items_purchased_type":["Card","Relic","Card","Relic","Relic","Card"],"build_version":"2020-12-22","purchased_purges":5,"victory":false,"max_hp_per_floor":[80,80,80,80,80,80,80,80,80,80,80,80,80,80,80,80,80,80,80,80,80,80,80,80,80,80,80,80,80,80],"card_choices":[{"not_picked":["Thunderclap","Clothesline"],"picked":"Cleave","floor":1},{"not_picked":["Sword Boomerang","Bloodletting"],"picked":"Flex","floor":2},{"not_picked":["ReplayTheSpireMod:LeadingStrike","Clash"],"picked":"Clothesline","floor":3},{"not_picked":["Cleave","Warcry"],"picked":"Pommel Strike","floor":5},{"not_picked":["Shrug It Off","Uppercut"],"picked":"Rage","floor":6},{"not_picked":["Whirlwind","Warcry"],"picked":"Berserk","floor":8},{"not_picked":["Perfected Strike","Clothesline"],"picked":"ReplayTheSpireMod:Muscle Training","floor":11},{"not_picked":["Battle Trance","Evolve"],"picked":"Spot Weakness","floor":12},{"not_picked":["Demonic Infusion","Juggernaut"],"picked":"Double Tap","floor":16},{"not_picked":["Warcry","StuffTheSpire:Pyroclast"],"picked":"Fire Breathing","floor":18},{"not_picked":["Whirlwind","Entrench"],"picked":"Thunderclap","floor":19},{"not_picked":["Fiend Fire","Perfected Strike"],"picked":"StuffTheSpire:RagingBull","floor":23},{"not_picked":["Massacre","StuffTheSpire:TitanForm","Perfected Strike+1"],"picked":"SKIP","floor":27}],"player_experience":905963,"relics_obtained":[{"floor":6,"key":"Du-Vu Doll"},{"floor":9,"key":"Replay:Wax Seal"},{"floor":11,"key":"Whetstone"},{"floor":23,"key":"Golden Egg"},{"floor":26,"key":"infinitespire:PuzzleCube"},{"floor":27,"key":"reliquary:Knoch"}],"event_choices":[{"cards_removed":["Defend_R"],"damage_healed":0,"gold_gain":0,"player_choice":"Offered Basic","damage_taken":0,"max_hp_gain":0,"max_hp_loss":0,"event_name":"Bonfire Elementals","floor":4,"gold_loss":0},{"damage_healed":0,"gold_gain":275,"player_choice":"Desecrate","damage_taken":0,"max_hp_gain":0,"max_hp_loss":0,"event_name":"Golden Shrine","floor":7,"gold_loss":0,"cards_obtained":["Regret"]},{"damage_healed":0,"gold_gain":0,"player_choice":"Traded Relic","damage_taken":0,"relics_obtained":["Nloth\u0027s Gift"],"max_hp_gain":0,"max_hp_loss":0,"event_name":"N\u0027loth","floor":20,"relics_lost":["Whetstone"],"gold_loss":0}],"is_beta":false,"boss_relics":[{"not_picked":["Ring of Chaos","reliquary:RedCape"],"picked":"Fusion Hammer"}],"items_purged_floors":[14,14,14,14,21],"is_endless":false,"potions_floor_spawned":[2,6,8,11,19,23],"killed_by":"Centurion and Healer","ascension_level":0}}