{"host":"ox77rn1xcurm2t5a","time":1614197769,"event":{"mods":["2.2 Compatiblity","AchievementEnabler","Act Like it!","Aspiration","BaseMod","Best Route Mod","Better Match","Better Note","Better Sensory Stone","Block Reminder","Colored Map","Colored Powertips","Conjunction","Conspire","Custom Start","Energized Spire","GifTheSpireLib","Gold Saver","Gremlin Skip","Halation","Highlight Path","Hubris","Infinite Spire","Minty Spire (QoL Compilation)","Pale of the Ancients","Quick Restart","Reliquary","Replay The Spire","Reworked Bosses","ShortenTheSpire","Spire Exporter","StSLib","Stuff the Spire","Wandering Minibosses"],"gold_per_floor":[402,10,19,31,31,31,66,74,74,74,106,106,106,106,106,205,205,215,202,52,52,3,3,31,31,110,110,125,146,146,146],"floor_reached":30,"language":"ENG","playtime":6602,"items_purged":["Strike_R","Defend_R"],"score":450,"play_id":"624d8896-69ab-47bd-b5b2-685d296c4f08","local_time":"20210224221609","is_ascension_mode":true,"campfire_choices":[{"data":"Bash","floor":6.0,"key":"SMITH"},{"floor":10.0,"key":"RECALL"},{"data":"StuffTheSpire:CelestialWarden","floor":15.0,"key":"SMITH"},{"data":"ReplayTheSpireMod:Private Reserves","floor":23.0,"key":"SMITH"},{"floor":27.0,"key":"REST"}],"circlet_count":0,"master_deck":["AscendersBane","Strike_R","Strike_R","Strike_R","Strike_R","Defend_R","Defend_R","Defend_R","Bash+1","Twin Strike","ReplayTheSpireMod:Private Reserves+1","Clash","Clash","Clash","Cleave","Dropkick","StuffTheSpire:CelestialWarden+1","Thunderclap","Clash","Clash","Seeing Red","Inflame+1"],"relics":["Burning Blood","Tiny Chest","StuffTheSpire:RubySignet","hubris:Reverence","Replay:Baseball","White Beast Statue","conspire:DecoderRing"],"acts_visited":["Exordium","TheCity"],"potions_floor_usage":[30],"damage_taken":[{"damage":0.0,"enemies":"Small Slimes","floor":1.0,"turns":3.0},{"damage":7.0,"enemies":"Jaw Worm","floor":3.0,"turns":7.0},{"damage":12.0,"enemies":"2 Louse","floor":4.0,"turns":3.0},{"damage":35.0,"enemies":"Lagavulin","floor":7.0,"turns":6.0},{"damage":0.0,"enemies":"Looter","floor":8.0,"turns":1.0},{"damage":33.0,"enemies":"Gremlin Nob","floor":11.0,"turns":4.0},{"damage":21.0,"enemies":"Slime Boss","floor":16.0,"turns":9.0},{"damage":7.0,"enemies":"Chosen","floor":18.0,"turns":4.0},{"damage":34.0,"enemies":"2 Thieves","floor":19.0,"turns":4.0},{"damage":39.0,"enemies":"Slavers","floor":24.0,"turns":5.0},{"damage":24.0,"enemies":"Snake Plant","floor":28.0,"turns":3.0},{"damage":11.0,"enemies":"Replay:Snechameleon","floor":29.0,"turns":4.0},{"damage":17,"enemies":"conspire:HollyBat","floor":30,"turns":5}],"seed_played":"-1972234325819136533","potions_obtained":[{"floor":4.0,"key":"Milkshake"},{"floor":11.0,"key":"Adrenaline Potion"},{"floor":24.0,"key":"Strength Potion"},{"floor":28.0,"key":"infinitespire:BlackPotion"},{"floor":29.0,"key":"Adrenaline Potion"}],"is_trial":false,"path_per_floor":["M","$","M","M","?","R","E","M","T","R","E","?","?","?","R","B",null,"M","M","$","T","$","R","E","?","T","R","M","E","M"],"character_chosen":"IRONCLAD","items_purchased":["Strawberry","ReplayTheSpireMod:Private Reserves","EssenceOfSteel","Clash","Clash"],"campfire_rested":1,"item_purchase_floors":[2,2,2,20,22],"current_hp_per_floor":[78,85,84,78,78,78,49,55,55,55,28,43,43,43,43,28,72,71,43,43,43,43,43,10,10,10,36,18,13,0,0],"gold":146,"neow_bonus":"HUNDRED_GOLD","is_daily":false,"chose_seed":false,"campfire_upgraded":3,"win_rate":0.0,"timestamp":1614197769,"path_taken":["M","$","M","M","?","R","E","M","T","R","E","?","?","?","R","BOSS","M","M","$","?","$","R","E","?","T","R","M","E","M"],"items_purchased_type":["Relic","Card","Potion","Card","Card"],"build_version":"2020-12-22","purchased_purges":2,"victory":false,"max_hp_per_floor":[80,87,87,87,87,87,87,87,87,87,87,87,87,87,87,87,87,87,87,87,87,87,87,87,87,87,87,87,87,87,87],"card_choices":[{"not_picked":["hubris:CleavingFinish","StuffTheSpire:Slingshot"],"picked":"Twin Strike","floor":1.0},{"not_picked":["StuffTheSpire:Resist","ReplayTheSpireMod:Stacked"],"picked":"Clash","floor":3.0},{"not_picked":["StuffTheSpire:Incineration","Heavy Blade"],"picked":"Clash","floor":4.0},{"not_picked":["StuffTheSpire:BloodClot","Immolate"],"picked":"Clash","floor":7.0},{"not_picked":["StuffTheSpire:RockThrow","Pommel Strike"],"picked":"Cleave","floor":8.0},{"not_picked":["ReplayTheSpireMod:Limb From Limb","Havoc"],"picked":"Dropkick","floor":11.0},{"not_picked":["StuffTheSpire:BrainWave","StuffTheSpire:Vigor"],"picked":"StuffTheSpire:CelestialWarden","floor":14.0},{"not_picked":["Clothesline","Feel No Pain"],"picked":"Thunderclap","floor":18.0},{"not_picked":["Body Slam","ReplayTheSpireMod:Muscle Training","Pummel"],"picked":"SKIP","floor":19.0},{"not_picked":["Sentinel+1","Twin Strike"],"picked":"Seeing Red","floor":24.0},{"not_picked":["Body Slam+1","Wild Strike","Second Wind"],"picked":"SKIP","floor":28.0},{"not_picked":["Defy Death+1","Armaments"],"picked":"Inflame+1","floor":29.0}],"player_experience":3240418,"relics_obtained":[{"floor":7.0,"key":"Tiny Chest"},{"floor":11.0,"key":"StuffTheSpire:RubySignet"},{"floor":21.0,"key":"hubris:Reverence"},{"floor":24.0,"key":"Replay:Baseball"},{"floor":26.0,"key":"White Beast Statue"},{"floor":29.0,"key":"conspire:DecoderRing"}],"event_choices":[{"damage_healed":0.0,"max_hp_gain":0.0,"max_hp_loss":0.0,"gold_gain":0.0,"event_name":"betterNote:BetterNote","player_choice":"Ignored","floor":25.0,"gold_loss":0.0,"damage_taken":0.0,"cards_obtained":["Strike_P"]}],"is_beta":false,"boss_relics":[{"not_picked":["Kintsugi","conspire:RunicOctahedron","energizedSpire:NeverEndingSparkler"]}],"items_purged_floors":[2,20],"is_endless":false,"potions_floor_spawned":[4,11,24,28,29],"killed_by":"conspire:HollyBat","ascension_level":11}}