{"host":"7ue15d6wz1o7m0ar","time":1614205264,"event":{"mods":["BaseMod","Filter the Spire","Hermit","Minty Spire (QoL Compilation)","Replay The Spire","StSLib"],"gold_per_floor":[115,42,62,4,20,45,45,78,102,102,102,120,120,135,135,240,240,254,20,20,39,55,55,71,88,139,139,139,139,139],"floor_reached":29,"language":"ENG","playtime":1660,"items_purged":[],"score":294,"play_id":"7f10b03d-7426-4005-8004-c8a517e3c8f8","local_time":"20210224162104","is_ascension_mode":true,"campfire_choices":[{"data":"Hidden Blade","floor":7,"key":"SMITH"},{"floor":15,"key":"REST"},{"data":"Burst","floor":23,"key":"SMITH"},{"floor":27,"key":"REST"}],"circlet_count":0,"master_deck":["Strike_G","Strike_G","Strike_G","Defend_G","Defend_G","Defend_G","Defend_G","Defend_G","Survivor","Neutralize","Finisher","Hidden Blade+1","Blade Dance","Noxious Fumes","Accuracy+1","Infinite Blades","Deflect","ReplayTheSpireMod:Speed Training","Endless Agony+1","Flying Knee","Decay","Burst+1","Cloak And Dagger","Prepared","Noxious Fumes","Fluid Movement+1","Deflect","Acrobatics+1","Backflip"],"relics":["WristBlade","Nunchaku","Replay:Mystery Machine","Lantern","HoveringKite","Happy Flower","Art of War","MealTicket"],"acts_visited":["Exordium","TheCity"],"potions_floor_usage":[14,16,16,24],"damage_taken":[{"damage":4,"enemies":"Small Slimes","floor":1,"turns":4},{"damage":0,"enemies":"Cultist","floor":3,"turns":2},{"damage":0,"enemies":"Jaw Worm","floor":5,"turns":1},{"damage":16,"enemies":"Gremlin Nob","floor":6,"turns":3},{"damage":10,"enemies":"3 Sentries","floor":8,"turns":6},{"damage":0,"enemies":"2 Fungi Beasts","floor":12,"turns":1},{"damage":18,"enemies":"Gremlin Gang","floor":14,"turns":2},{"damage":13,"enemies":"Fading Forest","floor":16,"turns":11},{"damage":9,"enemies":"2 Thieves","floor":18,"turns":3},{"damage":11,"enemies":"Spheric Guardian","floor":21,"turns":3},{"damage":16,"enemies":"3 Cultists","floor":22,"turns":5},{"damage":16,"enemies":"Snecko","floor":24,"turns":5},{"damage":8,"enemies":"Centurion and Healer","floor":25,"turns":2},{"damage":43,"enemies":"Cultist and Chosen","floor":29,"turns":4}],"seed_played":"1926830250841017784","potions_obtained":[{"floor":1,"key":"Dexterity Potion"},{"floor":5,"key":"FearPotion"},{"floor":12,"key":"Explosive Potion"},{"floor":16,"key":"Elixir"},{"floor":22,"key":"GamblersBrew"}],"is_trial":false,"path_per_floor":["M","$","M","$","M","E","R","E","T","?","?","M","?","M","R","B",null,"M","$","?","M","M","R","M","M","T","R","?","M"],"character_chosen":"THE_SILENT","items_purchased":["Hidden Blade","Blade Dance","Accuracy+1","Prepared","Happy Flower","Noxious Fumes"],"campfire_rested":2,"item_purchase_floors":[2,2,4,19,19,19],"current_hp_per_floor":[66,66,66,66,66,50,50,40,40,33,33,33,33,15,36,33,61,52,52,52,41,25,25,9,1,1,22,22,0,0],"gold":139,"neow_bonus":"BOSS_RELIC","is_daily":false,"chose_seed":false,"campfire_upgraded":2,"win_rate":0.0,"timestamp":1614205264,"path_taken":["M","$","M","$","M","E","R","E","T","?","?","M","?","?","R","BOSS","M","$","?","M","M","R","M","M","T","R","?","?"],"items_purchased_type":["Card","Card","Card","Card","Relic","Card"],"build_version":"2020-12-22","purchased_purges":0,"victory":false,"max_hp_per_floor":[70,70,70,70,70,70,70,70,70,70,70,70,70,70,70,70,70,70,70,70,70,70,70,70,70,70,70,70,70,70],"card_choices":[{"not_picked":["Poisoned Stab","Tactician"],"picked":"Finisher","floor":1},{"not_picked":["Dagger Throw","Outmaneuver"],"picked":"Noxious Fumes","floor":3},{"not_picked":["Flechettes","Flying Knee"],"picked":"Infinite Blades","floor":5},{"not_picked":["Dash","ReplayTheSpireMod:From All Sides"],"picked":"Deflect","floor":6},{"not_picked":["Quick Slash","Sneak Up"],"picked":"ReplayTheSpireMod:Speed Training","floor":8},{"not_picked":["Dagger Spray","Deadly Poison"],"picked":"Flying Knee","floor":12},{"not_picked":["Dagger Spray","Poisoned Stab","Dagger Throw"],"picked":"SKIP","floor":14},{"not_picked":["Venomology","A Thousand Cuts"],"picked":"Burst","floor":16},{"not_picked":["Dagger Throw","ReplayTheSpireMod:Scrap Shanks"],"picked":"Cloak And Dagger","floor":18},{"not_picked":["Replay:Poison Smokescreen","Sucker Punch"],"picked":"Fluid Movement+1","floor":21},{"not_picked":["Bane","Dagger Spray"],"picked":"Deflect","floor":22},{"not_picked":["Eviscerate+1","Slice+1"],"picked":"Acrobatics+1","floor":24},{"not_picked":["Deflect+1","PiercingWail"],"picked":"Backflip","floor":25}],"player_experience":531009,"relics_obtained":[{"floor":6,"key":"Nunchaku"},{"floor":8,"key":"Replay:Mystery Machine"},{"floor":9,"key":"Lantern"},{"floor":26,"key":"Art of War"},{"floor":28,"key":"MealTicket"}],"event_choices":[{"cards_removed":["Strike_G"],"damage_healed":0,"gold_gain":0,"player_choice":"Card Removal","damage_taken":7,"max_hp_gain":0,"max_hp_loss":0,"event_name":"Golden Wing","floor":10,"gold_loss":0},{"damage_healed":0,"gold_gain":0,"player_choice":"Cursed","damage_taken":0,"max_hp_gain":0,"max_hp_loss":0,"event_name":"Wheel of Change","floor":13,"gold_loss":0,"cards_obtained":["Decay"]},{"damage_healed":0,"gold_gain":0,"player_choice":"Relic","damage_taken":0,"max_hp_gain":0,"max_hp_loss":0,"event_name":"Wheel of Change","floor":28,"gold_loss":0}],"is_beta":false,"boss_relics":[{"not_picked":["Snecko Scales","Pandora\u0027s Box"],"picked":"HoveringKite"}],"items_purged_floors":[],"is_endless":false,"potions_floor_spawned":[1,5,12,16,22],"killed_by":"Cultist and Chosen","ascension_level":5}}