{"host":"j2lclbvdfoh0nnbr","time":1614138999,"event":{"mods":["ATMod(°¢èªMod)","Aspiration","BaseMod","Downfall","Library of Ruina","Library of Ruina Extra","Lobotomy","LobotomyExtend","Minty Spire (QoL Compilation)","Reimu£¨²©ÀöÁéÃÎ£©","Replay The Spire","StSLib","The Animator","The Bug Knight","Waifu the Spire"],"gold_per_floor":[113,189,207,382,382,382,407,332,332,332,345,356,56,69,69,169,169,188,188,148,167,179,179,179,102,127,153,153,163,163,192,192,295,295,315,333,136,136,136,161,161,196,278,278,278],"floor_reached":44,"language":"ZHS","playtime":1773,"items_purged":["Doubt","CommonCold"],"score":752,"play_id":"cec0f871-acc1-4266-867c-fbe465107148","local_time":"20210224115639","is_ascension_mode":false,"campfire_choices":[{"data":"AT_FamilyPortrait","floor":6,"key":"SMITH"},{"floor":15,"key":"DIG"},{"data":"EmotionalTurbulence","floor":23,"key":"SMITH"},{"data":"Bvapour","floor":28,"key":"SMITH"},{"data":"Punishment","floor":30,"key":"SMITH"},{"data":"NonstopAssault","floor":32,"key":"SMITH"},{"data":"VioletBlade","floor":41,"key":"SMITH"}],"circlet_count":0,"master_deck":["DegradedFairy","DegradedFairy","DegradedChain","DegradedChain","DegradedLock","DegradedPillar","DegradedPillar","DegradedShockwave","AT_FamilyPortrait+1","BindingArms","Punishment+1","NothingThere","NonstopAssault+1","EmotionalTurbulence+1","Unlock1","FieryDragonSlash+1","Necronomicurse","Bvapour+1","RapidGashes+1","GoinFirst","CommonCold","Clumsy","VioletBlade+1","Eject+1","ForcefulGesture+1","ChiWen"],"relics":["PageOfLibrarian","AT_ATBox","PageOfThreeBirds","LetterFromLob","Ornamental Fan","Lantern","Membership Card","Thread and Needle","Replay:Grab Bag","ChewingGum","Sozu","aspiration:PoetsPen_weak","ZunR:ReiMu","BranchBurnRelic","Necronomicon","Happy Flower","Bag of Preparation","AT_EbonyIvory","Ancient Tea Set","Replay:Ancient Bell","aspiration:Lifesprig","PageOfUniverseFragment","Torii","MealTicket","Question Card","PageOfNosferatu"],"acts_visited":["Exordium","TheCity","TheBeyond"],"potions_floor_usage":[16],"damage_taken":[{"damage":0.0,"enemies":"Jaw Worm","floor":1.0,"turns":1.0},{"damage":1,"enemies":"Small Slimes","floor":3,"turns":1},{"damage":0,"enemies":"3 Sentries","floor":7,"turns":4},{"damage":0,"enemies":"Cultist","floor":11,"turns":1},{"damage":0,"enemies":"Gremlin Gang","floor":12,"turns":1},{"damage":0,"enemies":"2 Fungi Beasts","floor":14,"turns":2},{"damage":5,"enemies":"Slime Boss","floor":16,"turns":1},{"damage":0,"enemies":"3 Byrds","floor":18,"turns":2},{"damage":30,"enemies":"Shell Parasite","floor":21,"turns":1},{"damage":0,"enemies":"Sentry and Sphere","floor":22,"turns":1},{"damage":3,"enemies":"HollowMod:Nosk","floor":27,"turns":1},{"damage":0,"enemies":"Centurion and Healer","floor":29,"turns":1},{"damage":0,"enemies":"Slavers","floor":31,"turns":1},{"damage":28,"enemies":"RedHoodMercenary","floor":33,"turns":3},{"damage":0,"enemies":"3 Shapes","floor":35,"turns":1},{"damage":0,"enemies":"3 Darklings","floor":36,"turns":1},{"damage":0,"enemies":"Giant Head","floor":40,"turns":2},{"damage":0,"enemies":"Nemesis","floor":42,"turns":1},{"damage":30,"enemies":"Writhing Mass","floor":44,"turns":1}],"seed_played":"4348076661253302300","potions_obtained":[{"floor":1.0,"key":"LiquidMemories"},{"floor":3,"key":"Ancient Potion"},{"floor":12,"key":"AttackPotion"}],"is_trial":false,"path_per_floor":["M","?","M","?","?","R","E","$","T","?","M","M","$","M","R","B",null,"M","M","?","M","M","R","?","$","T","E","R","M","R","E","R","B",null,"M","M","$","?","?","E","R","E","T","M"],"character_chosen":"Librarian","items_purchased":["Membership Card","Thread and Needle","Happy Flower","Torii"],"campfire_rested":0,"item_purchase_floors":[13,13,25,37],"current_hp_per_floor":[42,42,41,41,41,41,41,41,41,41,52,58,58,68,68,82,90,90,90,90,76,90,90,74,74,74,90,90,90,90,90,90,90,90,90,90,90,90,90,90,90,90,18,0,0],"gold":278,"neow_bonus":"ONE_RARE_RELIC","is_daily":false,"chose_seed":false,"campfire_upgraded":6,"win_rate":0.0,"timestamp":1614138999,"path_taken":["M","?","M","?","?","R","E","?","T","?","M","?","$","M","R","BOSS","M","?","?","M","M","R","?","?","T","E","R","?","R","E","R","BOSS","M","M","$","?","?","E","R","E","T","?"],"items_purchased_type":["Relic","Relic","Relic","Relic"],"build_version":"2020-12-22","purchased_purges":2,"victory":false,"max_hp_per_floor":[90,90,90,90,90,90,90,90,90,90,90,90,90,90,90,90,90,90,90,90,90,90,90,90,90,90,90,90,90,90,90,90,90,90,90,90,90,90,90,90,90,90,162,162,162],"card_choices":[{"not_picked":["KeepItFresh","SharpSwipe","StructuralAnalysis","SuppressingShot","EnergyStrike","StrikeDown","DestructiveImpact","Guardian_lor"],"picked":"FrontalAssault","floor":1.0},{"not_picked":["DarkCloud","ReadyUp","DestructiveImpact","BackAttack","HiddenBlade","GuidanceOfTheGears","Faith","RushDown"],"picked":"BindingArms","floor":3},{"not_picked":["Outburst","BizarreAttack","DriedUp","Brawl","Rewind","Pound","LawAndOrder","DesperateStruggle"],"picked":"Punishment","floor":7},{"not_picked":["WillOfThePrescript","FleetEdge","HiddenBlade","Overcharge","BiAn","ToWhereThePrescriptPoints","StrongStrike","AlloutWar","YouOnlyLiveOnce"],"picked":"SKIP","floor":11},{"not_picked":["PreparedMind","MultiHit","Thrust","Ripple","TendonChords","TasteMyFlamingBat","BackstreetsDash","GreatSerpentsImpact","EnergyStrike"],"picked":"SKIP","floor":12},{"not_picked":["AlloutWar","GatherIntel","SunsetBlade","Preparation","BiteOff","Parry","BlazingStrike","PinpointShot"],"picked":"NonstopAssault","floor":14},{"not_picked":["Tttonst","MirageStorm"],"picked":"EmotionalTurbulence","floor":16},{"not_picked":["AsThePrescriptOrders+1","PreemptiveStrike","SkyClearingCut","AutomatedMovement","Rewind+1","Standoff","InnerArdor","EnergyStrike+1"],"picked":"Unlock1","floor":18},{"not_picked":["HighKick+1","UnavoidableGaze+1","WillBeTasty","MultiHit+1","DestructiveImpact","GatherIntel","Leap_lor","AssaultOrder"],"picked":"FieryDragonSlash+1","floor":21},{"not_picked":["Leap_lor","Rewind","DefenseOrder","Faith+1","SomberProcuration","HandleRequest","SnakesPrey","MultiHit","Track"],"picked":"SKIP","floor":22},{"not_picked":["SerpentSwordTechnique+1","ChopItOff","GrazeTheGrass","SerpentineBarrier","Pound","SpearedSweep","FlyingSword","RepressedFlesh"],"picked":"Bvapour","floor":27},{"not_picked":["Gamble+1","SuppressingShot+1","EndlessBattle","UpbeatPerformance+1","ElectricShock","EmotionalTurbulence","Quickness","EnergyShield","SharpSwipe+1"],"picked":"SKIP","floor":29},{"not_picked":["Endure","RatsGuideToSurvival","TheRedNotes","ButterflySlash","ClassAndRespect","Duel_lor+1","FieryWaltz","Thrust+1"],"picked":"RapidGashes+1","floor":31},{"not_picked":["Transpierce","MindCrush"],"picked":"GoinFirst","floor":33},{"not_picked":["Regret","Amnesia","downfall:Icky","Injury","Hallucinations","Decay","downfall:Haunted","downfall:Malfunctioning"],"picked":"CommonCold","floor":34},{"not_picked":["Languid","Looming Evil","Normality","ReplayTheSpireMod:Doomed","Parasite","downfall:Malfunctioning","Clumsy","Decay"],"picked":"CommonCold","floor":34},{"not_picked":["Writhe","Decay","ReplayTheSpireMod:Splinters","Voices","Poor:ReiMu","ReplayTheSpireMod:Restless Dread","ReplayTheSpireMod:Faulty Equipment","Sickly"],"picked":"Clumsy","floor":34},{"not_picked":["UnavoidableGaze+1","StayCalm+1","FeatherShield+1","SenseQuarry","SearingSword+1","Preparation+1","UndertakePrescript","FierceCharge+1"],"picked":"VioletBlade","floor":35},{"not_picked":["FrontalAssault+1","SuppressingShot+1","SunsetBlade","StrongStrike+1","CookingPrep","DefenseOrder","BiXi+1","LossOfSenses"],"picked":"Eject+1","floor":36},{"not_picked":["TasteMyFlamingBat+1","SerpentSwordTechnique+1","ViolentFlame","SpearedSweep","ConcentratedFire","Decapitation","Quickness+1","Rewind"],"picked":"ForcefulGesture+1","floor":40},{"not_picked":["ViolentFlame+1","FierceCharge+1","Retaliate+1","Overcharge","Parry","Quickness","Wallop_lor","Faith+1"],"picked":"ChiWen","floor":42}],"player_experience":359474,"relics_obtained":[{"floor":1.0,"key":"LetterFromLob"},{"floor":7,"key":"Ornamental Fan"},{"floor":9,"key":"Lantern"},{"floor":15,"key":"Dead Branch"},{"floor":24,"key":"Necronomicon"},{"floor":26,"key":"Bag of Preparation"},{"floor":27,"key":"AT_EbonyIvory"},{"floor":31,"key":"Ancient Tea Set"},{"floor":40,"key":"MealTicket"},{"floor":42,"key":"Question Card"},{"floor":43,"key":"PageOfNosferatu"}],"event_choices":[{"damage_healed":0,"gold_gain":76,"player_choice":"Gained Gold","damage_taken":0,"max_hp_gain":0,"max_hp_loss":0,"event_name":"Golden Wing","floor":2,"gold_loss":0},{"damage_healed":0,"gold_gain":175,"player_choice":"AGREE","damage_taken":0,"max_hp_gain":0,"max_hp_loss":0,"event_name":"Liars Game","floor":4,"gold_loss":0,"cards_obtained":["Doubt"]},{"cards_removed":["DegradedFairy"],"damage_healed":0,"gold_gain":0,"player_choice":"Took Card","damage_taken":0,"max_hp_gain":0,"max_hp_loss":0,"event_name":"NoteForYourself","floor":10,"gold_loss":0,"cards_obtained":["NothingThere"]},{"damage_healed":0,"gold_gain":0,"player_choice":"¹ºÂòÉñ¾Æ","damage_taken":0,"relics_obtained":["ZunR:ReiMu"],"max_hp_gain":0,"max_hp_loss":0,"event_name":"ZunEvent","floor":20,"gold_loss":40},{"damage_healed":0,"gold_gain":0,"player_choice":"Obtained Book","damage_taken":16,"max_hp_gain":0,"max_hp_loss":0,"event_name":"Cursed Tome","floor":24,"gold_loss":0},{"cards_removed":["FrontalAssault"],"damage_healed":0,"gold_gain":0,"player_choice":"Removed Skill","damage_taken":0,"max_hp_gain":0,"max_hp_loss":0,"event_name":"Falling","floor":38,"gold_loss":0},{"damage_healed":0,"gold_gain":0,"player_choice":"Bought 0 Potions","damage_taken":0,"max_hp_gain":0,"max_hp_loss":0,"event_name":"The Woman in Blue","floor":39,"gold_loss":0}],"is_beta":false,"boss_relics":[{"not_picked":["Empty Cage","Replay:Bronze Core"],"picked":"Replay:Grab Bag"},{"not_picked":["Fusion Hammer","Philosopher\u0027s Stone"],"picked":"ChewingGum"},{"not_picked":["Cursed Key","SlaversCollar"],"picked":"Sozu"},{"not_picked":["aspiration:RunicSpoon","aspiration:RitualDagger"],"picked":"aspiration:PoetsPen_weak"},{"not_picked":["AT_TrinityForce","Astrolabe"],"picked":"Replay:Ancient Bell"},{"not_picked":["Nunchaku","Replay:Bandana"],"picked":"aspiration:Lifesprig"},{"not_picked":["aspiration:FrozenJewel","Replay:Bottled Steam"],"picked":"PageOfUniverseFragment"}],"items_purged_floors":[8,37],"is_endless":false,"potions_floor_spawned":[1,3,12,18,22,31,35,40,42],"killed_by":"Writhing Mass","ascension_level":0}}