{"host":"wbs0wzz0alz01mnq","time":1614146266,"event":{"mods":["2.2 Compatiblity","AchievementEnabler","BaseMod","Bestiary","Colored Map","Colored Powertips","Curses Come First","Dark Map","DeckTracker","GifTheSpireLib","Googly Eyes","Highlight Path","Minty Spire (QoL Compilation)","Morshu Shopkeeper - ENHANCED","Permanent Neow","Quick Restart","RNG Fix","Rare Cards Sparkle","Robot Space Explorer","Smile Girya","StSLib","SuperFastMode","UnlockEverythingMod","Waifu the Spire","Weighted Paths"],"gold_per_floor":[113,123,123,139,151,181,181,181,181],"floor_reached":8,"language":"ENG","playtime":326,"items_purged":[],"score":58,"play_id":"03d66b68-1854-4078-9d68-b43cf633f92e","local_time":"20210224005746","is_ascension_mode":false,"campfire_choices":[{"data":"RobotSpaceExplorer:ScrapMissile","floor":7,"key":"SMITH"}],"circlet_count":0,"master_deck":["RobotSpaceExplorer:Strike","RobotSpaceExplorer:Strike","RobotSpaceExplorer:Strike","RobotSpaceExplorer:Defend","RobotSpaceExplorer:Defend","RobotSpaceExplorer:Defend","RobotSpaceExplorer:Defend","RobotSpaceExplorer:Scan","RobotSpaceExplorer:MiniLasers","RobotSpaceExplorer:DualCore","RobotSpaceExplorer:ScrapToss","RobotSpaceExplorer:Reload","RobotSpaceExplorer:Blitz","RobotSpaceExplorer:ScrapMissile+1"],"relics":["RobotSpaceExplorer:RoboCore","Vajra","Ornamental Fan"],"acts_visited":["Exordium"],"potions_floor_usage":[],"damage_taken":[{"damage":0,"enemies":"2 Louse","floor":1,"turns":2},{"damage":2,"enemies":"Small Slimes","floor":2,"turns":5},{"damage":0,"enemies":"Cultist","floor":4,"turns":3},{"damage":4,"enemies":"3 Louse","floor":5,"turns":4},{"damage":28,"enemies":"Gremlin Nob","floor":6,"turns":5},{"damage":0,"enemies":"3 Sentries","floor":8,"turns":6}],"seed_played":"7149603030627728048","potions_obtained":[{"floor":4,"key":"EssenceOfSteel"},{"floor":6,"key":"FearPotion"}],"is_trial":false,"path_per_floor":["M","M","?","M","M","E","R","E"],"character_chosen":"RobotSpaceExplorer","items_purchased":[],"campfire_rested":0,"item_purchase_floors":[],"current_hp_per_floor":[75,73,61,61,57,29,29,29,29],"gold":181,"neow_bonus":"REMOVE_CARD","is_daily":false,"chose_seed":false,"campfire_upgraded":1,"win_rate":0.0,"timestamp":1614146266,"path_taken":["M","M","?","M","M","E","R","E"],"items_purchased_type":[],"build_version":"2020-12-22","purchased_purges":0,"victory":false,"max_hp_per_floor":[75,75,75,75,75,75,75,75,75],"card_choices":[{"not_picked":["RobotSpaceExplorer:ScrapToss","RobotSpaceExplorer:Calculate"],"picked":"RobotSpaceExplorer:DualCore","floor":1},{"not_picked":["RobotSpaceExplorer:Ammunition","RobotSpaceExplorer:SurgingShield"],"picked":"RobotSpaceExplorer:ScrapToss","floor":2},{"not_picked":["RobotSpaceExplorer:FrostMissile","RobotSpaceExplorer:RigExplosive"],"picked":"RobotSpaceExplorer:Reload","floor":4},{"not_picked":["RobotSpaceExplorer:GlueShot","RobotSpaceExplorer:SurgingShield"],"picked":"RobotSpaceExplorer:Blitz","floor":5},{"not_picked":["RobotSpaceExplorer:Arsenal","RobotSpaceExplorer:MetalStrike"],"picked":"RobotSpaceExplorer:ScrapMissile","floor":6}],"player_experience":63880,"relics_obtained":[{"floor":6,"key":"Ornamental Fan"}],"event_choices":[{"damage_healed":0,"gold_gain":0,"player_choice":"Success","damage_taken":12,"relics_obtained":["Vajra"],"max_hp_gain":0,"max_hp_loss":0,"event_name":"Scrap Ooze","floor":3,"gold_loss":0}],"is_beta":false,"boss_relics":[],"items_purged_floors":[],"is_endless":false,"potions_floor_spawned":[4,6],"killed_by":"3 Sentries","ascension_level":0}}