{"host":"dbb4fkd1j4jczim2","time":1614137306,"event":{"mods":["BaseMod","Downfall","Marisa????????","Minty Spire (QoL Compilation)","Permanent Neow","StSLib"],"gold_per_floor":[99,117,567,581,581,681,681,681,681,856,870,899,334,334,352,352,352,352],"floor_reached":16,"language":"ENG","playtime":464,"items_purged":["Doubt"],"score":103,"play_id":"f6a98570-e836-49fa-b96b-bd46c1a5c4a2","local_time":"20210223212826","is_ascension_mode":true,"campfire_choices":[{"data":"bronze:Goto","floor":1,"key":"SMITH"},{"data":"bronze:ShipIt","floor":9,"key":"SMITH"}],"circlet_count":0,"master_deck":["bronze:Strike","bronze:Strike","bronze:Strike","bronze:Defend","bronze:Defend","bronze:Defend","bronze:Defend","bronze:Replicate","bronze:Goto+1","bronze:ShipIt+1","bronze:WildBeam","downfall:Icky","downfall:Icky","bronze:WildBeam","bronze:Goto","bronze:BuggyMess","bronze:Repair","bronze:OilSpill+1","bronze:WildBeam+1","bronze:Format"],"relics":["bronze:BronzeCore","Singing Bowl","Molten Egg 2","Membership Card","Omamori","Regal Pillow","Bag of Marbles"],"acts_visited":["Exordium"],"potions_floor_usage":[12],"damage_taken":[{"damage":1,"enemies":"Small Slimes","floor":2,"turns":4},{"damage":2,"enemies":"2 Louse","floor":4,"turns":4},{"damage":1,"enemies":"Cultist","floor":11,"turns":3},{"damage":22,"enemies":"Gremlin Nob","floor":12,"turns":5},{"damage":5,"enemies":"downfall:FleeingMerchant","floor":13,"turns":4},{"damage":7,"enemies":"Blue Slaver","floor":15,"turns":3},{"damage":40,"enemies":"WA_ARCHETYPE_RETAIN","floor":16,"turns":4}],"seed_played":"1266023365140348491","potions_obtained":[{"floor":2,"key":"Weak Potion"}],"is_trial":false,"path_per_floor":["R","M","?","M","?","?","T","?","R","?","M","E","$","T","M","B"],"character_chosen":"THE_AUTOMATON","items_purchased":["bronze:Repair","bronze:OilSpill+1","bronze:WildBeam+1","Membership Card","Omamori","Regal Pillow","bronze:Format"],"campfire_rested":0,"item_purchase_floors":[13,13,13,13,13,13,13],"current_hp_per_floor":[70,69,69,67,67,67,67,67,67,67,68,48,43,43,38,0,0,0],"gold":352,"neow_bonus":"ONE_RANDOM_RARE_CARD","is_daily":false,"chose_seed":false,"campfire_upgraded":2,"win_rate":0.0,"timestamp":1614137306,"path_taken":["R","M","?","M","?","?","T","?","R","?","M","E","$","?","M","BOSS"],"items_purchased_type":["Card","Card","Card","Relic","Relic","Relic","Card"],"build_version":"2020-12-22","purchased_purges":1,"victory":false,"max_hp_per_floor":[70,70,70,70,70,70,70,70,70,70,72,74,74,74,76,76,76,76],"card_choices":[{"not_picked":["bronze:Boost","bronze:BitShift"],"picked":"bronze:WildBeam","floor":2},{"not_picked":["bronze:DelayedSlice","bronze:Overload"],"picked":"bronze:WildBeam","floor":4},{"not_picked":["bronze:Separator","bronze:Overheat","bronze:Deprecate"],"picked":"Singing Bowl","floor":11},{"not_picked":["bronze:Overheat+1","bronze:ChildClass","bronze:Separator+1"],"picked":"Singing Bowl","floor":12},{"not_picked":["bronze:Repair","bronze:Invalidate"],"picked":"bronze:BuggyMess","floor":13},{"not_picked":["bronze:CutThrough+1","bronze:Turbo","bronze:Invalidate"],"picked":"Singing Bowl","floor":15}],"player_experience":342335,"relics_obtained":[{"floor":7,"key":"Singing Bowl"},{"floor":12,"key":"Molten Egg 2"},{"floor":14,"key":"Bag of Marbles"}],"event_choices":[],"is_beta":false,"boss_relics":[],"items_purged_floors":[13],"is_endless":false,"potions_floor_spawned":[2],"killed_by":"WA_ARCHETYPE_RETAIN","ascension_level":1}}