{"host":"9v3x998ddbx8o276","time":1614140207,"event":{"mods":["AchievementEnabler","BaseMod","Colored Map","Colored Powertips","Highlight Path","Minty Spire (QoL Compilation)","Quick Restart","Rare Cards Sparkle"],"gold_per_floor":[115,85,102,119,130,130,160,160,160,160,177,126,138,164,164,237,237,255,255,255],"floor_reached":19,"language":"ENG","playtime":575,"items_purged":[],"score":358,"play_id":"c4e38d4d-ad57-4025-a82d-ce2a39a2fb45","local_time":"20210224144647","is_ascension_mode":true,"campfire_choices":[{"data":"Go for the Eyes","floor":6.0,"key":"SMITH"},{"data":"Loop","floor":8.0,"key":"SMITH"},{"data":"Ball Lightning","floor":10.0,"key":"SMITH"},{"floor":15.0,"key":"REST"}],"circlet_count":0,"master_deck":["AscendersBane","Strike_B","Strike_B","Strike_B","Strike_B","Defend_B","Defend_B","Defend_B","Defend_B","Zap+1","Dualcast+1","FTL","Loop+1","Go for the Eyes+1","Rebound","Ball Lightning+1","Compile Driver","Rainbow","Coolheaded","Seek","Sweeping Beam"],"relics":["Cracked Core","NeowsBlessing","Nunchaku","War Paint","InkBottle","Snecko Eye"],"acts_visited":["Exordium","TheCity"],"potions_floor_usage":[19],"damage_taken":[{"damage":0.0,"enemies":"2 Louse","floor":1.0,"turns":1.0},{"damage":0.0,"enemies":"Cultist","floor":3.0,"turns":1.0},{"damage":0.0,"enemies":"Jaw Worm","floor":4.0,"turns":1.0},{"damage":8.0,"enemies":"Blue Slaver","floor":5.0,"turns":4.0},{"damage":15.0,"enemies":"Lagavulin","floor":7.0,"turns":6.0},{"damage":32.0,"enemies":"Exordium Thugs","floor":11.0,"turns":4.0},{"damage":1.0,"enemies":"Looter","floor":13.0,"turns":2.0},{"damage":11.0,"enemies":"Gremlin Nob","floor":14.0,"turns":3.0},{"damage":22.0,"enemies":"Hexaghost","floor":16.0,"turns":8.0},{"damage":35,"enemies":"2 Thieves","floor":18,"turns":4},{"damage":12,"enemies":"Masked Bandits","floor":19,"turns":2}],"seed_played":"5511820586793667739","potions_obtained":[{"floor":1.0,"key":"AttackPotion"},{"floor":2.0,"key":"CultistPotion"},{"floor":7.0,"key":"Regen Potion"},{"floor":18,"key":"BlessingOfTheForge"}],"is_trial":false,"path_per_floor":["M","?","M","M","M","R","E","R","T","R","M","?","M","E","R","B",null,"M","?"],"character_chosen":"DEFECT","items_purchased":[],"campfire_rested":1,"item_purchase_floors":[],"current_hp_per_floor":[64,64,64,64,56,56,41,41,41,41,9,9,8,6,27,5,55,20,8,8],"gold":255,"neow_bonus":"THREE_ENEMY_KILL","is_daily":false,"chose_seed":false,"campfire_upgraded":3,"win_rate":0.0,"timestamp":1614140207,"path_taken":["M","?","M","?","M","R","E","R","T","R","M","?","M","E","R","BOSS","M","?"],"items_purchased_type":[],"build_version":"2020-12-22","purchased_purges":0,"victory":false,"max_hp_per_floor":[71,71,71,71,71,71,71,71,71,71,71,71,71,71,71,71,71,71,71,71],"card_choices":[{"not_picked":["Undo","Fusion"],"picked":"FTL","floor":1.0},{"not_picked":["Redo","Blizzard"],"picked":"Loop","floor":3.0},{"not_picked":["Leap","Steam"],"picked":"Go for the Eyes","floor":4.0},{"not_picked":["Redo","Compile Driver"],"picked":"Rebound","floor":5.0},{"not_picked":["Beam Cell","Leap"],"picked":"Ball Lightning","floor":7.0},{"not_picked":["Hologram","Blizzard"],"picked":"Compile Driver","floor":11.0},{"not_picked":["Aggregate","Steam Power"],"picked":"Rainbow","floor":13.0},{"not_picked":["Force Field","Consume"],"picked":"Coolheaded","floor":14.0},{"not_picked":["All For One","Fission"],"picked":"Seek","floor":16.0},{"not_picked":["Leap","Turbo"],"picked":"Sweeping Beam","floor":18}],"player_experience":2251033,"relics_obtained":[{"floor":7.0,"key":"Nunchaku"},{"floor":9.0,"key":"War Paint"},{"floor":14.0,"key":"InkBottle"}],"event_choices":[{"damage_healed":0.0,"max_hp_gain":0.0,"max_hp_loss":0.0,"gold_gain":0.0,"event_name":"The Woman in Blue","player_choice":"Bought 2 Potions","floor":2.0,"gold_loss":0.0,"damage_taken":0.0},{"damage_healed":0.0,"max_hp_gain":0.0,"max_hp_loss":0.0,"gold_gain":0.0,"event_name":"World of Goop","player_choice":"Left Gold","floor":12.0,"gold_loss":51.0,"damage_taken":0.0},{"damage_healed":0,"gold_gain":0,"player_choice":"Fought Bandits","damage_taken":0,"max_hp_gain":0,"max_hp_loss":0,"event_name":"Masked Bandits","floor":19,"gold_loss":0}],"is_beta":false,"boss_relics":[{"not_picked":["Cursed Key","Ectoplasm"],"picked":"Snecko Eye"}],"items_purged_floors":[],"is_endless":false,"potions_floor_spawned":[1,4,5,7,18],"killed_by":"Masked Bandits","ascension_level":20}}