{"host":"5aai2e5pcxh5kz9q","time":1614182776,"event":{"mods":["BaseMod","Block Reminder","DeckTracker","Highlight Path","Minty Spire (QoL Compilation)","Relic Sorter","StSLib","The Problem Sleuth"],"gold_per_floor":[115,129,129,139,153,153,185,185,230,230,241,241,252,267,267,370,370,385,356,356,356,368,368,380,380,406,424,424,454,469,237,237,337,337,352,352,371,389,403,403,403,403],"floor_reached":41,"language":"ENG","playtime":3811,"items_purged":["Grand Finale"],"score":469,"play_id":"2d059d38-5b24-45c2-9744-2593f6f172b8","local_time":"20210224100615","is_ascension_mode":false,"campfire_choices":[{"data":"Terror","floor":6,"key":"SMITH"},{"floor":8,"key":"REST"},{"data":"Neutralize","floor":10,"key":"SMITH"},{"data":"Escape Plan","floor":12,"key":"SMITH"},{"data":"Noxious Fumes","floor":15,"key":"SMITH"},{"data":"Deflect","floor":23,"key":"SMITH"},{"data":"Dodge and Roll","floor":25,"key":"SMITH"},{"data":"Envenom","floor":28,"key":"SMITH"},{"data":"Tools of the Trade","floor":32,"key":"SMITH"},{"floor":40,"key":"REST"}],"circlet_count":0,"master_deck":["Survivor+1","Neutralize+1","Terror+1","Heel Hook","Leg Sweep","Underhanded Strike","Escape Plan+1","Leg Sweep","Noxious Fumes+1","Blade Dance","A Thousand Cuts","Envenom+1","Tools of the Trade+1","Backstab","Bane","Caltrops","Dodge and Roll+1","Caltrops","Deflect+1","PiercingWail+1","Cloak And Dagger","Poisoned Stab","Deflect+1","Concentrate+1","Flying Knee+1","Prepared","Reflex","Reflex","Footwork","Outmaneuver+1","Blade Dance","Deflect+1","Calculated Gamble+1"],"relics":["Ring of the Snake","Happy Flower","Kunai","Ancient Tea Set","Pandora\u0027s Box","Bronze Scales","War Paint","HoveringKite"],"acts_visited":["Exordium","TheCity","TheBeyond"],"potions_floor_usage":[13,16,19,33,35,35],"damage_taken":[{"damage":1,"enemies":"Jaw Worm","floor":1,"turns":6},{"damage":1,"enemies":"Cultist","floor":2,"turns":4},{"damage":0,"enemies":"Small Slimes","floor":4,"turns":3},{"damage":2,"enemies":"Looter","floor":5,"turns":3},{"damage":30,"enemies":"Gremlin Nob","floor":7,"turns":5},{"damage":0,"enemies":"2 Fungi Beasts","floor":11,"turns":3},{"damage":0,"enemies":"Gremlin Gang","floor":13,"turns":4},{"damage":3,"enemies":"Large Slime","floor":14,"turns":6},{"damage":0,"enemies":"Slime Boss","floor":16,"turns":8},{"damage":6,"enemies":"Chosen","floor":18,"turns":5},{"damage":2,"enemies":"2 Thieves","floor":19,"turns":5},{"damage":0,"enemies":"Centurion and Healer","floor":22,"turns":6},{"damage":0,"enemies":"Shelled Parasite and Fungi","floor":24,"turns":4},{"damage":0,"enemies":"Chosen and Byrds","floor":27,"turns":4},{"damage":9,"enemies":"Book of Stabbing","floor":29,"turns":5},{"damage":1,"enemies":"Snake Plant","floor":30,"turns":4},{"damage":19,"enemies":"Automaton","floor":33,"turns":10},{"damage":1,"enemies":"3 Shapes","floor":35,"turns":4},{"damage":8,"enemies":"Orb Walker","floor":37,"turns":3},{"damage":0,"enemies":"4 Shapes","floor":38,"turns":6},{"damage":41,"enemies":"Sphere and 2 Shapes","floor":39,"turns":5},{"damage":43,"enemies":"Reptomancer","floor":41,"turns":2}],"seed_played":"6490000929809889825","potions_obtained":[{"floor":1,"key":"FearPotion"},{"floor":7,"key":"AttackPotion"},{"floor":11,"key":"SteroidPotion"},{"floor":16,"key":"Energy Potion"},{"floor":18,"key":"Ancient Potion"},{"floor":29,"key":"DuplicationPotion"},{"floor":30,"key":"SteroidPotion"}],"is_trial":false,"path_per_floor":["M","M","?","M","M","R","E","R","T","R","M","R","M","M","R","B",null,"M","M","?","?","M","R","M","R","T","M","R","E","M","$","R","B",null,"M","?","M","M","M","R","E"],"character_chosen":"THE_SILENT","items_purchased":["Reflex","Footwork"],"campfire_rested":2,"item_purchase_floors":[31,31],"current_hp_per_floor":[69,68,61,61,59,59,29,50,50,50,50,50,50,47,47,47,70,64,62,62,62,62,62,62,62,62,62,62,53,52,52,52,33,70,69,69,61,61,20,41,0,0],"gold":403,"neow_bonus":"RANDOM_COMMON_RELIC","is_daily":false,"chose_seed":false,"campfire_upgraded":8,"win_rate":0.0,"timestamp":1614182775,"path_taken":["M","M","?","?","M","R","E","R","T","R","M","R","M","M","R","BOSS","M","M","?","?","M","R","M","R","T","M","R","E","M","$","R","BOSS","M","?","M","M","M","R","E"],"items_purchased_type":["Card","Card"],"build_version":"2020-12-22","purchased_purges":1,"victory":false,"max_hp_per_floor":[70,70,70,70,70,70,70,70,70,70,70,70,70,70,70,70,70,70,70,70,70,70,70,70,70,70,70,70,70,70,70,70,70,70,70,70,70,70,70,70,70,70],"card_choices":[{"not_picked":["Skewer","Deadly Poison"],"picked":"Terror","floor":1},{"not_picked":["Dagger Spray","Slice"],"picked":"Heel Hook","floor":2},{"not_picked":["Heel Hook","Bane"],"picked":"Leg Sweep","floor":4},{"not_picked":["Quick Slash","Heel Hook"],"picked":"Underhanded Strike","floor":5},{"not_picked":["Masterful Stab","Choke"],"picked":"Escape Plan","floor":7},{"not_picked":["Venomology","Dagger Throw"],"picked":"Leg Sweep","floor":11},{"not_picked":["Dodge and Roll","Slice"],"picked":"Noxious Fumes","floor":13},{"not_picked":["Underhanded Strike","Flechettes"],"picked":"Blade Dance","floor":14},{"not_picked":["Phantasmal Killer","Burst"],"picked":"A Thousand Cuts","floor":16},{"not_picked":["Underhanded Strike","Deadly Poison"],"picked":"Cloak And Dagger","floor":18},{"not_picked":["Bane","Well Laid Plans"],"picked":"Poisoned Stab","floor":19},{"not_picked":["Blur+1","Bouncing Flask"],"picked":"Deflect+1","floor":22},{"not_picked":["Flying Knee","Underhanded Strike+1"],"picked":"Concentrate+1","floor":24},{"not_picked":["Riddle With Holes","Dagger Spray"],"picked":"Flying Knee+1","floor":27},{"not_picked":["Bane","Deadly Poison"],"picked":"Prepared","floor":29},{"not_picked":["Prepared+1","Envenom"],"picked":"Reflex","floor":30},{"not_picked":["Blade Dance","Quick Slash"],"picked":"Outmaneuver+1","floor":35},{"not_picked":["Catalyst","Flechettes+1"],"picked":"Blade Dance","floor":37},{"not_picked":["PiercingWail","Crippling Poison+1"],"picked":"Deflect+1","floor":38},{"not_picked":["Outmaneuver","Poisoned Stab"],"picked":"Calculated Gamble+1","floor":39}],"player_experience":246132,"relics_obtained":[{"floor":7,"key":"Kunai"},{"floor":9,"key":"Ancient Tea Set"},{"floor":26,"key":"Bronze Scales"},{"floor":29,"key":"War Paint"}],"event_choices":[{"damage_healed":0,"gold_gain":0,"player_choice":"Damaged","damage_taken":7,"max_hp_gain":0,"max_hp_loss":0,"event_name":"Wheel of Change","floor":3,"gold_loss":0},{"damage_healed":0,"gold_gain":0,"player_choice":"Ignored","damage_taken":0,"max_hp_gain":0,"max_hp_loss":0,"event_name":"Ghosts","floor":20,"gold_loss":0},{"damage_healed":0,"gold_gain":0,"player_choice":"Ignored","damage_taken":0,"max_hp_gain":0,"max_hp_loss":0,"event_name":"NoteForYourself","floor":36,"gold_loss":0}],"is_beta":false,"boss_relics":[{"not_picked":["Snecko Eye","Runic Pyramid"],"picked":"Pandora\u0027s Box"},{"not_picked":["WristBlade","SlaversCollar"],"picked":"HoveringKite"}],"items_purged_floors":[31],"is_endless":false,"potions_floor_spawned":[1,7,11,16,18,29,30],"killed_by":"Reptomancer","ascension_level":0}}