{"host":"kpcx2wrn7eq3nf7c","time":1614190351,"event":{"mods":["100% Spire Juice","Act Like it!","BaseMod","CapriCore","Downfall","Friendly Minions","Gensokyo","Marisa£®ÏF”Í°°ƒß¿Ì…≥£©","Minty Spire (QoL Compilation)","Remilia£®¿Ÿ√◊¿Ú—«£©","Robot Space Explorer","StSLib","The Animator","The Immortal","The Marked","The Servant 0.9.4","Together in Spire","Waifu the Spire","Youmu£®ªÍ∆«—˝√Œ£©"],"gold_per_floor":[99,115,126,126,126,26,26,26,43,70,84,116,16,16,28,123,123,123,134,162,162,178,191,191,202,235,135,155,165,165,165,185,282,282,282,292,292,310,310,25,25,25,36,71,89,37,67,67,77,77,77,103,29,29,29,29,29,29],"floor_reached":56,"language":"ZHS","playtime":4795,"items_purged":["Guardian:Strike_Guardian"],"score":789,"play_id":"e125bbc6-8a60-4347-af13-bd26e6b21ce1","local_time":"20210225021231","is_ascension_mode":false,"campfire_choices":[{"floor":1.0,"key":"RECALL"},{"data":"Guardian:DonusPower","floor":6.0,"key":"SMITH"},{"data":"Guardian:TwinSlam","floor":8.0,"key":"SMITH"},{"data":"Guardian:Repulse","floor":13.0,"key":"SMITH"},{"data":"Guardian:SentryBeam","floor":18.0,"key":"SMITH"},{"data":"Guardian:ExploitGems","floor":27.0,"key":"SMITH"},{"floor":30.0,"key":"REST"},{"data":"Guardian:TimeCapacitor","floor":35.0,"key":"SMITH"},{"data":"Guardian:Strike_Guardian","floor":42.0,"key":"SMITH"},{"data":"Guardian:PrismaticBeam","floor":54.0,"key":"SMITH"}],"circlet_count":1,"master_deck":["Guardian:Strike_Guardian+1","Guardian:Defend_Guardian","Guardian:Defend_Guardian","Guardian:Defend_Guardian","Guardian:Defend_Guardian","Guardian:TwinSlam+1","Guardian:DonusPower+1","Guardian:ExploitGems+1","Guardian:ExploitGems+1","Guardian:ShieldCharger+1","Guardian:Repulse+1","Guardian:SentryBeam+1","Guardian:Planning+1","Guardian:StasisField+1","Guardian:TimeCapacitor+1","Guardian:Clone+1","Guardian:TimeBomb+1","Guardian:Clone+1","Guardian:SentryBeam+1","Guardian:BronzeArmor+1","Wraith","Guardian:TimeCapacitor+1","Guardian:PrismaticBeam+1"],"relics":["Circlet","SlaversCollar","downfall:HeartBlessingRed","Vajra","Toxic Egg 2","Omamori","downfall:HeartBlessingGreen","Meat on the Bone","bronze:MakeshiftBattery","Red Mask","sneckomod:BabySnecko","Shuriken","downfall:HeartBlessingBlue","Empty Cage","Guardian:StasisEgg","TheAbacus","Bottled Tornado","PreservedInsect"],"acts_visited":["Exordium","TheCity","TheBeyond","TheEnding"],"potions_floor_usage":[],"damage_taken":[{"damage":1.0,"enemies":"Cultist","floor":2.0,"turns":4.0},{"damage":4.0,"enemies":"2 Louse","floor":3.0,"turns":3.0},{"damage":8.0,"enemies":"Jaw Worm","floor":9.0,"turns":2.0},{"damage":6.0,"enemies":"3 Sentries","floor":10.0,"turns":5.0},{"damage":0.0,"enemies":"2 Fungi Beasts","floor":11.0,"turns":3.0},{"damage":2.0,"enemies":"Gremlin Nob","floor":12.0,"turns":3.0},{"damage":10.0,"enemies":"Exordium Thugs","floor":15.0,"turns":4.0},{"damage":15.0,"enemies":"DF_ARCHETYPE_STREAMLINE","floor":16.0,"turns":8.0},{"damage":0.0,"enemies":"Shell Parasite","floor":19.0,"turns":4.0},{"damage":0.0,"enemies":"Masked Bandits","floor":20.0,"turns":1.0},{"damage":2.0,"enemies":"Chosen","floor":22.0,"turns":4.0},{"damage":13.0,"enemies":"Snake Plant","floor":23.0,"turns":4.0},{"damage":13.0,"enemies":"Cultist and Chosen","floor":25.0,"turns":6.0},{"damage":5.0,"enemies":"Slavers","floor":26.0,"turns":3.0},{"damage":5.0,"enemies":"Centurion and Healer","floor":28.0,"turns":6.0},{"damage":0.0,"enemies":"Chosen and Byrds","floor":29.0,"turns":6.0},{"damage":0.0,"enemies":"Sentry and Sphere","floor":32.0,"turns":4.0},{"damage":10.0,"enemies":"IC_MUSHROOM_ARCHETYPE","floor":33.0,"turns":7.0},{"damage":22.0,"enemies":"3 Darklings","floor":36.0,"turns":7.0},{"damage":3.0,"enemies":"Orb Walker","floor":38.0,"turns":4.0},{"damage":0.0,"enemies":"downfall:FleeingMerchant","floor":40.0,"turns":4.0},{"damage":30.0,"enemies":"Sphere and 2 Shapes","floor":43.0,"turns":4.0},{"damage":0.0,"enemies":"Giant Head","floor":44.0,"turns":9.0},{"damage":0.0,"enemies":"4 Shapes","floor":45.0,"turns":7.0},{"damage":3.0,"enemies":"downfall:FleeingMerchant","floor":46.0,"turns":4.0},{"damage":20.0,"enemies":"Reptomancer","floor":47.0,"turns":4.0},{"damage":0.0,"enemies":"Transient","floor":49.0,"turns":5.0},{"damage":40.0,"enemies":"WA_ARCHETYPE_DIVINITY","floor":50.0,"turns":11.0},{"damage":27.0,"enemies":"downfall:CharBossMerchant","floor":52.0,"turns":8.0},{"damage":56,"enemies":"downfall:NeowBoss","floor":55,"turns":28},{"damage":48,"enemies":"downfall:NeowBossFinal","floor":56,"turns":5}],"seed_played":"-4557891690682630690","potions_obtained":[{"floor":3.0,"key":"BlessingOfTheForge"},{"floor":11.0,"key":"BlessingOfTheForge"},{"floor":15.0,"key":"BlessingOfTheForge"},{"floor":22.0,"key":"Fruit Juice"},{"floor":25.0,"key":"Guardian:BlockOnCardUsePotion"},{"floor":29.0,"key":"FearPotion"},{"floor":32.0,"key":"AttackPotion"},{"floor":36.0,"key":"LiquidBronze"},{"floor":47.0,"key":"Guardian:BlockOnCardUsePotion"}],"is_trial":false,"path_per_floor":["R","M","M","?","?","R","T","R","M","E","M","E","R","T","M","B",null,"R","M","?","?","M","M","T","M","E","R","M","M","R","?","M","B",null,"R","M","?","M","?","$","T","R","M","E","M","$","E","?","M","B",null,"E","$","R","B","B"],"character_chosen":"GUARDIAN","items_purchased":["TheAbacus","Guardian:Gem_Lightblue","Guardian:Gem_Yellow","Guardian:PrismaticBeam"],"campfire_rested":1,"item_purchase_floors":[40,40,46,53],"current_hp_per_floor":[80,79,75,75,80,80,80,80,72,66,66,64,64,64,54,51,85,85,85,85,85,88,75,75,62,57,67,64,64,94,94,94,84,100,100,78,78,75,100,100,100,100,70,70,70,67,59,59,59,43,100,73,73,73,29,0,0,0],"gold":29,"neow_bonus":"BOSS_RELIC","is_daily":false,"chose_seed":false,"campfire_upgraded":8,"win_rate":0.0,"timestamp":1614190351,"path_taken":["R","M","M","?","?","R","T","R","M","E","M","E","R","?","M","BOSS","R","M","?","?","?","?","T","M","E","R","M","M","R","?","M","BOSS","R","M","?","M","?","$","T","R","?","E","M","$","E","?","M","BOSS","E","$","R","BOSS","BOSS"],"items_purchased_type":["Relic","Card","Card","Card"],"build_version":"2020-12-22","purchased_purges":1,"victory":false,"max_hp_per_floor":[80,80,80,80,85,85,85,85,85,85,85,85,85,85,85,85,85,85,85,85,85,90,90,90,90,90,100,100,100,100,100,100,100,100,100,100,100,100,100,100,100,100,100,100,100,100,100,100,100,100,100,100,100,100,100,100,100,100],"card_choices":[{"not_picked":["Guardian:Gem_Red","Guardian:ShieldCharger"],"picked":"Guardian:DonusPower","floor":2.0},{"not_picked":["Guardian:Gem_Red","Guardian:DonusPower"],"picked":"Guardian:Gem_Cyan","floor":3.0},{"not_picked":["Guardian:Suspension","Guardian:BodySlam"],"picked":"Guardian:ExploitGems","floor":9.0},{"not_picked":["Guardian:Gem_Lightblue","Guardian:RollAttack"],"picked":"Guardian:ExploitGems+1","floor":10.0},{"not_picked":["Guardian:BronzeArmor+1","Guardian:SpikerProtocol"],"picked":"Guardian:ShieldCharger+1","floor":11.0},{"not_picked":["Guardian:Reroute","Guardian:VentSteam+1"],"picked":"Guardian:Repulse","floor":12.0},{"not_picked":["Guardian:BodySlam","Guardian:PrimingBeam"],"picked":"Guardian:SentryBeam","floor":15.0},{"not_picked":["Guardian:SphericShield+1","Guardian:TimeSifter"],"picked":"Guardian:Gem_Synthetic","floor":16.0},{"not_picked":["Guardian:Gem_Lightblue","Guardian:Incinerate"],"picked":"Guardian:Gem_Green","floor":19.0},{"not_picked":["Guardian:CrystalBeam+1","Guardian:PolyBeam+1"],"picked":"Guardian:Gem_Yellow","floor":20.0},{"not_picked":["Guardian:PrimingBeam","Guardian:Gem_Cyan"],"picked":"Guardian:Planning+1","floor":22.0},{"not_picked":["Guardian:Harden+1","Guardian:Emergency+1"],"picked":"Guardian:Gem_Red","floor":23.0},{"not_picked":["Guardian:PrimingBeam","Guardian:TimeCapacitor"],"picked":"Guardian:StasisField+1","floor":25.0},{"not_picked":["Guardian:MultiBeam","Guardian:WalkerClaw","Guardian:Harden+1"],"picked":"SKIP","floor":26.0},{"not_picked":["Guardian:RollAttack","Guardian:Reroute","Guardian:Harden+1"],"picked":"SKIP","floor":28.0},{"not_picked":["Guardian:RefractedBeam","Guardian:ShieldCharger+1"],"picked":"Guardian:Gem_Lightblue","floor":29.0},{"not_picked":["Guardian:BronzeArmor+1","Guardian:Reroute"],"picked":"Guardian:TimeCapacitor","floor":32.0},{"not_picked":["Guardian:StasisStrike","Guardian:AncientConstruct"],"picked":"Guardian:Gem_Orange","floor":33.0},{"not_picked":["Guardian:FloatingOrbs","Guardian:EvasiveProtocol+1"],"picked":"Guardian:Clone+1","floor":36.0},{"not_picked":["Guardian:PiercingHide+1","Guardian:Recover+1","Guardian:Reroute"],"picked":"SKIP","floor":38.0},{"not_picked":["Guardian:VentSteam+1","Guardian:Incinerate"],"picked":"Guardian:TimeBomb+1","floor":40.0},{"not_picked":["Guardian:ChargeCore","Guardian:EvasiveProtocol"],"picked":"Guardian:Clone+1","floor":43.0},{"not_picked":["Guardian:GuardianWhirl","Guardian:ArmoredProtocol+1","Guardian:Harden+1"],"picked":"SKIP","floor":44.0},{"not_picked":["Guardian:Recover+1","Guardian:Suspension+1"],"picked":"Guardian:SentryBeam+1","floor":45.0},{"not_picked":["Guardian:WalkerClaw+1","Guardian:Harden+1"],"picked":"Guardian:Gem_Crimson","floor":46.0},{"not_picked":["Guardian:Gem_Red","Guardian:SphericShield+1"],"picked":"Guardian:BronzeArmor+1","floor":47.0},{"not_picked":["Guardian:TemporalShield+1","Guardian:Gem_Purple"],"picked":"Guardian:TimeCapacitor+1","floor":49.0},{"not_picked":["Guardian:RefractedBeam+1","Guardian:TimeBomb+1"],"picked":"Guardian:Gem_Crimson","floor":52.0}],"player_experience":1369771,"relics_obtained":[{"floor":7.0,"key":"Vajra"},{"floor":10.0,"key":"Toxic Egg 2"},{"floor":12.0,"key":"Omamori"},{"floor":14.0,"key":"Meat on the Bone"},{"floor":20.0,"key":"Red Mask"},{"floor":26.0,"key":"Shuriken"},{"floor":41.0,"key":"Bottled Tornado"},{"floor":44.0,"key":"PreservedInsect"},{"floor":52.0,"key":"AT_EbonyIvory"}],"event_choices":[{"damage_healed":0.0,"max_hp_gain":5.0,"max_hp_loss":0.0,"gold_gain":0.0,"event_name":"Big Fish","player_choice":"Donut","floor":5.0,"gold_loss":0.0,"damage_taken":0.0},{"damage_healed":0.0,"max_hp_gain":0.0,"max_hp_loss":0.0,"gold_gain":0.0,"event_name":"Masked Bandits","player_choice":"Fought Bandits","floor":20.0,"gold_loss":0.0,"damage_taken":0.0},{"damage_healed":0.0,"max_hp_gain":0.0,"max_hp_loss":0.0,"gold_gain":0.0,"event_name":"Ghosts","player_choice":"Ignored","floor":31.0,"gold_loss":0.0,"damage_taken":0.0},{"damage_healed":25.0,"max_hp_gain":0.0,"max_hp_loss":0.0,"gold_gain":0.0,"event_name":"Wheel of Change","player_choice":"Full Heal","floor":39.0,"gold_loss":0.0,"damage_taken":0.0},{"damage_healed":0.0,"max_hp_gain":0.0,"max_hp_loss":0.0,"gold_gain":0.0,"event_name":"OrinTheCat","player_choice":"Ignored","floor":48.0,"gold_loss":0.0,"damage_taken":0.0}],"is_beta":false,"boss_relics":[{"not_picked":["Runic Dome","AT_MortalBlade"],"picked":"bronze:MakeshiftBattery"},{"not_picked":["Black Star","Busted Crown"],"picked":"Empty Cage"}],"items_purged_floors":[40],"is_endless":false,"potions_floor_spawned":[3,11,15,22,25,29,32,36,47,49],"killed_by":"downfall:NeowBossFinal","ascension_level":0}}