{"host":"watt8gvwfmxuscaf","time":1614207039,"event":{"mods":["100% Spire Juice","Act Like it!","Arknights","BaseMod","Bestiary","CatGirl Mod","Colored Map","Colored Powertips","Conspire","Downfall","GifTheSpireLib","Hermit","Hubris","Infinite Spire","Marisa????????","Minty Spire (QoL Compilation)","Quick Restart","Rare Cards Sparkle","Relic Stats","Replay The Spire","Shop Mod","StSLib","Stuff the Spire","SuperFastMode","The Alterego","The Animator","The Cursed","The Hierophant","The Marked","The Mystic","The Necromancer","The Poker Player","The Runesmith","The Servant 0.9.4","The Wild Card"],"gold_per_floor":[116,127,127,127,227,227,242,242,242,262,290,305,340,340,340,436,436,449,449,467,467,479,479,479],"floor_reached":23,"language":"ENG","playtime":957,"items_purged":["animator:Strike"],"score":237,"play_id":"ec8f36b5-080c-4a15-ae02-2ed4b24ef780","local_time":"20210224175039","is_ascension_mode":true,"campfire_choices":[{"data":"animator:Yoichi","floor":6,"key":"SMITH"},{"data":"animator:Yoichi","floor":8,"key":"SMITH"},{"floor":15,"key":"REST"}],"circlet_count":0,"master_deck":["animator:Strike_MadokaMagica","animator:Defend_MadokaMagica","animator:Strike","animator:Strike+1","animator:Defend+1","animator:Defend","animator:Defend","animator:IrohaTamaki","animator:YuiTsuruno","animator:Yoichi+1","animator:GazelDwargon","animator:Yoichi+1","animator:Yoichi","animator:Vesta","animator:IrohaTamaki","animator:Shizu","animator:Benimaru","infinitespire:Starlight","animator:Archer","animator:Priestess"],"relics":["animator:LivingPicture","StuffTheSpire:OccultApparatus","animator:PurgingStone","NeowsBlessing","Incense Burner","Bronze Scales","Replay:PocketPolymizer","hubris:Towel","Sozu","infinitespire:Magic Flask","hubris:ScarierMask","ReplayFunnel"],"acts_visited":["Exordium","TheCity"],"potions_floor_usage":[13],"damage_taken":[{"damage":0,"enemies":"Small Slimes","floor":1,"turns":1},{"damage":0,"enemies":"Cultist","floor":2,"turns":1},{"damage":0,"enemies":"2 Louse","floor":7,"turns":1},{"damage":0,"enemies":"Large Slime","floor":10,"turns":10},{"damage":0,"enemies":"3 Sentries","floor":11,"turns":11},{"damage":4,"enemies":"Blue Slaver","floor":12,"turns":5},{"damage":24,"enemies":"Gremlin Nob","floor":13,"turns":5},{"damage":27,"enemies":"The Guardian","floor":16,"turns":12},{"damage":20,"enemies":"Shell Parasite","floor":18,"turns":9},{"damage":34,"enemies":"Spheric Guardian","floor":20,"turns":5},{"damage":12,"enemies":"Snecko","floor":22,"turns":6},{"damage":25,"enemies":"Book of Stabbing","floor":23,"turns":5}],"seed_played":"1322807861375987456","potions_obtained":[{"floor":7,"key":"animator:GrowthPotion"},{"floor":13,"key":"SpeedPotion"},{"floor":16,"key":"champ:CounterPotion"}],"is_trial":false,"path_per_floor":["M","M","?","?","?","R","M","R","T","M","E","M","E","?","R","B",null,"M","AVR","M","?","M","E"],"character_chosen":"THE_ANIMATOR","items_purchased":[],"campfire_rested":1,"item_purchase_floors":[],"current_hp_per_floor":[66,66,66,53,53,53,53,53,53,53,53,49,25,25,44,17,66,46,46,22,22,20,0,0],"gold":479,"neow_bonus":"THREE_ENEMY_KILL","is_daily":false,"chose_seed":false,"campfire_upgraded":2,"win_rate":0.0,"timestamp":1614207039,"path_taken":["M","M","?","?","?","R","M","R","T","M","E","?","E","?","R","BOSS","M","AVR","M","?","M","E"],"items_purchased_type":[],"build_version":"2020-12-22","purchased_purges":1,"victory":false,"max_hp_per_floor":[66,66,66,66,66,66,66,66,66,66,66,66,66,66,66,66,66,66,66,66,66,66,66,66],"relic_stats":{"Sozu":2,"counters":[12,71],"Bronze Scales":[157],"obtain_stats":[{"ReplayFunnel":21,"Replay:PocketPolymizer":13,"NeowsBlessing":0,"animator:TheMissingPiece":0,"Incense Burner":9,"infinitespire:Magic Flask":19,"hubris:Towel":14,"StuffTheSpire:OccultApparatus":3,"Sozu":17,"animator:PurgingStone":0,"Bronze Scales":11,"hubris:ScarierMask":19,"animator:LivingPicture":0},{"ReplayFunnel":10,"Replay:PocketPolymizer":7,"NeowsBlessing":0,"animator:TheMissingPiece":0,"Incense Burner":3,"infinitespire:Magic Flask":9,"hubris:Towel":7,"StuffTheSpire:OccultApparatus":2,"Sozu":8,"animator:PurgingStone":0,"Bronze Scales":5,"hubris:ScarierMask":9,"animator:LivingPicture":0},{"ReplayFunnel":60,"Replay:PocketPolymizer":34,"NeowsBlessing":0,"animator:TheMissingPiece":0,"Incense Burner":3,"infinitespire:Magic Flask":55,"hubris:Towel":34,"StuffTheSpire:OccultApparatus":2,"Sozu":46,"animator:PurgingStone":0,"Bronze Scales":24,"hubris:ScarierMask":55,"animator:LivingPicture":0}]},"card_choices":[{"not_picked":["animator:YaoHaDucy","animator:OrikoMikuni"],"picked":"animator:Yoichi","floor":1},{"not_picked":["animator:Viivi","animator:RoryMercury"],"picked":"animator:GazelDwargon","floor":2},{"not_picked":["animator:Viivi","animator:Tatsumaki"],"picked":"animator:Yoichi","floor":7},{"not_picked":["animator:Chung","animator:YunYun"],"picked":"animator:Yoichi","floor":10},{"not_picked":["animator:Elsword","animator:Shinoa"],"picked":"animator:Vesta","floor":11},{"not_picked":["animator:YuiTsuruno","animator:Mitsurugi","animator:Arpeggio"],"picked":"SKIP","floor":12},{"not_picked":["animator:LeleiLaLalena","animator:AcuraAkari"],"picked":"animator:IrohaTamaki","floor":13},{"not_picked":["animator:Saitama","animator:Wiz"],"picked":"animator:Shizu","floor":16},{"not_picked":["animator:Fredrika","animator:ChaikaBohdan"],"picked":"animator:Benimaru","floor":18},{"not_picked":["animator:Ainz","animator:YachiyoNanami"],"picked":"animator:Archer","floor":20},{"not_picked":["animator:Melzalgald","animator:Ara"],"picked":"animator:Priestess","floor":22}],"player_experience":610141,"relics_obtained":[{"floor":9,"key":"Incense Burner"},{"floor":11,"key":"Bronze Scales"},{"floor":13,"key":"Replay:PocketPolymizer"}],"event_choices":[{"damage_healed":0,"gold_gain":0,"player_choice":"Entered Light","damage_taken":13,"max_hp_gain":0,"max_hp_loss":0,"event_name":"Shining Light","floor":4,"gold_loss":0,"cards_upgraded":["animator:Defend","animator:Strike"]},{"damage_healed":0,"gold_gain":100,"player_choice":"Pray","damage_taken":0,"max_hp_gain":0,"max_hp_loss":0,"event_name":"Golden Shrine","floor":5,"gold_loss":0}],"is_beta":false,"boss_relics":[{"not_picked":["Kintsugi","hubris:BlackHole"],"picked":"Sozu"}],"items_purged_floors":[19],"is_endless":false,"potions_floor_spawned":[7,13,16,18,22],"killed_by":"Book of Stabbing","ascension_level":1}}