{"host":"bun66rhxl4zngnso","time":1614144008,"event":{"mods":["2.2 Compatiblity","AchievementEnabler","Act Like it!","Arknights","BaseMod","KOR Keyword Fix","KinomotoSakuraMod(ÙÊñýÜâ?)","Koishi","Marisa£¨Ùöéë¡¡Øª×âÞÞ£©","Minty Spire (QoL Compilation)","Permanent Neow","Reimu£¨ÚÏ???£©","Remilia£¨?Ú·×é?£©","StSLib","SuperFastMode","The Runesmith","The Servant 0.9.4","Youmu£¨ûëÛÞèí?£©"],"gold_per_floor":[112,24,24,24,24,4,4],"floor_reached":6,"language":"KOR","playtime":270,"items_purged":[],"score":32,"play_id":"bd20d8cb-df66-4710-908c-450261af023a","local_time":"20210224142008","is_ascension_mode":false,"campfire_choices":[],"circlet_count":0,"master_deck":["Koishi:BasicStrike","Koishi:BasicStrike","Koishi:BasicStrike","Koishi:BasicStrike","Koishi:BasicDefend","Koishi:BasicDefend","Koishi:BasicDefend","Koishi:BasicDefend","Koishi:Provoke","Koishi:HauntingSlash","Panacea","Koishi:StingingMind","Koishi:Whimsy","Koishi:SubconsciousSweep","Poor:ReiMu"],"relics":["Koishi:ImaginaryFriend","Golden Idol","YidongShenshe:ReiMu"],"acts_visited":["Exordium"],"potions_floor_usage":[],"damage_taken":[{"damage":12,"enemies":"Cultist","floor":1,"turns":5},{"damage":45,"enemies":"Lagavulin","floor":6,"turns":8}],"seed_played":"-2000908478303047142","potions_obtained":[],"is_trial":false,"path_per_floor":["M","$","?","?","$","E"],"character_chosen":"KOISHI","items_purchased":["Koishi:Whimsy","Koishi:SubconsciousSweep"],"campfire_rested":0,"item_purchase_floors":[2,2],"current_hp_per_floor":[50,50,35,35,35,0,0],"gold":4,"neow_bonus":"RANDOM_COLORLESS","is_daily":false,"chose_seed":false,"campfire_upgraded":0,"win_rate":0.0,"timestamp":1614144008,"path_taken":["M","$","?","?","?","E"],"items_purchased_type":["Card","Card"],"build_version":"2020-12-22","purchased_purges":0,"victory":false,"max_hp_per_floor":[60,60,60,60,60,60,60],"card_choices":[{"not_picked":["Good Instincts","Deep Breath"],"picked":"Panacea","floor":0},{"not_picked":["Koishi:UnansweredLove","Koishi:SubconsciousSweep"],"picked":"Koishi:StingingMind","floor":1}],"player_experience":10969,"relics_obtained":[],"event_choices":[{"damage_healed":0,"gold_gain":0,"player_choice":"Take Damage","damage_taken":15,"relics_obtained":["Golden Idol"],"max_hp_gain":0,"max_hp_loss":0,"event_name":"Golden Idol","floor":3,"gold_loss":0},{"damage_healed":0,"gold_gain":0,"player_choice":"Take Tiny Shrine away","damage_taken":0,"relics_obtained":["YidongShenshe:ReiMu"],"max_hp_gain":0,"max_hp_loss":0,"event_name":"yidonshenshe","floor":4,"gold_loss":0,"cards_obtained":["Poor:ReiMu"]}],"is_beta":false,"boss_relics":[],"items_purged_floors":[],"is_endless":false,"potions_floor_spawned":[],"killed_by":"Lagavulin","ascension_level":0}}