{"host":"4nqeo0vu1vuav7gg","time":1614188249,"event":{"mods":["AchievementEnabler","BaseMod","Block Reminder","Colored Map","Colored Powertips","Highlight Path","Minty Spire (QoL Compilation)","Quick Restart","Rare Cards Sparkle","Relic Relevance Reorder","StSLib"],"gold_per_floor":[117,42,42,42,142,173,173,193,272,298,326,326,404,418,418,495,495,505,420,335,335,41,73,0,0],"floor_reached":24,"language":"ENG","playtime":1067,"items_purged":["Strike_B","Decay"],"score":486,"play_id":"f707a95a-6574-4be3-935c-959e2a7356cb","local_time":"20210224183729","is_ascension_mode":true,"campfire_choices":[{"data":"Zap","floor":7.0,"key":"SMITH"},{"floor":15.0,"key":"REST"}],"circlet_count":0,"master_deck":["AscendersBane","Strike_B+1","Strike_B+1","Strike_B","Defend_B","Defend_B","Defend_B","Defend_B","Zap+1","Dualcast","Ball Lightning","Darkness","Creative AI","Loop","Glacier","Core Surge","Defragment","Capacitor","Barrage+1"],"relics":["Cracked Core","Odd Mushroom","Lizard Tail","Runic Pyramid","NeowsBlessing","White Beast Statue","Darkstone Periapt","Toxic Egg 2","Smiling Mask","Juzu Bracelet","Strawberry","Whetstone"],"acts_visited":["Exordium","TheCity"],"potions_floor_usage":[23,23,24],"damage_taken":[{"damage":0.0,"enemies":"Jaw Worm","floor":1.0,"turns":1.0},{"damage":0.0,"enemies":"3 Sentries","floor":6.0,"turns":1.0},{"damage":0.0,"enemies":"Small Slimes","floor":8.0,"turns":1.0},{"damage":11.0,"enemies":"Gremlin Nob","floor":10.0,"turns":3.0},{"damage":35.0,"enemies":"The Mushroom Lair","floor":11.0,"turns":5.0},{"damage":0.0,"enemies":"Cultist","floor":14.0,"turns":3.0},{"damage":34.0,"enemies":"Slime Boss","floor":16.0,"turns":8.0},{"damage":8.0,"enemies":"Chosen","floor":18.0,"turns":5.0},{"damage":91,"enemies":"Slavers","floor":23,"turns":6},{"damage":15,"enemies":"2 Thieves","floor":24,"turns":2}],"seed_played":"2772618308265200737","potions_obtained":[{"floor":8.0,"key":"GamblersBrew"},{"floor":14.0,"key":"SteroidPotion"},{"floor":16.0,"key":"Swift Potion"},{"floor":18.0,"key":"EssenceOfDarkness"},{"floor":23,"key":"ColorlessPotion"}],"is_trial":false,"path_per_floor":["M","$","?","?","?","E","R","M","T","E","?","?","T","M","R","B",null,"M","$","?","?","$","E","M"],"character_chosen":"DEFECT","items_purchased":["Defragment","Capacitor","Juzu Bracelet"],"campfire_rested":1,"item_purchase_floors":[19,22,22],"current_hp_per_floor":[64,64,64,60,60,60,60,60,60,49,14,14,14,14,37,3,59,51,51,51,57,57,13,0,0],"gold":0,"neow_bonus":"THREE_ENEMY_KILL","is_daily":false,"chose_seed":false,"campfire_upgraded":1,"win_rate":0.0,"timestamp":1614188249,"path_taken":["M","$","?","?","?","E","R","?","T","E","?","?","?","M","R","BOSS","M","$","?","?","$","E","M"],"items_purchased_type":["Card","Card","Relic"],"build_version":"2020-12-22","purchased_purges":2,"victory":false,"max_hp_per_floor":[71,71,71,78,78,78,78,78,78,78,78,78,78,78,78,78,78,78,78,78,84,84,84,84,84],"card_choices":[{"not_picked":["Sweeping Beam","Go for the Eyes","Beam Cell"],"picked":"SKIP","floor":1.0},{"not_picked":["Cold Snap","Reprogram"],"picked":"Ball Lightning","floor":6.0},{"not_picked":["Beam Cell","Streamline"],"picked":"Darkness","floor":8.0},{"not_picked":["Compile Driver","Gash"],"picked":"Creative AI","floor":10.0},{"not_picked":["Streamline","Barrage"],"picked":"Loop","floor":11.0},{"not_picked":["Hologram","Steam Power"],"picked":"Glacier","floor":14.0},{"not_picked":["All For One","Multi-Cast"],"picked":"Core Surge","floor":16.0},{"not_picked":["Chaos","Go for the Eyes","Leap"],"picked":"SKIP","floor":18.0},{"not_picked":["Stack+1","Beam Cell"],"picked":"Barrage+1","floor":23}],"player_experience":1116330,"relics_obtained":[{"floor":6.0,"key":"Whetstone"},{"floor":9.0,"key":"Darkstone Periapt"},{"floor":10.0,"key":"Lizard Tail"},{"floor":11.0,"key":"Odd Mushroom"},{"floor":13.0,"key":"White Beast Statue"},{"floor":23,"key":"Toxic Egg 2"}],"event_choices":[{"damage_healed":0.0,"max_hp_gain":0.0,"max_hp_loss":0.0,"gold_gain":0.0,"event_name":"The Cleric","player_choice":"Leave","floor":3.0,"gold_loss":0.0,"damage_taken":0.0},{"damage_healed":0.0,"max_hp_gain":0.0,"max_hp_loss":0.0,"gold_gain":0.0,"event_name":"Scrap Ooze","player_choice":"Success","floor":4.0,"gold_loss":0.0,"damage_taken":11.0,"relics_obtained":["Strawberry"]},{"damage_healed":0.0,"max_hp_gain":0.0,"max_hp_loss":0.0,"gold_gain":100.0,"event_name":"Wheel of Change","player_choice":"Gold","floor":5.0,"gold_loss":0.0,"damage_taken":0.0},{"damage_healed":0.0,"max_hp_gain":0.0,"max_hp_loss":0.0,"gold_gain":0.0,"event_name":"Mushrooms","player_choice":"Fought Mushrooms","floor":11.0,"gold_loss":0.0,"damage_taken":0.0},{"damage_healed":0.0,"max_hp_gain":0.0,"max_hp_loss":0.0,"gold_gain":0.0,"event_name":"Shining Light","player_choice":"Ignored","floor":12.0,"gold_loss":0.0,"damage_taken":0.0},{"damage_healed":0.0,"max_hp_gain":0.0,"max_hp_loss":0.0,"gold_gain":0.0,"event_name":"Addict","player_choice":"Obtained Relic","floor":20.0,"gold_loss":85.0,"damage_taken":0.0,"relics_obtained":["Smiling Mask"]},{"damage_healed":0.0,"max_hp_gain":0.0,"max_hp_loss":0.0,"gold_gain":0.0,"event_name":"Forgotten Altar","player_choice":"Smashed Altar","floor":21.0,"gold_loss":0.0,"damage_taken":0.0,"cards_obtained":["Decay"]}],"is_beta":false,"boss_relics":[{"not_picked":["Cursed Key","Tiny House"],"picked":"Runic Pyramid"}],"items_purged_floors":[2,22],"is_endless":false,"potions_floor_spawned":[8,14,16,18,23],"killed_by":"2 Thieves","ascension_level":20}}