{"host":"t6r1isv2bex5ovch","time":1614149787,"event":{"mods":["AchievementEnabler","Act Like it!","Aspiration","BaseMod","Better Altar","Better Match","Better Note","Better Sensory Stone","Better Skull","Better Third Choice","Better Vampires","Bossed Relics","Colored Powertips","Displayed Cursed Tome","Evolution","Fox Events","Hubris","Minty Spire (QoL Compilation)","Reliquary","Ruina","StSLib"],"gold_per_floor":[115,115,138,63,77,77,110,134,158,158,189,189,14,55,55,183,183,203,203,217,217,237,255,255,130,130,155,5,5,5],"floor_reached":29,"language":"ENG","playtime":1736,"items_purged":["Strike_B","Strike_B","Strike_B","Defend_B"],"score":352,"play_id":"d3f39584-1da4-4fb0-9b7e-c86d45830e39","local_time":"20210224175627","is_ascension_mode":true,"campfire_choices":[{"floor":6.0,"key":"RECALL"},{"data":"Zap","floor":10.0,"key":"SMITH"},{"data":"Buffer","floor":12.0,"key":"SMITH"},{"floor":15.0,"key":"REST"},{"data":"Fusion","floor":24.0,"key":"SMITH"}],"circlet_count":0,"master_deck":["Defend_B","Defend_B","Defend_B","Zap+1","Dualcast","Beam Cell","Sweeping Beam","Ball Lightning","Buffer+1","Self Repair","Genetic Algorithm","Fusion+1","Fusion+1","BootSequence"],"relics":["Cracked Core","EVO:Axolotl","aspiration:Nostalgia","PureWater","Golden Idol","reliquary:Conveyor","Bird Faced Urn","Emotion Chip","Astrolabe","Vajra","reliquary:WeakTea","MealTicket","hubris:Potato"],"acts_visited":["Exordium","ruina:Briah"],"potions_floor_usage":[],"damage_taken":[{"damage":7.0,"enemies":"Jaw Worm","floor":1.0,"turns":3.0},{"damage":0.0,"enemies":"2 Louse","floor":3.0,"turns":1.0},{"damage":0.0,"enemies":"Cultist","floor":5.0,"turns":2.0},{"damage":8.0,"enemies":"Gremlin Nob","floor":7.0,"turns":4.0},{"damage":9.0,"enemies":"Red Slaver","floor":8.0,"turns":2.0},{"damage":16.0,"enemies":"Lagavulin","floor":11.0,"turns":5.0},{"damage":15.0,"enemies":"Gremlin Nob","floor":14.0,"turns":5.0},{"damage":0.0,"enemies":"Slime Boss","floor":16.0,"turns":8.0},{"damage":12.0,"enemies":"ruina:BadWolf","floor":18.0,"turns":4.0},{"damage":0.0,"enemies":"ruina:2_Scarecrows","floor":20.0,"turns":4.0},{"damage":22.0,"enemies":"ruina:Nos_and_Bat","floor":22.0,"turns":5.0},{"damage":0.0,"enemies":"ruina:QueenOfHate","floor":23.0,"turns":4.0},{"damage":37,"enemies":"ruina:3_Scarecrows","floor":27,"turns":5},{"damage":39,"enemies":"ruina:Mountain","floor":29,"turns":3}],"seed_played":"-6800988039795085418","potions_obtained":[{"floor":1.0,"key":"Block Potion"},{"floor":5.0,"key":"EssenceOfSteel"},{"floor":8.0,"key":"ColorlessPotion"},{"floor":18.0,"key":"Energy Potion"},{"floor":20.0,"key":"PotionOfCapacity"}],"is_trial":false,"path_per_floor":["M","?","M","$","M","R","E","M","T","R","E","R","$","E","R","B",null,"M","?","M","?","M","M","R","$","T","M","$","E"],"character_chosen":"DEFECT","items_purchased":["Self Repair"],"campfire_rested":1,"item_purchase_floors":[13],"current_hp_per_floor":[68,50,50,50,50,50,42,33,33,33,17,17,17,13,35,46,75,75,75,75,23,12,26,26,41,41,13,28,0,0],"gold":5,"neow_bonus":"NOSTALGIA","is_daily":false,"chose_seed":false,"campfire_upgraded":3,"win_rate":0.0,"timestamp":1614149787,"path_taken":["M","?","M","$","M","R","E","M","T","R","E","R","$","E","R","BOSS","M","?","M","?","M","M","R","$","T","?","?","E"],"items_purchased_type":["Card"],"build_version":"2020-12-22","purchased_purges":4,"victory":false,"max_hp_per_floor":[75,75,75,75,75,75,75,75,75,75,75,75,75,75,75,75,75,75,75,75,75,75,75,75,75,75,75,75,75,75],"card_choices":[{"not_picked":["hubris:PowerSurge","Coolheaded"],"picked":"Beam Cell","floor":1.0},{"not_picked":["Coolheaded","Turbo","Beam Cell"],"picked":"SKIP","floor":3.0},{"not_picked":["Rebound","FTL"],"picked":"Sweeping Beam","floor":5.0},{"not_picked":["Static Discharge","Doom and Gloom"],"picked":"Ball Lightning","floor":7.0},{"not_picked":["Cold Snap","Barrage","Beam Cell"],"picked":"SKIP","floor":8.0},{"not_picked":["Loop","Tempest"],"picked":"Buffer","floor":11.0},{"not_picked":["Streamline","Compile Driver"],"picked":"Genetic Algorithm","floor":14.0},{"not_picked":["Gash","Cold Snap","Genetic Algorithm"],"picked":"SKIP","floor":18.0},{"not_picked":["Defragment+1","Rebound+1"],"picked":"Fusion","floor":20.0},{"not_picked":["Chill+1","Reprogram+1","hubris:PowerSurge"],"picked":"SKIP","floor":22.0},{"not_picked":["Rebound","Auto Shields"],"picked":"Fusion+1","floor":23.0},{"not_picked":["Hologram+1","Scrape+1"],"picked":"BootSequence","floor":27}],"player_experience":402198,"relics_obtained":[{"floor":7.0,"key":"reliquary:Conveyor"},{"floor":11.0,"key":"Bird Faced Urn"},{"floor":14.0,"key":"Emotion Chip"},{"floor":26.0,"key":"hubris:Potato"}],"event_choices":[{"damage_healed":0.0,"max_hp_gain":0.0,"max_hp_loss":0.0,"gold_gain":0.0,"event_name":"Golden Idol","player_choice":"Take Damage","floor":2.0,"gold_loss":0.0,"damage_taken":18.0,"relics_obtained":["Golden Idol"]},{"damage_healed":0.0,"max_hp_gain":0.0,"max_hp_loss":0.0,"gold_gain":0.0,"event_name":"betterSkull:BetterSkull","player_choice":"RE RE RE ","floor":21.0,"gold_loss":0.0,"damage_taken":58.0,"cards_upgraded":[],"relics_obtained":["Vajra","reliquary:WeakTea","MealTicket"]}],"is_beta":false,"boss_relics":[{"not_picked":["Pandora\u0027s Box","reliquary:RustamsPendant"],"picked":"Astrolabe"}],"items_purged_floors":[4,13,25,28],"is_endless":false,"potions_floor_spawned":[1,5,8,18,20],"killed_by":"ruina:Mountain","ascension_level":4}}