{"host":"mithrandi","time":1614195064,"event":{"mods":["BaseMod","Colored Map","Highlight Path","Minty Spire (QoL Compilation)","SuperFastMode"],"gold_per_floor":[110,35,55,74,20,48,67,96,120,140,65,65,115,155,155,239,239,262,262,33,76,76,76],"floor_reached":22,"language":"ENG","playtime":1024,"items_purged":["Strike_P"],"score":558,"play_id":"6be328a5-49fc-4f12-aba5-bc069c4c2ba4","local_time":"20210224213104","is_ascension_mode":true,"campfire_choices":[{"floor":12,"key":"REST"},{"data":"Worship","floor":15,"key":"SMITH"}],"circlet_count":0,"master_deck":["AscendersBane","Strike_P","Strike_P+1","Defend_P","Defend_P","Defend_P","Defend_P","Eruption","Vigilance","Worship+1","BattleHymn","Protect","Consecrate","FearNoEvil","FlurryOfBlows+1","WaveOfTheHand","ReachHeaven","Worship","Brilliance","Perseverance","HandOfGreed","MentalFortress","Evaluate"],"relics":["SlaversCollar","Gremlin Horn","Tiny Chest","CeramicFish","Whetstone","Sozu"],"acts_visited":["Exordium","TheCity"],"potions_floor_usage":[7,8],"damage_taken":[{"damage":2,"enemies":"Jaw Worm","floor":1,"turns":3},{"damage":12,"enemies":"Cultist","floor":3,"turns":4},{"damage":14,"enemies":"Small Slimes","floor":4,"turns":7},{"damage":15,"enemies":"3 Sentries","floor":6,"turns":8},{"damage":0,"enemies":"Exordium Wildlife","floor":7,"turns":3},{"damage":0,"enemies":"Lagavulin","floor":8,"turns":4},{"damage":3,"enemies":"2 Fungi Beasts","floor":10,"turns":3},{"damage":9,"enemies":"3 Sentries","floor":14,"turns":7},{"damage":0,"enemies":"Slime Boss","floor":16,"turns":4},{"damage":23,"enemies":"Shell Parasite","floor":18,"turns":5},{"damage":18,"enemies":"2 Thieves","floor":21,"turns":4},{"damage":25,"enemies":"Cultist and Chosen","floor":22,"turns":3}],"seed_played":"-2462547741850151640","potions_obtained":[{"floor":3,"key":"Swift Potion"},{"floor":6,"key":"DistilledChaos"},{"floor":10,"key":"LiquidBronze"},{"floor":14,"key":"LiquidBronze"}],"is_trial":false,"path_per_floor":["M","?","M","M","$","E","M","E","T","M","$","R","?","E","R","B",null,"M","?","$","M","M"],"character_chosen":"WATCHER","items_purchased":["Consecrate","HandOfGreed","MentalFortress"],"campfire_rested":1,"item_purchase_floors":[5,20,20],"current_hp_per_floor":[59,59,47,33,33,18,18,18,18,15,15,35,35,26,26,26,58,35,35,35,17,0,0],"gold":76,"neow_bonus":"BOSS_RELIC","is_daily":false,"chose_seed":false,"campfire_upgraded":1,"win_rate":0.0,"timestamp":1614195064,"path_taken":["M","?","M","M","$","E","M","E","T","M","$","R","?","E","R","BOSS","M","?","$","M","M"],"items_purchased_type":["Card","Card","Card"],"build_version":"2020-12-18","purchased_purges":1,"victory":false,"max_hp_per_floor":[68,68,68,68,68,68,68,68,68,68,68,68,68,68,68,68,68,68,68,68,68,68,68],"card_choices":[{"not_picked":["PathToVictory","Study"],"picked":"Worship","floor":1},{"not_picked":["ThirdEye","DeceiveReality"],"picked":"BattleHymn","floor":3},{"not_picked":["LikeWater","FollowUp"],"picked":"Protect","floor":4},{"not_picked":["EmptyFist","CrushJoints"],"picked":"FearNoEvil","floor":6},{"not_picked":["ForeignInfluence","Halt"],"picked":"FlurryOfBlows","floor":7},{"not_picked":["EmptyFist","WreathOfFlame"],"picked":"WaveOfTheHand","floor":8},{"not_picked":["EmptyFist","BattleHymn"],"picked":"ReachHeaven","floor":10},{"not_picked":["Study","Omniscience"],"picked":"Worship","floor":14},{"not_picked":["SpiritShield","Ragnarok"],"picked":"Brilliance","floor":16},{"not_picked":["Halt","Indignation"],"picked":"Perseverance","floor":18},{"not_picked":["EmptyBody","FollowUp"],"picked":"Evaluate","floor":21}],"player_experience":3114221,"relics_obtained":[{"floor":6,"key":"Gremlin Horn"},{"floor":8,"key":"Tiny Chest"},{"floor":9,"key":"CeramicFish"},{"floor":14,"key":"Whetstone"}],"event_choices":[{"cards_removed":["Strike_P"],"damage_healed":0,"gold_gain":0,"player_choice":"Card Removal","damage_taken":0,"max_hp_gain":0,"max_hp_loss":0,"event_name":"The Cleric","floor":2,"gold_loss":75},{"damage_healed":0,"gold_gain":50,"player_choice":"Pray","damage_taken":0,"max_hp_gain":0,"max_hp_loss":0,"event_name":"Golden Shrine","floor":13,"gold_loss":0},{"damage_healed":0,"gold_gain":0,"player_choice":"Ignored","damage_taken":0,"max_hp_gain":0,"max_hp_loss":0,"event_name":"Ghosts","floor":19,"gold_loss":0}],"is_beta":true,"boss_relics":[{"not_picked":["Snecko Eye","Fusion Hammer"],"picked":"Sozu"}],"items_purged_floors":[11],"is_endless":false,"potions_floor_spawned":[3,6,10,14,16],"killed_by":"Cultist and Chosen","ascension_level":20}}