{"host":"kqjncq1jgqa58i7s","time":1614204008,"event":{"mods":["AchievementEnabler","BaseMod","Colored Map","Minty Spire (QoL Compilation)","Relic Stats"],"gold_per_floor":[117,130,55,70,70,70,85,85,159,191,191,207,207,221,221,298,298,316,231,156,132,182,182,211,211,237,264,277,277,277,288,288,359,359,378,1377,1431,197,213,213,224,224,249,41,61,92,110,123,123,123,123,123,123,69,97,97,97],"floor_reached":56,"language":"ENG","playtime":4402,"items_purged":["Strike_P","Defend_P","Pain"],"score":1934,"play_id":"79b3a946-26ec-4cd3-bc3c-2920e37545a9","local_time":"20210224230008","is_ascension_mode":true,"campfire_choices":[{"data":"TalkToTheHand","floor":6.0,"key":"SMITH"},{"data":"TalkToTheHand","floor":8.0,"key":"SMITH"},{"floor":11.0,"key":"REST"},{"floor":15.0,"key":"REST"},{"data":"TalkToTheHand","floor":23.0,"key":"SMITH"},{"floor":25.0,"key":"REST"},{"floor":29.0,"key":"REST"},{"floor":32.0,"key":"REST"},{"floor":40.0,"key":"REST"},{"floor":49.0,"key":"RECALL"},{"data":"Fasting2","floor":53.0,"key":"SMITH"}],"circlet_count":0,"master_deck":["AscendersBane","Defend_P","Eruption","Vigilance+1","CurseOfTheBell","TalkToTheHand+1","Evaluate","WheelKick","TalkToTheHand+1","Devotion","Consecrate","Wallop+1","FlyingSleeves","FlurryOfBlows","Evaluate","TalkToTheHand+1","CutThroughFate","Ragnarok","SandsOfTime+1","BowlingBash+1","Indignation+1","FlurryOfBlows+1","Protect+1","FlurryOfBlows","LessonLearned","TalkToTheHand","DeceiveReality+1","Ghostly+1","Ghostly+1","Ghostly+1","Conclude","Scrawl+1","Meditate+1","Panacea+1","Evaluate+1","LikeWater","Protect+1","Thinking Ahead+1","ForeignInfluence+1","Fasting2+1","FlurryOfBlows","MasterReality"],"relics":["Calling Bell","Potion Belt","Kunai","Prayer Wheel","Shuriken","Lantern","Astrolabe","Question Card","Toxic Egg 2","Omamori","Centennial Puzzle","Busted Crown","Lizard Tail","ClockworkSouvenir","Ancient Tea Set","Mummified Hand","WarpedTongs","StoneCalendar","Anchor"],"acts_visited":["Exordium","TheCity","TheBeyond","TheEnding"],"potions_floor_usage":[],"damage_taken":[{"damage":7.0,"enemies":"Small Slimes","floor":1.0,"turns":5.0},{"damage":2.0,"enemies":"Cultist","floor":2.0,"turns":4.0},{"damage":3.0,"enemies":"2 Louse","floor":4.0,"turns":3.0},{"damage":17.0,"enemies":"Large Slime","floor":7.0,"turns":6.0},{"damage":24.0,"enemies":"Gremlin Nob","floor":10.0,"turns":6.0},{"damage":19.0,"enemies":"2 Fungi Beasts","floor":12.0,"turns":4.0},{"damage":4.0,"enemies":"Blue Slaver","floor":14.0,"turns":5.0},{"damage":18.0,"enemies":"The Guardian","floor":16.0,"turns":7.0},{"damage":0.0,"enemies":"Chosen","floor":18.0,"turns":5.0},{"damage":11.0,"enemies":"2 Thieves","floor":21.0,"turns":4.0},{"damage":36.0,"enemies":"Slavers","floor":24.0,"turns":8.0},{"damage":23.0,"enemies":"Book of Stabbing","floor":27.0,"turns":6.0},{"damage":3.0,"enemies":"Snecko","floor":28.0,"turns":3.0},{"damage":18.0,"enemies":"Snake Plant","floor":31.0,"turns":8.0},{"damage":18.0,"enemies":"Collector","floor":33.0,"turns":11.0},{"damage":0.0,"enemies":"Orb Walker","floor":35.0,"turns":5.0},{"damage":25.0,"enemies":"2 Orb Walkers","floor":37.0,"turns":7.0},{"damage":0.0,"enemies":"3 Shapes","floor":39.0,"turns":7.0},{"damage":0.0,"enemies":"Sphere and 2 Shapes","floor":41.0,"turns":3.0},{"damage":0.0,"enemies":"3 Darklings","floor":45.0,"turns":2.0},{"damage":0.0,"enemies":"Giant Head","floor":46.0,"turns":7.0},{"damage":2.0,"enemies":"Jaw Worm Horde","floor":47.0,"turns":4.0},{"damage":4.0,"enemies":"Spire Growth","floor":48.0,"turns":6.0},{"damage":36.0,"enemies":"Awakened One","floor":50.0,"turns":14.0},{"damage":4.0,"enemies":"Time Eater","floor":51.0,"turns":11.0},{"damage":17.0,"enemies":"Shield and Spear","floor":55.0,"turns":9.0},{"damage":48,"enemies":"The Heart","floor":56,"turns":5}],"seed_played":"1437672167815869353","potions_obtained":[{"floor":12.0,"key":"EssenceOfSteel"},{"floor":14.0,"key":"EssenceOfSteel"},{"floor":16.0,"key":"Explosive Potion"},{"floor":24.0,"key":"StancePotion"},{"floor":27.0,"key":"Regen Potion"},{"floor":28.0,"key":"Fire Potion"},{"floor":31.0,"key":"FearPotion"},{"floor":33.0,"key":"Explosive Potion"},{"floor":35.0,"key":"SpeedPotion"},{"floor":45.0,"key":"Swift Potion"}],"is_trial":false,"path_per_floor":["M","M","?","M","?","R","M","R","T","E","R","M","?","M","R","B",null,"M","?","$","M","?","R","E","R","T","E","M","R","?","M","R","B",null,"M","?","?","$","M","R","M","?","T","$","M","E","M","M","R","B","B",null,"R","$","E","B"],"character_chosen":"WATCHER","items_purchased":["ClockworkSouvenir","Panacea+1","Regen Potion","Ancient Tea Set","Evaluate+1","Mummified Hand","LikeWater","Protect+1","Thinking Ahead+1","Fasting2","SteroidPotion"],"campfire_rested":6,"item_purchase_floors":[38,38,38,38,38,38,38,38,38,44,54],"current_hp_per_floor":[54,52,52,49,49,49,32,32,32,8,28,9,9,5,25,7,53,53,53,53,42,42,42,6,26,26,3,9,29,29,11,21,3,26,26,26,1,1,16,26,26,26,26,26,26,26,24,20,20,17,13,29,29,29,12,0,0],"gold":97,"neow_bonus":"BOSS_RELIC","is_daily":false,"chose_seed":false,"campfire_upgraded":4,"win_rate":0.0,"timestamp":1614204008,"path_taken":["M","M","?","M","?","R","M","R","T","E","R","?","?","M","R","BOSS","M","?","$","M","?","R","E","R","T","E","M","R","?","M","R","BOSS","M","?","?","$","M","R","M","?","T","$","M","E","M","?","R","BOSS","BOSS","R","$","E","BOSS"],"items_purchased_type":["Relic","Card","Potion","Relic","Card","Relic","Card","Card","Card","Card","Potion"],"build_version":"2020-12-22","purchased_purges":3,"victory":false,"max_hp_per_floor":[68,68,68,68,68,68,68,68,68,68,68,68,68,68,68,68,68,68,68,68,68,68,68,68,68,68,68,68,68,34,34,34,34,34,34,34,34,34,34,34,34,34,34,34,34,34,34,34,34,34,34,34,34,34,34,34,34],"relic_stats":{"counters":[27,165],"Astrolabe":["SandsOfTime","BowlingBash","Indignation"],"StoneCalendar":[112],"Question Card":24,"WarpedTongs":[55],"Centennial Puzzle":[30],"Lizard Tail":17,"Busted Crown":30,"Shuriken":[71],"Mummified Hand":[29],"Prayer Wheel":16,"Kunai":[72],"obtain_stats":[{"Potion Belt":0,"Lantern":10,"Astrolabe":17,"StoneCalendar":46,"Omamori":26,"Question Card":19,"Ancient Tea Set":38,"ClockworkSouvenir":38,"WarpedTongs":42,"Calling Bell":0,"Centennial Puzzle":27,"Lizard Tail":37,"Anchor":55,"Busted Crown":34,"Shuriken":9,"Mummified Hand":38,"Prayer Wheel":0,"Kunai":0,"PureWater":0,"Toxic Egg 2":24},{"Potion Belt":0,"Lantern":5,"Astrolabe":8,"StoneCalendar":21,"Omamori":11,"Question Card":9,"Ancient Tea Set":17,"ClockworkSouvenir":17,"WarpedTongs":19,"Calling Bell":0,"Centennial Puzzle":12,"Lizard Tail":17,"Anchor":26,"Busted Crown":15,"Shuriken":4,"Mummified Hand":17,"Prayer Wheel":0,"Kunai":0,"PureWater":0,"Toxic Egg 2":11},{"Potion Belt":0,"Lantern":24,"Astrolabe":40,"StoneCalendar":116,"Omamori":57,"Question Card":45,"Ancient Tea Set":97,"ClockworkSouvenir":97,"WarpedTongs":107,"Calling Bell":0,"Centennial Puzzle":63,"Lizard Tail":97,"Anchor":160,"Busted Crown":85,"Shuriken":18,"Mummified Hand":97,"Prayer Wheel":0,"Kunai":0,"PureWater":0,"Toxic Egg 2":57}]},"card_choices":[{"not_picked":["FlurryOfBlows","WreathOfFlame"],"picked":"TalkToTheHand","floor":1.0},{"not_picked":["EmptyBody","Study"],"picked":"Evaluate","floor":1.0},{"not_picked":["InnerPeace","Collect"],"picked":"WheelKick","floor":2.0},{"not_picked":["Halt","BowlingBash","Crescendo"],"picked":"SKIP","floor":2.0},{"not_picked":["InnerPeace","Tantrum"],"picked":"TalkToTheHand","floor":4.0},{"not_picked":["Evaluate","BowlingBash"],"picked":"Devotion","floor":4.0},{"not_picked":["MentalFortress","Prostrate"],"picked":"Consecrate","floor":7.0},{"not_picked":["FollowUp","Swivel"],"picked":"Wallop","floor":7.0},{"not_picked":["DeceiveReality","Nirvana"],"picked":"FlyingSleeves","floor":10.0},{"not_picked":["Evaluate","Wallop"],"picked":"FlurryOfBlows","floor":12.0},{"not_picked":["CrushJoints","EmptyBody"],"picked":"Evaluate","floor":12.0},{"not_picked":["SpiritShield","FollowUp"],"picked":"TalkToTheHand","floor":14.0},{"not_picked":["Fasting2","ThirdEye"],"picked":"CutThroughFate","floor":14.0},{"not_picked":["DevaForm","DeusExMachina"],"picked":"Ragnarok","floor":16.0},{"not_picked":["Pray","SashWhip"],"picked":"FlurryOfBlows+1","floor":18.0},{"not_picked":["BowlingBash+1","FollowUp"],"picked":"Protect+1","floor":18.0},{"not_picked":["JustLucky","ClearTheMind","WheelKick"],"picked":"FlurryOfBlows","floor":21.0},{"not_picked":["Halt","PathToVictory","InnerPeace","EmptyMind"],"picked":"SKIP","floor":21.0},{"not_picked":["Consecrate","Adaptation","SashWhip"],"picked":"LessonLearned","floor":24.0},{"not_picked":["BattleHymn","EmptyBody+1","FearNoEvil"],"picked":"TalkToTheHand","floor":27.0},{"not_picked":["FlyingSleeves","Blasphemy+1","JustLucky"],"picked":"DeceiveReality+1","floor":28.0},{"not_picked":["Nirvana","SignatureMove","PathToVictory+1","BattleHymn"],"picked":"SKIP","floor":28.0},{"not_picked":["Protect+1","Consecrate+1","ThirdEye+1"],"picked":"Conclude","floor":31.0},{"not_picked":["Evaluate+1","FlyingSleeves","Consecrate","Indignation+1"],"picked":"SKIP","floor":31.0},{"not_picked":["Blasphemy+1","Vault+1","SpiritShield+1"],"picked":"Scrawl+1","floor":33.0},{"not_picked":["Evaluate+1"],"picked":"Meditate+1","floor":35.0},{"not_picked":["BowlingBash","FollowUp+1"],"picked":"SKIP","floor":35.0},{"not_picked":["Wallop","Swivel+1"],"picked":"SKIP","floor":39.0},{"not_picked":["BowlingBash","Study"],"picked":"SKIP","floor":39.0},{"not_picked":["FlyingSleeves"],"picked":"ForeignInfluence+1","floor":41.0},{"not_picked":["ThirdEye+1","Sanctity+1"],"picked":"SKIP","floor":41.0},{"not_picked":["DeceiveReality+1","Protect+1"],"picked":"SKIP","floor":45.0},{"not_picked":["Prostrate+1","Protect+1"],"picked":"SKIP","floor":45.0},{"not_picked":["LikeWater"],"picked":"FlurryOfBlows","floor":46.0},{"not_picked":["EmptyBody+1","Sanctity+1"],"picked":"SKIP","floor":47.0},{"not_picked":["Weave+1","Evaluate+1"],"picked":"SKIP","floor":47.0},{"not_picked":["Weave","WindmillStrike"],"picked":"SKIP","floor":48.0},{"not_picked":["Judgement+1","FollowUp"],"picked":"SKIP","floor":48.0},{"not_picked":["Perseverance+1"],"picked":"MasterReality","floor":55.0}],"player_experience":1686380,"relics_obtained":[{"floor":0.0,"key":"Potion Belt"},{"floor":0.0,"key":"Kunai"},{"floor":0.0,"key":"Prayer Wheel"},{"floor":9.0,"key":"Shuriken"},{"floor":10.0,"key":"Lantern"},{"floor":24.0,"key":"Toxic Egg 2"},{"floor":26.0,"key":"Omamori"},{"floor":27.0,"key":"Centennial Puzzle"},{"floor":37.0,"key":"Lizard Tail"},{"floor":46.0,"key":"StoneCalendar"},{"floor":55.0,"key":"Anchor"}],"event_choices":[{"cards_removed":["Strike_P"],"damage_healed":0.0,"max_hp_gain":0.0,"max_hp_loss":0.0,"gold_gain":0.0,"event_name":"The Cleric","player_choice":"Card Removal","floor":3.0,"gold_loss":75.0,"damage_taken":0.0},{"cards_removed":["Strike_P"],"damage_healed":0.0,"max_hp_gain":0.0,"max_hp_loss":0.0,"gold_gain":0.0,"event_name":"Bonfire Elementals","player_choice":"Offered Basic","floor":5.0,"gold_loss":0.0,"damage_taken":0.0},{"damage_healed":0.0,"max_hp_gain":0.0,"max_hp_loss":0.0,"gold_gain":0.0,"event_name":"Shining Light","player_choice":"Ignored","floor":13.0,"gold_loss":0.0,"damage_taken":0.0},{"damage_healed":0.0,"max_hp_gain":0.0,"max_hp_loss":0.0,"gold_gain":0.0,"event_name":"Addict","player_choice":"Obtained Relic","floor":19.0,"gold_loss":85.0,"damage_taken":0.0,"relics_obtained":["Question Card"]},{"damage_healed":0.0,"max_hp_gain":0.0,"max_hp_loss":0.0,"gold_gain":50.0,"event_name":"Nest","player_choice":"Stole From Cult","floor":22.0,"gold_loss":0.0,"damage_taken":0.0},{"damage_healed":0.0,"max_hp_gain":0.0,"max_hp_loss":34.0,"gold_gain":0.0,"event_name":"Ghosts","player_choice":"Became a Ghost","floor":30.0,"gold_loss":0.0,"damage_taken":0.0,"cards_obtained":["Ghostly","Ghostly","Ghostly"]},{"damage_healed":0.0,"max_hp_gain":0.0,"max_hp_loss":0.0,"gold_gain":999.0,"event_name":"MindBloom","player_choice":"Gold","floor":36.0,"gold_loss":0.0,"damage_taken":0.0,"cards_obtained":["Normality","Normality"]},{"damage_healed":0.0,"max_hp_gain":0.0,"max_hp_loss":0.0,"gold_gain":0.0,"event_name":"Mysterious Sphere","player_choice":"Fight","floor":37.0,"gold_loss":0.0,"damage_taken":0.0},{"damage_healed":0.0,"max_hp_gain":0.0,"max_hp_loss":0.0,"gold_gain":0.0,"event_name":"Accursed Blacksmith","player_choice":"Rummage","floor":42.0,"gold_loss":0.0,"damage_taken":0.0,"relics_obtained":["WarpedTongs"],"cards_obtained":["Pain"]}],"is_beta":false,"boss_relics":[{"not_picked":["Velvet Choker","Cursed Key"],"picked":"Astrolabe"},{"not_picked":["Snecko Eye","Empty Cage"],"picked":"Busted Crown"}],"items_purged_floors":[20,38,44],"is_endless":false,"potions_floor_spawned":[12,14,16,24,27,28,31,33,35,45,46],"killed_by":"The Heart","ascension_level":20}}