{"host":"dh4nu8nelr2izibb","time":1614184903,"event":{"mods":["BaseMod","Better Skull","Better Third Choice","Card Filter","Card Forge","Curses Come First","Displayed Cursed Tome","HololiveMod","Marisa????????","Minty Spire (QoL Compilation)","Poor People Problems","Quick Restart","Relic Filter","Reliquary","StSLib","The Servant 0.9.4","WarShipGirlsR/????R mod","Yakumo Yukari mod"],"gold_per_floor":[219,369,208,227,238,264,46,65,117,136,136,101,133,149,149,226,226,241,49,49,0,18,18,50,50,50],"floor_reached":25,"language":"ENG","playtime":723,"items_purged":["Doubt","Strike_G"],"score":450,"play_id":"c54d5439-ad67-4c2f-be38-44a3c2c76c60","local_time":"20210224114143","is_ascension_mode":true,"campfire_choices":[{"data":"Dagger Spray","floor":11.0,"key":"SMITH"},{"data":"Terror","floor":15.0,"key":"SMITH"},{"data":"Envenom","floor":23.0,"key":"SMITH"}],"circlet_count":0,"master_deck":["AscendersBane","Strike_G","Strike_G","Defend_G","Defend_G","Defend_G","Defend_G","Survivor","Neutralize+1","Flying Knee","Quick Slash","Sucker Punch","Dagger Spray+1","Cloak And Dagger","Blade Dance","Terror+1","Blade Dance","Backstab","Blade Dance","PiercingWail","Dagger Throw","Envenom+1","A Thousand Cuts","Backflip","Cloak And Dagger"],"relics":["Ring of the Snake","Hammer of Thor","Seething Fire","Anvil of the Gods","MealTicket","Paper Crane","reliquary:TuningFork","Darkstone Periapt","reliquary:Craggleroot","Dream Catcher"],"acts_visited":["Exordium","TheCity"],"potions_floor_usage":[24],"damage_taken":[{"damage":1.0,"enemies":"Small Slimes","floor":1.0,"turns":4.0},{"damage":0.0,"enemies":"2 Louse","floor":4.0,"turns":3.0},{"damage":0.0,"enemies":"Jaw Worm","floor":5.0,"turns":3.0},{"damage":36.0,"enemies":"Gremlin Nob","floor":6.0,"turns":5.0},{"damage":0.0,"enemies":"3 Louse","floor":8.0,"turns":2.0},{"damage":0.0,"enemies":"Lots of Slimes","floor":10.0,"turns":2.0},{"damage":5.0,"enemies":"3 Sentries","floor":13.0,"turns":4.0},{"damage":0.0,"enemies":"Large Slime","floor":14.0,"turns":1.0},{"damage":9.0,"enemies":"Slime Boss","floor":16.0,"turns":5.0},{"damage":1.0,"enemies":"3 Byrds","floor":18.0,"turns":5.0},{"damage":12.0,"enemies":"2 Thieves","floor":22.0,"turns":3.0},{"damage":28,"enemies":"Gremlin Leader","floor":24,"turns":5},{"damage":0,"enemies":"Shelled Parasite and Fungi","floor":25,"turns":1}],"seed_played":"7940394301119477186","potions_obtained":[{"floor":4.0,"key":"DuplicationPotion"},{"floor":8.0,"key":"CunningPotion"},{"floor":10.0,"key":"SneckoOil"},{"floor":16.0,"key":"Ancient Potion"},{"floor":22.0,"key":"EssenceOfSteel"}],"is_trial":false,"path_per_floor":["M","?","$","M","M","E","$","M","T","M","R","?","E","M","R","B",null,"M","$","?","?","M","R","E","M"],"character_chosen":"THE_SILENT","items_purchased":["Quick Slash","Sucker Punch","Terror","Blade Dance","Paper Crane","A Thousand Cuts","Backflip"],"campfire_rested":0,"item_purchase_floors":[3,3,7,7,7,19,19],"current_hp_per_floor":[58,58,58,58,58,22,37,37,37,37,37,53,48,48,48,39,59,58,66,66,66,54,54,26,26,26],"gold":50,"neow_bonus":"HUNDRED_GOLD","is_daily":false,"chose_seed":false,"campfire_upgraded":3,"win_rate":0.0,"timestamp":1614184903,"path_taken":["M","?","$","M","M","E","$","M","T","M","R","?","E","M","R","BOSS","M","$","?","?","?","R","E","M"],"items_purchased_type":["Card","Card","Card","Card","Relic","Card","Card"],"build_version":"2020-12-22","purchased_purges":2,"victory":false,"max_hp_per_floor":[66,66,66,66,66,66,66,66,66,66,66,66,66,66,66,66,66,66,66,66,66,66,66,66,66,66],"card_choices":[{"not_picked":["Acrobatics","Deadly Poison"],"picked":"Flying Knee","floor":1.0},{"not_picked":["Dagger Spray","Deflect","Backflip"],"picked":"SKIP","floor":4.0},{"not_picked":["Deflect","Backflip"],"picked":"Dagger Spray","floor":4.0},{"not_picked":["Prepared","Bane"],"picked":"Cloak And Dagger","floor":5.0},{"not_picked":["Expertise","Night Terror"],"picked":"Blade Dance","floor":6.0},{"not_picked":["Quick Slash","Dodge and Roll"],"picked":"Backstab","floor":8.0},{"not_picked":["Catalyst","Reflex"],"picked":"Blade Dance","floor":10.0},{"not_picked":["Riddle With Holes","Dagger Spray"],"picked":"PiercingWail","floor":13.0},{"not_picked":["Skewer","Storm of Steel"],"picked":"Dagger Throw","floor":14.0},{"not_picked":["Venomology","Wraith Form v2"],"picked":"Envenom","floor":16.0},{"not_picked":["Dagger Throw","Masterful Stab","Concentrate"],"picked":"SKIP","floor":18.0},{"not_picked":["Heel Hook+1","Dash","Outmaneuver"],"picked":"SKIP","floor":22.0},{"not_picked":["Crippling Poison","Expertise"],"picked":"Cloak And Dagger","floor":24}],"player_experience":1204946,"relics_obtained":[{"floor":6.0,"key":"MealTicket"},{"floor":9.0,"key":"reliquary:TuningFork"},{"floor":13.0,"key":"Darkstone Periapt"},{"floor":24,"key":"Dream Catcher"}],"event_choices":[{"damage_healed":0.0,"max_hp_gain":0.0,"max_hp_loss":0.0,"gold_gain":150.0,"event_name":"betterThird:BetterSerpent","player_choice":"AGREE","floor":2.0,"gold_loss":0.0,"damage_taken":219.0},{"damage_healed":16.0,"max_hp_gain":0.0,"max_hp_loss":0.0,"gold_gain":0.0,"event_name":"The Cleric","player_choice":"Healed","floor":12.0,"gold_loss":35.0,"damage_taken":0.0},{"damage_healed":0.0,"max_hp_gain":0.0,"max_hp_loss":0.0,"gold_gain":0.0,"event_name":"The Mausoleum","player_choice":"Ignored","floor":20.0,"gold_loss":0.0,"damage_taken":0.0},{"damage_healed":0.0,"max_hp_gain":0.0,"max_hp_loss":0.0,"gold_gain":0.0,"event_name":"Masked Bandits","player_choice":"Paid Fearfully","floor":21.0,"gold_loss":49.0,"damage_taken":0.0}],"is_beta":false,"boss_relics":[{"not_picked":["Snecko Eye","Fusion Hammer"],"picked":"reliquary:Craggleroot"}],"items_purged_floors":[3,7],"is_endless":false,"potions_floor_spawned":[4,8,10,16,22],"killed_by":"Shelled Parasite and Fungi","ascension_level":19}}