{"host":"ha6p5pdchuduffeg","time":1614149921,"event":{"mods":["Act Like it!","BaseMod","Downfall","Gensokyo","KinomotoSakuraMod(ƒæ÷Æ±æ”£)","Koishi","Marisa£®ÏF”Í°°ƒß¿Ì…≥£©","Minty Spire (QoL Compilation)","Reimu£®≤©¿ˆ¡È√Œ£©","Remilia£®¿Ÿ√◊¿Ú—«£©","Replay The Spire","Spicy Shops","StSLib","The Administrix","The Hierophant","The Senshi","The Servant 0.9.4","Waifu the Spire","Youmu£®ªÍ∆«—˝√Œ£©"],"gold_per_floor":[111,211,231,101,101,101,131,146,227,284,128,148,173,196,196,298,298,317,317,277,39,50,50,64,98,98,108,108,135,135,155,155,260,260,279,279,279,298,311,339,339,339,339,386,398,425,425,444,444,444],"floor_reached":51,"language":"ZHS","playtime":2000,"items_purged":["downfall:Haunted"],"score":1038,"play_id":"3a806036-74c8-4262-8de2-8272cf7735cc","local_time":"20210224145841","is_ascension_mode":true,"campfire_choices":[{"data":"PowerUp","floor":6.0,"key":"SMITH"},{"floor":15.0,"key":"REST"},{"data":"FinalSpark","floor":23.0,"key":"SMITH"},{"data":"OortCloud","floor":28.0,"key":"SMITH"},{"data":"MysteriousBeam","floor":32.0,"key":"SMITH"},{"floor":42.0,"key":"REST"},{"data":"FinalSpark","floor":47.0,"key":"SMITH"},{"data":"BigCrunch","floor":49.0,"key":"PURGE"}],"circlet_count":0,"master_deck":["Strike_MRS","Strike_MRS","Strike_MRS","Strike_MRS","Defend_MRS","Defend_MRS","MasterSpark","UpSweep","Clumsy","Replay:Sluggish","ManaRampage+1","downfall:Icky","PowerUp+1","OortCloud+1","AsteroidBelt","FinalSpark+1","Orbital","CurseOfTheBell","MysteriousBeam+1","OortCloud+1","MysteriousBeam+1","FinalSpark+1","Madness","ReplayTheSpireMod:Necrogeddon"],"relics":["MiniHakkero","Replay:PocketPolymizer","Du-Vu Doll","Blue Doll","Happy Flower","Bird Faced Urn","Oddly Smooth Stone","Ancient Tea Set","Calling Bell","Bronze Scales","Snack Pack","TungstenRod","ZunR:ReiMu","Replay:Ringing Soul","PreservedInsect","White Beast Statue","HandmadeGrimoire","MutagenicStrength","ExperimentalFamiliar","Dream Catcher","Replay:Wax Seal","CatCart","Mirror"],"acts_visited":["Exordium","TheCity","TheBeyond"],"potions_floor_usage":[50],"damage_taken":[{"damage":5.0,"enemies":"Jaw Worm","floor":1.0,"turns":4.0},{"damage":2.0,"enemies":"2 Louse","floor":3.0,"turns":3.0},{"damage":11.0,"enemies":"Replay:BlueRogue","floor":7.0,"turns":4.0},{"damage":1.0,"enemies":"Cultist","floor":8.0,"turns":4.0},{"damage":6.0,"enemies":"Lagavulin Event","floor":10.0,"turns":3.0},{"damage":2.0,"enemies":"2 Fungi Beasts","floor":12.0,"turns":4.0},{"damage":0.0,"enemies":"3 Sentries","floor":13.0,"turns":1.0},{"damage":0.0,"enemies":"Fading Forest","floor":16.0,"turns":11.0},{"damage":0.0,"enemies":"Shell Parasite","floor":18.0,"turns":3.0},{"damage":0.0,"enemies":"Chosen","floor":22.0,"turns":3.0},{"damage":0.0,"enemies":"Centurion and Healer","floor":24.0,"turns":4.0},{"damage":0.0,"enemies":"Replay:Snechameleon","floor":25.0,"turns":3.0},{"damage":0.0,"enemies":"Snecko","floor":27.0,"turns":3.0},{"damage":0.0,"enemies":"Gremlin Leader","floor":29.0,"turns":4.0},{"damage":0.0,"enemies":"Snake Plant","floor":31.0,"turns":1.0},{"damage":5.0,"enemies":"Automaton","floor":33.0,"turns":5.0},{"damage":1.0,"enemies":"3 Darklings","floor":35.0,"turns":2.0},{"damage":0.0,"enemies":"Orb Walker","floor":38.0,"turns":1.0},{"damage":21.0,"enemies":"Maw","floor":39.0,"turns":4.0},{"damage":12.0,"enemies":"R_Hoarder","floor":40.0,"turns":3.0},{"damage":0.0,"enemies":"Orin","floor":44.0,"turns":4.0},{"damage":0.0,"enemies":"Writhing Mass","floor":45.0,"turns":1.0},{"damage":0.0,"enemies":"Nemesis","floor":46.0,"turns":1.0},{"damage":9.0,"enemies":"Spire Growth","floor":48.0,"turns":2.0},{"damage":5,"enemies":"Awakened One","floor":50,"turns":4}],"seed_played":"8509971992164438896","potions_obtained":[{"floor":1.0,"key":"AttackPotion"},{"floor":10.0,"key":"BlessingOfTheForge"},{"floor":13.0,"key":"SmokeBomb"},{"floor":25.0,"key":"BottledSpark"},{"floor":27.0,"key":"Fruit Juice"},{"floor":29.0,"key":"Block Potion"},{"floor":31.0,"key":"Regen Potion"},{"floor":33.0,"key":"Fire Potion"},{"floor":35.0,"key":"AttackPotion"},{"floor":48.0,"key":"Doom Potion"}],"is_trial":false,"path_per_floor":["M","?","M","$","?","R","E","M","T","?","$","M","E","T","R","B",null,"M","?","?","$","M","R","M","E","T","M","R","E","?","M","R","B",null,"M","?","?","M","M","E","?","R","T","?","M","E","R","M","R","B",null],"character_chosen":"MARISA","items_purchased":["OortCloud+1","Bird Faced Urn","Replay:Ringing Soul"],"campfire_rested":2,"item_purchase_floors":[4,11,21],"current_hp_per_floor":[70,75,73,73,73,73,62,61,61,55,55,55,55,55,79,80,80,80,80,80,80,80,80,83,83,83,83,86,91,91,94,97,100,100,100,91,91,93,82,80,80,106,106,106,106,106,109,102,102,109],"gold":444,"neow_bonus":"ONE_RARE_RELIC","is_daily":false,"chose_seed":false,"campfire_upgraded":5,"win_rate":0.0,"timestamp":1614149921,"path_taken":["M","?","M","$","?","R","E","M","T","?","?","?","E","?","R","BOSS","M","?","?","$","M","R","M","E","T","M","R","E","?","M","R","BOSS","M","?","?","?","M","E","?","R","T","?","M","E","R","M","R","BOSS"],"items_purchased_type":["Card","Relic","Relic"],"build_version":"2020-12-22","purchased_purges":1,"victory":true,"max_hp_per_floor":[75,80,80,80,80,80,80,80,80,80,80,80,80,80,80,80,80,80,80,80,80,80,80,83,83,83,83,86,91,91,94,97,100,100,100,103,103,103,103,103,103,106,106,106,106,106,109,109,109,109],"card_choices":[{"not_picked":["ShootTheMoon","ShootingEcho","Acceleration"],"picked":"SKIP","floor":1.0},{"not_picked":["DC","GasGiant"],"picked":"PowerUp","floor":3.0},{"not_picked":["StarlightTyphoon","GravityBeat"],"picked":"FinalSpark","floor":7.0},{"not_picked":["UnstableBomb","6A"],"picked":"Orbital","floor":8.0},{"not_picked":["WitchLeyline","MilkyWay","DC"],"picked":"SKIP","floor":12.0},{"not_picked":["GasGiant","UnstableBomb","OpenUniverse"],"picked":"SKIP","floor":13.0},{"not_picked":["DarkMatter","PowerUp","NonDirectionalLaser"],"picked":"SKIP","floor":18.0},{"not_picked":["LuminesStrike","OneTimeOff","6A"],"picked":"SKIP","floor":22.0},{"not_picked":["GrandCross+1","PowerUp"],"picked":"MysteriousBeam+1","floor":24.0},{"not_picked":["EscapeVelocity","SuperNova","Occultation"],"picked":"SKIP","floor":25.0},{"not_picked":["ManaConvection","GalacticHalo","MilkyWay"],"picked":"SKIP","floor":27.0},{"not_picked":["LuminesStrike","Singularity","MilkyWay+1"],"picked":"SKIP","floor":29.0},{"not_picked":["EarthLightRay","LuminesStrike"],"picked":"MysteriousBeam","floor":31.0},{"not_picked":["JA","EscapeVelocity"],"picked":"FinalSpark","floor":33.0},{"not_picked":["OrrerysSun","LuminesStrike+1","AsteroidBelt"],"picked":"SKIP","floor":35.0},{"not_picked":["DC","ShootTheMoon","LuminesStrike+1"],"picked":"SKIP","floor":38.0},{"not_picked":["GrandCross","WitchOfGreed+1","ChargingUp"],"picked":"SKIP","floor":39.0},{"not_picked":["GalacticHalo","PulseMagic+1","SporeBomb"],"picked":"SKIP","floor":40.0},{"not_picked":["SporeBomb+1","EnergyRecoil","ShootingEcho"],"picked":"SKIP","floor":45.0},{"not_picked":["MillisecondPulsars","PowerUp+1","IllusionStar+1"],"picked":"SKIP","floor":46.0},{"not_picked":["DragonMeteor+1","GalacticHalo","6A"],"picked":"SKIP","floor":48.0}],"player_experience":119873,"relics_obtained":[{"floor":7.0,"key":"Blue Doll"},{"floor":10.0,"key":"Happy Flower"},{"floor":13.0,"key":"Oddly Smooth Stone"},{"floor":14.0,"key":"Ancient Tea Set"},{"floor":17.0,"key":"Bronze Scales"},{"floor":17.0,"key":"Snack Pack"},{"floor":17.0,"key":"TungstenRod"},{"floor":25.0,"key":"PreservedInsect"},{"floor":26.0,"key":"White Beast Statue"},{"floor":29.0,"key":"HandmadeGrimoire"},{"floor":40.0,"key":"Dream Catcher"},{"floor":43.0,"key":"Replay:Wax Seal"},{"floor":44.0,"key":"CatCart"},{"floor":46.0,"key":"Mirror"}],"event_choices":[{"damage_healed":0.0,"max_hp_gain":0.0,"max_hp_loss":0.0,"gold_gain":0.0,"event_name":"Living Wall","player_choice":"Grow","floor":5.0,"gold_loss":0.0,"damage_taken":0.0,"cards_upgraded":["ManaRampage"]},{"damage_healed":0.0,"max_hp_gain":0.0,"max_hp_loss":0.0,"gold_gain":30.0,"event_name":"Dead Adventurer","player_choice":"Searched \u00272\u0027 times","floor":10.0,"gold_loss":0.0,"damage_taken":0.0},{"cards_removed":["downfall:Haunted"],"damage_healed":0.0,"max_hp_gain":0.0,"max_hp_loss":0.0,"gold_gain":0.0,"event_name":"Back to Basics","player_choice":"Elegance","floor":19.0,"gold_loss":0.0,"damage_taken":0.0},{"damage_healed":0.0,"max_hp_gain":0.0,"max_hp_loss":0.0,"gold_gain":0.0,"event_name":"ZunEvent","player_choice":"π∫¬Ú…Òæ∆","floor":20.0,"gold_loss":40.0,"damage_taken":0.0,"relics_obtained":["ZunR:ReiMu"]},{"damage_healed":0.0,"max_hp_gain":0.0,"max_hp_loss":0.0,"gold_gain":0.0,"event_name":"Drug Dealer","player_choice":"Inject Mutagens","floor":30.0,"gold_loss":0.0,"damage_taken":0.0,"relics_obtained":["MutagenicStrength"]},{"damage_healed":0.0,"max_hp_gain":0.0,"max_hp_loss":0.0,"gold_gain":0.0,"event_name":"Winding Halls","player_choice":"Embrace Madness","floor":36.0,"gold_loss":0.0,"damage_taken":13.0,"cards_obtained":["Madness","Madness"]},{"damage_healed":0.0,"max_hp_gain":0.0,"max_hp_loss":0.0,"gold_gain":0.0,"event_name":"SecretPortal","player_choice":"Ignored","floor":37.0,"gold_loss":0.0,"damage_taken":0.0},{"cards_removed":["Defend_MRS"],"damage_healed":0.0,"max_hp_gain":0.0,"max_hp_loss":0.0,"gold_gain":0.0,"event_name":"Falling","player_choice":"Removed Skill","floor":41.0,"gold_loss":0.0,"damage_taken":0.0},{"damage_healed":0.0,"max_hp_gain":0.0,"max_hp_loss":0.0,"gold_gain":0.0,"event_name":"OrinTheCat","player_choice":"Fight","floor":44.0,"gold_loss":0.0,"damage_taken":0.0}],"is_beta":false,"boss_relics":[{"not_picked":["Tiny House","Replay:Bronze Core"],"picked":"Calling Bell"},{"not_picked":["Honey Jar","Replay:Drink Me"],"picked":"ExperimentalFamiliar"}],"items_purged_floors":[4],"is_endless":false,"potions_floor_spawned":[1,10,13,25,27,29,31,33,35,38,39,40,44,45,46,48],"ascension_level":2}}