{"host":"117k4jqr844m944g","time":1614176842,"event":{"mods":["BaseMod","Downfall","Minty Spire (QoL Compilation)","StSLib","UnlockEverythingMod"],"gold_per_floor":[99,112,125,125,141,166,166,166,341,73,107,17,17,2,20,20,20,20],"floor_reached":16,"language":"ZHS","playtime":680,"items_purged":["Doubt"],"score":166,"play_id":"6be96213-d461-4760-af43-8c85c18c10d3","local_time":"20210224222722","is_ascension_mode":true,"campfire_choices":[{"data":"bronze:Goto","floor":1,"key":"SMITH"},{"data":"bronze:Turbo","floor":8,"key":"SMITH"}],"circlet_count":0,"master_deck":["bronze:Strike","bronze:Strike","bronze:Defend","bronze:Defend","bronze:Defend","bronze:Replicate","bronze:Goto+1","bronze:Boost","bronze:WhirlingStrike","bronze:Turbo+1","bronze:ClassDefault","bronze:Verify"],"relics":["bronze:BronzeCore","Gambling Chip","Mercury Hourglass","Molten Egg 2","Anchor","downfall:ShatteredFragment"],"acts_visited":[],"potions_floor_usage":[16],"damage_taken":[{"damage":5,"enemies":"2 Louse","floor":2,"turns":3},{"damage":0,"enemies":"Small Slimes","floor":3,"turns":3},{"damage":0,"enemies":"Jaw Worm","floor":5,"turns":3},{"damage":14,"enemies":"Lagavulin","floor":6,"turns":6},{"damage":0,"enemies":"downfall:FleeingMerchant","floor":10,"turns":4},{"damage":0,"enemies":"Gremlin Nob","floor":11,"turns":2},{"damage":5,"enemies":"downfall:FleeingMerchant","floor":12,"turns":4},{"damage":0,"enemies":"downfall:FleeingMerchant","floor":14,"turns":4},{"damage":0,"enemies":"2 Fungi Beasts","floor":15,"turns":2},{"damage":4,"enemies":"IC_STATUS_ARCHETYPE","floor":16,"turns":6}],"seed_played":"-2929931732884605768","potions_obtained":[{"floor":2,"key":"bronze:BurnAndBuffPotion"},{"floor":11,"key":"Strength Potion"},{"floor":15,"key":"Block Potion"}],"is_trial":false,"path_per_floor":["R","M","M","?","M","E","T","R","?","$","E","$","?","$","M","B"],"character_chosen":"THE_AUTOMATON","items_purchased":["Molten Egg 2"],"campfire_rested":0,"item_purchase_floors":[10],"current_hp_per_floor":[49,44,44,44,44,30,30,30,30,30,30,25,4,4,4,0,0,0],"gold":20,"neow_bonus":"REMOVE_TWO","is_daily":false,"chose_seed":false,"campfire_upgraded":2,"win_rate":0.0,"timestamp":1614176842,"path_taken":["R","M","M","?","M","E","T","R","?","$","E","$","?","?","M","BOSS"],"items_purchased_type":["Relic"],"build_version":"2020-12-22","purchased_purges":1,"victory":false,"max_hp_per_floor":[70,70,70,70,70,70,70,70,70,70,70,70,70,70,70,70,70,70],"card_choices":[{"not_picked":["bronze:Fortify","bronze:Constructor"],"picked":"bronze:Boost","floor":2},{"not_picked":["bronze:FineTuning","bronze:BugBarrage","bronze:Separator"],"picked":"SKIP","floor":3},{"not_picked":["bronze:Invalidate","bronze:ItsAFeature","bronze:Allocate"],"picked":"SKIP","floor":5},{"not_picked":["bronze:Safeguard","bronze:MaxOutput"],"picked":"bronze:Turbo","floor":6},{"not_picked":["bronze:Shield","bronze:Separator","bronze:ShipIt"],"picked":"SKIP","floor":10},{"not_picked":["bronze:BitShift","bronze:BugBarrage+1"],"picked":"bronze:ClassDefault","floor":11},{"not_picked":["bronze:OilSpill+1","bronze:WildBeam+1","bronze:WhirlingStrike+1"],"picked":"SKIP","floor":12},{"not_picked":["bronze:ForceShield","bronze:BitShift"],"picked":"bronze:Verify","floor":14},{"not_picked":["bronze:Turbo","bronze:Optimize","bronze:Shield"],"picked":"SKIP","floor":15}],"player_experience":139321,"relics_obtained":[{"floor":6,"key":"Gambling Chip"},{"floor":7,"key":"Mercury Hourglass"},{"floor":11,"key":"Anchor"}],"event_choices":[],"is_beta":false,"boss_relics":[],"items_purged_floors":[12],"is_endless":false,"potions_floor_spawned":[2,11,15],"killed_by":"IC_STATUS_ARCHETYPE","ascension_level":5}}