{"host":"5tzvto3beate6p8b","time":1614152030,"event":{"mods":["BaseMod","Colored Map","DeckTracker","Minty Spire (QoL Compilation)","Relic Stats","StSLib","SuperFastMode"],"gold_per_floor":[111,33,44,119,40,66,82,112,112,112,112,140,140,171,171,250,250,261,233,0,16,0,0,36,36,36,36,36],"floor_reached":27,"language":"JPN","playtime":1291,"items_purged":[],"score":550,"play_id":"fb84801c-cb33-4aa3-a20a-43538a4bc81e","local_time":"20210224163350","is_ascension_mode":true,"campfire_choices":[{"floor":10,"key":"REST"},{"data":"Zap","floor":11,"key":"SMITH"},{"data":"Glacier","floor":13,"key":"SMITH"},{"floor":15,"key":"REST"},{"floor":23,"key":"REST"},{"data":"Self Repair","floor":25,"key":"SMITH"}],"circlet_count":0,"master_deck":["AscendersBane","Strike_B","Strike_B","Strike_B","Strike_B","Defend_B","Defend_B","Defend_B","Defend_B","Zap+1","Dualcast","Gash","Hologram","Steam","Beam Cell","Gash","Hologram","Rip and Tear","Rebound","Auto Shields","Glacier+1","Aggregate","Buffer","Genetic Algorithm+1","Gash","Self Repair+1","Stack","Streamline","BootSequence"],"relics":["Cracked Core","NeowsBlessing","Regal Pillow","WingedGreaves","Ornamental Fan","Oddly Smooth Stone","InkBottle","Nuclear Battery","Membership Card","CeramicFish","Ancient Tea Set"],"acts_visited":["Exordium","TheCity"],"potions_floor_usage":[12,21,24],"damage_taken":[{"damage":0,"enemies":"Jaw Worm","floor":1,"turns":1},{"damage":0,"enemies":"Small Slimes","floor":3,"turns":1},{"damage":0,"enemies":"Lagavulin","floor":6,"turns":1},{"damage":0,"enemies":"Cultist","floor":7,"turns":3},{"damage":38,"enemies":"3 Sentries","floor":8,"turns":10},{"damage":4,"enemies":"Gremlin Nob","floor":12,"turns":3},{"damage":25,"enemies":"3 Sentries","floor":14,"turns":14},{"damage":15,"enemies":"The Guardian","floor":16,"turns":11},{"damage":0,"enemies":"Shell Parasite","floor":18,"turns":8},{"damage":17,"enemies":"2 Thieves","floor":19,"turns":4},{"damage":39,"enemies":"Cultist and Chosen","floor":21,"turns":8},{"damage":14,"enemies":"Slavers","floor":24,"turns":8},{"damage":44,"enemies":"Gremlin Leader","floor":27,"turns":6}],"seed_played":"7100254831856388315","potions_obtained":[{"floor":3,"key":"DuplicationPotion"},{"floor":8,"key":"DistilledChaos"},{"floor":14,"key":"Block Potion"},{"floor":24,"key":"Energy Potion"}],"is_trial":false,"path_per_floor":["M","$","M","?","$","E","M","E","T","R","R","E","R","E","R","B",null,"M","M","$","M","?","R","E","R","T","E"],"character_chosen":"DEFECT","items_purchased":["Hologram","Steam","Gash","Hologram","Membership Card","Self Repair","Stack"],"campfire_rested":3,"item_purchase_floors":[2,2,5,5,20,20,20],"current_hp_per_floor":[64,64,64,53,53,53,53,15,15,51,51,47,47,22,58,43,64,64,47,47,15,15,51,44,44,44,0,0],"gold":36,"neow_bonus":"THREE_ENEMY_KILL","is_daily":false,"chose_seed":false,"campfire_upgraded":3,"win_rate":0.0,"timestamp":1614152030,"path_taken":["M","$","M","?","$","E","M","E","T","R","R","E","R","E","R","BOSS","M","M","$","M","?","R","E","R","T","E"],"items_purchased_type":["Card","Card","Card","Card","Relic","Card","Card"],"build_version":"2020-12-22","purchased_purges":0,"victory":false,"max_hp_per_floor":[71,71,71,71,71,71,71,71,71,71,71,71,71,71,71,71,71,71,71,71,71,71,71,71,71,71,71,71],"relic_stats":{"Regal Pillow":45,"counters":[13,78],"Ornamental Fan":[80],"CeramicFish":9,"obtain_stats":[{"Regal Pillow":6,"NeowsBlessing":0,"Ornamental Fan":9,"CeramicFish":24,"Oddly Smooth Stone":12,"WingedGreaves":8,"Membership Card":20,"Cracked Core":0,"Ancient Tea Set":26,"InkBottle":14,"Nuclear Battery":17},{"Regal Pillow":3,"NeowsBlessing":0,"Ornamental Fan":5,"CeramicFish":12,"Oddly Smooth Stone":6,"WingedGreaves":5,"Membership Card":10,"Cracked Core":0,"Ancient Tea Set":12,"InkBottle":7,"Nuclear Battery":8},{"Regal Pillow":3,"NeowsBlessing":0,"Ornamental Fan":16,"CeramicFish":72,"Oddly Smooth Stone":19,"WingedGreaves":16,"Membership Card":56,"Cracked Core":0,"Ancient Tea Set":72,"InkBottle":33,"Nuclear Battery":44}],"InkBottle":[16]},"card_choices":[{"not_picked":["Compile Driver","Steam"],"picked":"Gash","floor":1},{"not_picked":["Conserve Battery","White Noise"],"picked":"Beam Cell","floor":3},{"not_picked":["Redo","Conserve Battery"],"picked":"Rip and Tear","floor":6},{"not_picked":["Rainbow","Cold Snap"],"picked":"Rebound","floor":7},{"not_picked":["Darkness","Conserve Battery"],"picked":"Auto Shields","floor":8},{"not_picked":["Doom and Gloom","Ball Lightning"],"picked":"Glacier","floor":12},{"not_picked":["Blizzard","Storm"],"picked":"Aggregate","floor":14},{"not_picked":["Reboot","Meteor Strike"],"picked":"Buffer","floor":16},{"not_picked":["Leap","Cold Snap+1"],"picked":"Genetic Algorithm+1","floor":18},{"not_picked":["Consume","Blizzard"],"picked":"Gash","floor":19},{"not_picked":["Heatsinks","Darkness+1"],"picked":"Streamline","floor":21},{"not_picked":["Heatsinks","Coolheaded"],"picked":"BootSequence","floor":24}],"player_experience":851411,"relics_obtained":[{"floor":6,"key":"Regal Pillow"},{"floor":8,"key":"WingedGreaves"},{"floor":9,"key":"Ornamental Fan"},{"floor":12,"key":"Oddly Smooth Stone"},{"floor":14,"key":"InkBottle"},{"floor":24,"key":"CeramicFish"},{"floor":26,"key":"Ancient Tea Set"}],"event_choices":[{"damage_healed":0,"gold_gain":75,"player_choice":"Gather Gold","damage_taken":11,"max_hp_gain":0,"max_hp_loss":0,"event_name":"World of Goop","floor":4,"gold_loss":0},{"damage_healed":0,"gold_gain":0,"player_choice":"Paid Fearfully","damage_taken":0,"max_hp_gain":0,"max_hp_loss":0,"event_name":"Masked Bandits","floor":22,"gold_loss":16}],"is_beta":false,"boss_relics":[{"not_picked":["Tiny House","Empty Cage"],"picked":"Nuclear Battery"}],"items_purged_floors":[],"is_endless":false,"potions_floor_spawned":[3,8,14,16,24],"killed_by":"Gremlin Leader","ascension_level":19}}