{"host":"np9ouipdmi0bkas5","time":1614181622,"event":{"mods":["AchievementEnabler","Aspiration","BaseMod","Better Altar","Better Match","Better Skull","Better Third Choice","Colored Map","Downfall","Highlight Path","Hubris","Infinite Spire","Minty Spire (QoL Compilation)","Replay The Spire","StSLib"],"gold_per_floor":[115,74,74,1,1,36,36,36,36,36,63,63,82,161,161,161,161],"floor_reached":16,"language":"ENG","playtime":397,"items_purged":[],"score":169,"play_id":"d8ea6730-9150-45a7-9d5c-60d96574a8b0","local_time":"20210224074702","is_ascension_mode":true,"campfire_choices":[{"floor":10,"key":"DIG"},{"floor":15,"key":"DIG"}],"circlet_count":0,"master_deck":["Strike_R","Strike_R","Strike_R","Strike_R","Strike_R","Defend_R","Defend_R","Defend_R","Defend_R","Bash","Pummel","Fire Breathing","Pot Of Greed","Pot Of Greed","Cleave","Perfected Strike+1"],"relics":["Burning Blood","NeowsBlessing","Grinning Jar","Shovel","PreservedInsect","Mercury Hourglass","ReplayTheSpireMod:Ninjato"],"acts_visited":["Exordium"],"potions_floor_usage":[16],"damage_taken":[{"damage":0,"enemies":"Jaw Worm","floor":1,"turns":1},{"damage":0,"enemies":"Gremlin Nob","floor":6,"turns":1},{"damage":0,"enemies":"3 Sentries","floor":11,"turns":1},{"damage":11,"enemies":"Small Slimes","floor":13,"turns":3},{"damage":75,"enemies":"Hexaghost","floor":16,"turns":11}],"seed_played":"8445795024810394107","potions_obtained":[{"floor":13,"key":"Weak Potion"}],"is_trial":false,"path_per_floor":["M","$","?","$","?","E","$","?","T","R","E","?","M","T","R","B"],"character_chosen":"IRONCLAD","items_purchased":["Inflame","Fire Breathing"],"campfire_rested":0,"item_purchase_floors":[2,4],"current_hp_per_floor":[80,80,80,80,80,80,80,80,80,80,80,80,75,75,75,0,0],"gold":161,"neow_bonus":"THREE_ENEMY_KILL","is_daily":false,"chose_seed":false,"campfire_upgraded":0,"win_rate":0.0,"timestamp":1614181622,"path_taken":["M","$","?","$","?","E","?","?","T","R","E","?","M","?","R","BOSS"],"items_purchased_type":["Card","Card"],"build_version":"2020-12-22","purchased_purges":0,"victory":false,"max_hp_per_floor":[80,80,80,80,80,80,80,80,80,80,80,80,80,80,80,80,80],"card_choices":[{"not_picked":["Warcry","Bloodletting"],"picked":"Pummel","floor":1},{"not_picked":["Blood for Blood","Perfected Strike"],"picked":"Cleave","floor":6},{"not_picked":["Searing Blow","Wild Strike","Twin Strike"],"picked":"SKIP","floor":11},{"not_picked":["Feel No Pain","Heavy Blade","Body Slam"],"picked":"SKIP","floor":13}],"player_experience":141635,"relics_obtained":[{"floor":6,"key":"Grinning Jar"},{"floor":9,"key":"Shovel"},{"floor":10,"key":"PreservedInsect"},{"floor":11,"key":"Mercury Hourglass"},{"floor":15,"key":"ReplayTheSpireMod:Ninjato"}],"event_choices":[{"damage_healed":0,"gold_gain":0,"player_choice":"Ignored","damage_taken":1,"max_hp_gain":0,"max_hp_loss":0,"event_name":"betterThird:BetterSerpent","floor":5,"gold_loss":0}],"is_beta":false,"boss_relics":[],"items_purged_floors":[],"is_endless":false,"potions_floor_spawned":[13],"killed_by":"Hexaghost","ascension_level":2}}