{"host":"m0bekkrd201b63ug","time":1614201933,"event":{"mods":["AchievementEnabler","BaseMod","Colored Powertips","Highlight Path","Minty Spire (QoL Compilation)","Rare Cards Sparkle","StSLib","SuperFastMode","everything is the same but u backflip on backflip","slay the spire mod where everything is the same but ironclad has a cowboy hat"],"gold_per_floor":[109,109,109,30,50,79,79,111,111,111,130,158,173,187,187,292,292,308,38,56,56,69,101,101,119,170,186,218,218,218,229,229,326,326,338,349,249,299,299,330,346,346,419,105,115,168,178,211,211,211],"floor_reached":51,"language":"ENG","playtime":2962,"items_purged":["Strike_B","Defend_B","Defend_B"],"score":1138,"play_id":"e3fc66b9-648a-450c-80dd-ddc1a08d3af1","local_time":"20210224182533","is_ascension_mode":true,"campfire_choices":[{"data":"Ball Lightning","floor":7.0,"key":"SMITH"},{"floor":10.0,"key":"REST"},{"floor":15.0,"key":"REST"},{"data":"Conserve Battery","floor":24,"key":"SMITH"},{"data":"Stack","floor":30,"key":"SMITH"},{"data":"Coolheaded","floor":32,"key":"SMITH"},{"data":"Barrage","floor":49,"key":"SMITH"}],"circlet_count":0,"master_deck":["AscendersBane","Zap","Dualcast","Amplify","Conserve Battery+1","Skim","Ball Lightning+1","Cold Snap","Rebound","Undo","Defragment+1","Echo Form+1","Coolheaded+1","Self Repair+1","Turbo","Leap+1","Buffer+1","Glacier+1","Barrage+1","Ball Lightning+1"],"relics":["Cracked Core","Frozen Egg 2","Anchor","InkBottle","Bronze Scales","Sozu","MealTicket","Centennial Puzzle","Potion Belt","Strawberry","Nuclear Battery","Du-Vu Doll","Smiling Mask","The Courier","Runic Capacitor","Oddly Smooth Stone","Peace Pipe","Eternal Feather"],"acts_visited":["Exordium","TheCity","TheBeyond"],"potions_floor_usage":[48,50,50],"damage_taken":[{"damage":0.0,"enemies":"Small Slimes","floor":1.0,"turns":3.0},{"damage":0.0,"enemies":"Cultist","floor":5.0,"turns":3.0},{"damage":19.0,"enemies":"3 Sentries","floor":6.0,"turns":6.0},{"damage":23.0,"enemies":"Lagavulin","floor":8.0,"turns":5.0},{"damage":2.0,"enemies":"Jaw Worm","floor":11.0,"turns":3.0},{"damage":9.0,"enemies":"Gremlin Nob","floor":12.0,"turns":4.0},{"damage":15.0,"enemies":"Exordium Thugs","floor":13.0,"turns":4.0},{"damage":0.0,"enemies":"3 Louse","floor":14.0,"turns":3.0},{"damage":27,"enemies":"Slime Boss","floor":16,"turns":10},{"damage":8,"enemies":"2 Thieves","floor":18,"turns":4},{"damage":1,"enemies":"Spheric Guardian","floor":20,"turns":4},{"damage":19,"enemies":"Centurion and Healer","floor":22,"turns":8},{"damage":19,"enemies":"Book of Stabbing","floor":23,"turns":7},{"damage":18,"enemies":"Snake Plant","floor":25,"turns":5},{"damage":1,"enemies":"Shelled Parasite and Fungi","floor":27,"turns":8},{"damage":53,"enemies":"Slavers","floor":28,"turns":10},{"damage":0,"enemies":"Centurion and Healer","floor":31,"turns":8},{"damage":8,"enemies":"Champ","floor":33,"turns":11},{"damage":16,"enemies":"3 Darklings","floor":35,"turns":5},{"damage":0,"enemies":"3 Shapes","floor":36,"turns":6},{"damage":0,"enemies":"Mind Bloom Boss Battle","floor":38,"turns":8},{"damage":14,"enemies":"Reptomancer","floor":40,"turns":9},{"damage":1,"enemies":"Writhing Mass","floor":41,"turns":8},{"damage":5,"enemies":"Jaw Worm Horde","floor":45,"turns":4},{"damage":59,"enemies":"2 Orb Walkers","floor":46,"turns":7},{"damage":0,"enemies":"Spire Growth","floor":47,"turns":6},{"damage":0,"enemies":"Giant Head","floor":48,"turns":8},{"damage":26,"enemies":"Awakened One","floor":50,"turns":12}],"seed_played":"1937072230682056297","potions_obtained":[{"floor":5.0,"key":"Explosive Potion"},{"floor":11.0,"key":"FearPotion"},{"floor":12.0,"key":"DuplicationPotion"},{"floor":16,"key":"EssenceOfDarkness"}],"is_trial":false,"path_per_floor":["M","?","?","$","M","E","R","E","T","R","M","E","M","M","R","B",null,"M","$","M","?","M","E","R","M","T","M","E","?","R","M","R","B",null,"M","M","$","?","?","E","M","?","T","$","M","?","M","E","R","B",null],"character_chosen":"DEFECT","items_purchased":["Ball Lightning","Cold Snap","MealTicket","Coolheaded","Runic Capacitor","Barrage","Oddly Smooth Stone"],"campfire_rested":2,"item_purchase_floors":[4,4,19,19,44,44,44],"current_hp_per_floor":[68,61,61,61,61,42,42,19,19,41,39,30,15,15,37,10,59,51,51,50,50,51,52,52,54,54,73,37,37,37,57,57,69,79,82,82,82,82,82,78,82,82,82,82,82,33,53,73,82,66],"gold":211,"neow_bonus":"ONE_RANDOM_RARE_CARD","is_daily":false,"chose_seed":false,"campfire_upgraded":5,"win_rate":0.0,"timestamp":1614201933,"path_taken":["M","?","?","$","M","E","R","E","T","R","M","E","?","?","R","BOSS","M","$","M","?","M","E","R","?","T","M","E","?","R","M","R","BOSS","M","M","$","?","?","E","M","?","T","$","M","?","?","E","R","BOSS"],"items_purchased_type":["Card","Card","Relic","Card","Relic","Card","Relic"],"build_version":"2020-12-22","purchased_purges":3,"victory":true,"max_hp_per_floor":[75,75,75,75,75,75,75,75,75,75,75,75,75,75,75,75,75,75,75,75,75,75,75,75,75,75,75,82,82,82,82,82,82,82,82,82,82,82,82,82,82,82,82,82,82,82,82,82,82,82],"card_choices":[{"not_picked":["Beam Cell","Stack"],"picked":"Conserve Battery","floor":1.0},{"not_picked":["Hologram","Skim"],"picked":"Rebound","floor":5.0},{"not_picked":["Compile Driver","Darkness"],"picked":"Undo","floor":6.0},{"not_picked":["Self Repair+1","Meteor Strike"],"picked":"Defragment+1","floor":8.0},{"not_picked":["Sunder","Cold Snap","Stack"],"picked":"SKIP","floor":11.0},{"not_picked":["Rip and Tear","Fusion","Stack"],"picked":"SKIP","floor":12.0},{"not_picked":["Compile Driver","Streamline","Gash"],"picked":"SKIP","floor":13.0},{"not_picked":["Rebound","Undo","Fusion"],"picked":"SKIP","floor":14.0},{"not_picked":["All For One","Seek"],"picked":"Echo Form+1","floor":16},{"not_picked":["Aggregate","Stack","Chill+1"],"picked":"SKIP","floor":18},{"not_picked":["Barrage","Compile Driver+1"],"picked":"Self Repair+1","floor":20},{"not_picked":["Stack+1","Sweeping Beam","Undo"],"picked":"SKIP","floor":22},{"not_picked":["Lockon+1","Chill+1","Turbo+1"],"picked":"SKIP","floor":23},{"not_picked":["Lockon+1","Chill+1","Turbo+1"],"picked":"SKIP","floor":23},{"not_picked":["Lockon+1","Chill+1","Turbo+1"],"picked":"SKIP","floor":23},{"not_picked":["Rainbow","Hologram+1","Compile Driver"],"picked":"SKIP","floor":25},{"not_picked":["Hello World+1","Darkness","Stack"],"picked":"SKIP","floor":27},{"not_picked":["Compile Driver","Steam+1","Auto Shields"],"picked":"SKIP","floor":28},{"not_picked":["Chaos","Tempest"],"picked":"Leap+1","floor":31},{"not_picked":["Rainbow","All For One"],"picked":"Buffer+1","floor":33},{"not_picked":["Stack","Cold Snap","Turbo"],"picked":"SKIP","floor":35},{"not_picked":["Double Energy+1","Rebound","Capacitor+1"],"picked":"SKIP","floor":36},{"not_picked":["Static Discharge+1","Cold Snap","Undo+1"],"picked":"SKIP","floor":40},{"not_picked":["Compile Driver","Leap+1"],"picked":"Glacier+1","floor":41},{"not_picked":["Redo+1","Gash"],"picked":"Ball Lightning+1","floor":45},{"not_picked":["Skim","Reinforced Body","Leap+1"],"picked":"SKIP","floor":47},{"not_picked":["Tempest+1","Reprogram","Turbo+1"],"picked":"SKIP","floor":48}],"player_experience":297267,"relics_obtained":[{"floor":6.0,"key":"Frozen Egg 2"},{"floor":8.0,"key":"Anchor"},{"floor":9.0,"key":"InkBottle"},{"floor":12.0,"key":"Bronze Scales"},{"floor":23,"key":"Centennial Puzzle"},{"floor":26,"key":"Potion Belt"},{"floor":28,"key":"Strawberry"},{"floor":38,"key":"Du-Vu Doll"},{"floor":40,"key":"Smiling Mask"},{"floor":43,"key":"The Courier"},{"floor":46,"key":"Peace Pipe"},{"floor":48,"key":"Eternal Feather"}],"event_choices":[{"cards_removed":["Strike_B"],"damage_healed":0.0,"max_hp_gain":0.0,"max_hp_loss":0.0,"gold_gain":0.0,"event_name":"Golden Wing","player_choice":"Card Removal","floor":2.0,"gold_loss":0.0,"damage_taken":7.0},{"damage_healed":0.0,"max_hp_gain":0.0,"max_hp_loss":0.0,"gold_gain":0.0,"cards_transformed":["Strike_B"],"event_name":"Transmorgrifier","player_choice":"Transformed","floor":3.0,"gold_loss":0.0,"damage_taken":0.0,"cards_obtained":["Skim"]},{"cards_removed":["Strike_B"],"damage_healed":0,"gold_gain":0,"player_choice":"Purged","damage_taken":0,"max_hp_gain":0,"max_hp_loss":0,"event_name":"Purifier","floor":21,"gold_loss":0},{"damage_healed":0,"gold_gain":0,"cards_transformed":["Defend_B","Defend_B"],"player_choice":"Became Test Subject","damage_taken":0,"max_hp_gain":0,"max_hp_loss":0,"event_name":"Drug Dealer","floor":29,"gold_loss":0,"cards_obtained":["Stack","Turbo"]},{"damage_healed":0,"gold_gain":0,"player_choice":"Fight","damage_taken":0,"max_hp_gain":0,"max_hp_loss":0,"event_name":"MindBloom","floor":38,"gold_loss":0},{"damage_healed":0,"gold_gain":0,"player_choice":"Memory 1","damage_taken":0,"max_hp_gain":0,"max_hp_loss":0,"event_name":"SensoryStone","floor":39,"gold_loss":0},{"cards_removed":["Stack"],"damage_healed":0,"gold_gain":0,"player_choice":"Removed Skill","damage_taken":0,"max_hp_gain":0,"max_hp_loss":0,"event_name":"Falling","floor":42,"gold_loss":0},{"damage_healed":0,"gold_gain":0,"player_choice":"Fight","damage_taken":0,"max_hp_gain":0,"max_hp_loss":0,"event_name":"Mysterious Sphere","floor":46,"gold_loss":0}],"is_beta":false,"boss_relics":[{"not_picked":["Runic Pyramid","Fusion Hammer"],"picked":"Sozu"},{"not_picked":["Snecko Eye","Astrolabe"],"picked":"Nuclear Battery"}],"items_purged_floors":[19,37,44],"is_endless":false,"potions_floor_spawned":[5,11,12,16,18,23,27,31,36,38,46,47],"ascension_level":10}}