{"host":"y2pjqcsmy9rp2w9n","time":1614208012,"event":{"mods":["BaseMod","Curses Come First","Downfall","Highlight Path","Marisa????????","Minty Spire (QoL Compilation)","StSLib","The Cursed","The Hierophant"],"gold_per_floor":[110,126,138,10,10,40,59,59,84,84,14,29,39,64,64,159,159,169,183,203,33,33,33,47,47,123,151,167,167,54,70,70,171,171,186,186,201,76,76,111,111,111,111,124,124,224,224,224],"floor_reached":47,"language":"ENG","playtime":4580,"items_purged":["Strike_R","Strike_R","Slimebound:Tackle+1"],"score":487,"play_id":"5704a54d-aa14-4fa7-b346-5a2a80841902","local_time":"20210224170652","is_ascension_mode":false,"campfire_choices":[{"floor":8,"key":"REST"},{"floor":15,"key":"REST"},{"floor":23,"key":"REST"},{"floor":29,"key":"REST"},{"data":"Rampage","floor":32,"key":"SMITH"},{"data":"Seeing Red","floor":42,"key":"SMITH"},{"floor":45,"key":"REST"}],"circlet_count":0,"master_deck":["Defend_R+1","Defend_R","Defend_R","Bash+1","Pommel Strike","Armaments+1","True Grit+1","Anger","Shrug It Off","Body Slam","Battle Trance","Reaper","Entrench","Uppercut","Limit Break","Seeing Red+1","Body Slam","Pummel","Cleave","Seeing Red+1","Slimebound:Tackle+1","Slimebound:Tackle+1","Flex","Flex","Metallicize","Rampage+1","Demon Form","Wild Strike+1","Shrug It Off+1","Iron Wave","Warcry+1"],"relics":["Burning Blood","NeowsBlessing","Regal Pillow","War Paint","Ancient Tea Set","SacredBark","Mercury Hourglass","MealTicket","SlaversCollar","Lantern","Question Card"],"acts_visited":["Exordium","TheCity","TheBeyond"],"potions_floor_usage":[7,16,19,24,27,28,33,39,40,44],"damage_taken":[{"damage":0,"enemies":"Small Slimes","floor":1,"turns":1},{"damage":0,"enemies":"2 Louse","floor":2,"turns":1},{"damage":0,"enemies":"Jaw Worm","floor":3,"turns":1},{"damage":17,"enemies":"3 Sentries","floor":6,"turns":8},{"damage":0,"enemies":"Exordium Thugs","floor":7,"turns":6},{"damage":0,"enemies":"Looter","floor":12,"turns":3},{"damage":0,"enemies":"3 Louse","floor":13,"turns":4},{"damage":66,"enemies":"Gremlin Nob","floor":14,"turns":7},{"damage":48,"enemies":"Hexaghost","floor":16,"turns":11},{"damage":17,"enemies":"Shell Parasite","floor":18,"turns":8},{"damage":42,"enemies":"3 Byrds","floor":19,"turns":9},{"damage":17,"enemies":"Snecko","floor":20,"turns":6},{"damage":6,"enemies":"3 Cultists","floor":24,"turns":5},{"damage":45,"enemies":"Slavers","floor":27,"turns":5},{"damage":9,"enemies":"Cultist and Chosen","floor":28,"turns":5},{"damage":24,"enemies":"Centurion and Healer","floor":31,"turns":8},{"damage":126,"enemies":"Automaton","floor":33,"turns":12},{"damage":22,"enemies":"Orb Walker","floor":35,"turns":4},{"damage":24,"enemies":"3 Shapes","floor":37,"turns":4},{"damage":0,"enemies":"3 Darklings","floor":39,"turns":1},{"damage":35,"enemies":"Giant Head","floor":40,"turns":7},{"damage":55,"enemies":"Maw","floor":44,"turns":8},{"damage":87,"enemies":"Transient","floor":47,"turns":5}],"seed_played":"7332811659254894","potions_obtained":[{"floor":3,"key":"SmokeBomb"},{"floor":6,"key":"Fire Potion"},{"floor":14,"key":"FearPotion"},{"floor":18,"key":"Fruit Juice"},{"floor":20,"key":"Explosive Potion"},{"floor":27,"key":"PowerPotion"},{"floor":31,"key":"Regen Potion"},{"floor":37,"key":"BlessingOfTheForge"},{"floor":40,"key":"hexamod:SoulburnPotion"}],"is_trial":false,"path_per_floor":["M","M","M","$","?","E","M","R","T","?","$","M","M","E","R","B",null,"M","M","M","$","?","R","M","?","T","E","M","R","$","M","R","B",null,"M","?","M","$","M","E","?","R","T","M","R","?","M"],"character_chosen":"IRONCLAD","items_purchased":["Anger","Battle Trance","Dexterity Potion","Cleave","Flex","Metallicize"],"campfire_rested":5,"item_purchase_floors":[4,11,21,21,30,30],"current_hp_per_floor":[80,80,80,80,64,53,59,80,80,73,73,79,80,20,59,24,80,69,43,32,32,32,74,74,74,74,35,32,74,89,71,71,15,90,74,74,68,83,89,72,72,72,72,23,65,65,0,0],"gold":224,"neow_bonus":"THREE_ENEMY_KILL","is_daily":false,"chose_seed":false,"campfire_upgraded":2,"win_rate":0.0,"timestamp":1614208012,"path_taken":["M","M","M","$","?","E","M","R","T","?","?","M","M","E","R","BOSS","M","M","M","$","?","R","M","?","T","E","M","R","$","M","R","BOSS","M","?","M","$","M","E","?","R","T","M","R","?","M"],"items_purchased_type":["Card","Card","Potion","Card","Card","Card"],"build_version":"2020-12-22","purchased_purges":3,"victory":false,"max_hp_per_floor":[80,80,80,80,80,80,80,80,80,80,80,80,80,80,80,80,80,80,90,90,90,90,90,90,90,90,90,90,90,90,90,90,90,90,90,90,90,90,90,90,90,90,90,90,90,90,90,90],"card_choices":[{"not_picked":["Flex","Anger"],"picked":"Pommel Strike","floor":1},{"not_picked":["Iron Wave","Uppercut"],"picked":"Armaments","floor":2},{"not_picked":["Clothesline","Sword Boomerang"],"picked":"True Grit","floor":3},{"not_picked":["Warcry","Perfected Strike"],"picked":"Shrug It Off","floor":6},{"not_picked":["Wild Strike","Evolve"],"picked":"Body Slam","floor":7},{"not_picked":["Warcry","Anger"],"picked":"Reaper","floor":12},{"not_picked":["Warcry","Intimidate"],"picked":"Entrench","floor":13},{"not_picked":["Clothesline","Warcry"],"picked":"Uppercut","floor":14},{"not_picked":["Bludgeon","Brutality"],"picked":"Limit Break","floor":16},{"not_picked":["Clash","Clothesline"],"picked":"Seeing Red","floor":18},{"not_picked":["True Grit","Shockwave"],"picked":"Body Slam","floor":19},{"not_picked":["Perfected Strike","Headbutt"],"picked":"Pummel","floor":20},{"not_picked":["Uppercut+1","Iron Wave"],"picked":"Seeing Red+1","floor":24},{"not_picked":["Evolve","Flame Barrier"],"picked":"Ghostly Armor","floor":27},{"not_picked":["Whirlwind","Twin Strike"],"picked":"Flex","floor":28},{"not_picked":["Armaments","Flex"],"picked":"Rampage","floor":31},{"not_picked":["Limit Break","Double Tap"],"picked":"Demon Form","floor":33},{"not_picked":["Warcry","Flex"],"picked":"Wild Strike+1","floor":35},{"not_picked":["Anger","Perfected Strike"],"picked":"Shrug It Off+1","floor":37},{"not_picked":["Entrench","Burning Pact+1"],"picked":"Iron Wave","floor":40},{"not_picked":["Brutality","Wild Strike","Flex+1"],"picked":"Warcry+1","floor":44}],"player_experience":118308,"relics_obtained":[{"floor":6,"key":"Regal Pillow"},{"floor":9,"key":"War Paint"},{"floor":14,"key":"Ancient Tea Set"},{"floor":26,"key":"Mercury Hourglass"},{"floor":27,"key":"MealTicket"},{"floor":40,"key":"Lantern"},{"floor":43,"key":"Question Card"}],"event_choices":[{"damage_healed":0,"gold_gain":0,"player_choice":"Entered Light","damage_taken":16,"max_hp_gain":0,"max_hp_loss":0,"event_name":"Shining Light","floor":5,"gold_loss":0,"cards_upgraded":["Armaments","Bash"]},{"cards_removed":["Defend_R"],"damage_healed":0,"gold_gain":0,"player_choice":"Card Removal","damage_taken":7,"max_hp_gain":0,"max_hp_loss":0,"event_name":"Golden Wing","floor":10,"gold_loss":0},{"cards_removed":["Strike_R"],"damage_healed":0,"gold_gain":0,"player_choice":"Elegance","damage_taken":0,"max_hp_gain":0,"max_hp_loss":0,"event_name":"Back to Basics","floor":22,"gold_loss":0},{"cards_removed":["Ghostly Armor"],"damage_healed":0,"gold_gain":0,"player_choice":"Removed Skill","damage_taken":0,"max_hp_gain":0,"max_hp_loss":0,"event_name":"Falling","floor":36,"gold_loss":0},{"damage_healed":0,"gold_gain":0,"player_choice":"Ignored","damage_taken":0,"max_hp_gain":0,"max_hp_loss":0,"event_name":"Tomb of Lord Red Mask","floor":41,"gold_loss":0},{"damage_healed":0,"gold_gain":100,"player_choice":"Pray","damage_taken":0,"max_hp_gain":0,"max_hp_loss":0,"event_name":"Golden Shrine","floor":46,"gold_loss":0}],"is_beta":false,"boss_relics":[{"not_picked":["Runic Dome","Mark of Pain"],"picked":"SacredBark"},{"not_picked":["Fusion Hammer","Snecko Eye"],"picked":"SlaversCollar"}],"items_purged_floors":[4,21,38],"is_endless":false,"potions_floor_spawned":[3,6,14,18,20,27,31,37,40],"killed_by":"Transient","ascension_level":0}}