{"host":"ibckqdmmf9y74ymf","time":1614209878,"event":{"mods":["2.2 Compatiblity","BaseMod","Colored Map","Curses Come First","Highlight Path","Minty Spire (QoL Compilation)","Quick Restart","Rare Cards Sparkle","Relic Stats","StSLib"],"gold_per_floor":[110,5,20,20,20,47,47,91,91,134,177,187,213,258,258,330,330,377,391,391,439,28,28,53,53,53,53,71,114,144,187,187,187,187],"floor_reached":33,"language":"ENG","playtime":1466,"items_purged":[],"score":752,"play_id":"f2a7fe95-d532-4efd-8104-287b906377b5","local_time":"20210225003758","is_ascension_mode":true,"campfire_choices":[{"data":"Wish","floor":7.0,"key":"SMITH"},{"data":"FlurryOfBlows","floor":15.0,"key":"SMITH"},{"data":"Vault","floor":23.0,"key":"SMITH"},{"data":"TalkToTheHand","floor":25.0,"key":"SMITH"},{"data":"MentalFortress","floor":32,"key":"SMITH"}],"circlet_count":0,"master_deck":["AscendersBane","Strike_P","Strike_P","Defend_P","Defend_P","Defend_P","Eruption","Vigilance","BowlingBash","TalkToTheHand+1","EmptyFist","Protect","Wish+1","Halt","TalkToTheHand","SandsOfTime","FlurryOfBlows+1","Evaluate","EmptyBody","Vault+1","Tantrum","FlyingSleeves","Swivel","Nirvana","JustLucky","MentalFortress+1","SpiritShield","Indignation+1","Meditate"],"relics":["PureWater","NeowsBlessing","Meat on the Bone","Lantern","White Beast Statue","Cursed Key","Bronze Scales","Bag of Marbles","Nunchaku","CloakClasp"],"acts_visited":["Exordium","TheCity"],"potions_floor_usage":[33],"damage_taken":[{"damage":0.0,"enemies":"Cultist","floor":1.0,"turns":1.0},{"damage":0.0,"enemies":"Small Slimes","floor":3.0,"turns":1.0},{"damage":0.0,"enemies":"Gremlin Nob","floor":6.0,"turns":1.0},{"damage":7.0,"enemies":"Jaw Worm","floor":8.0,"turns":5.0},{"damage":0.0,"enemies":"Looter","floor":10.0,"turns":4.0},{"damage":0.0,"enemies":"2 Fungi Beasts","floor":11.0,"turns":2.0},{"damage":0.0,"enemies":"Exordium Wildlife","floor":12.0,"turns":2.0},{"damage":2.0,"enemies":"3 Sentries","floor":13.0,"turns":11.0},{"damage":4.0,"enemies":"Exordium Thugs","floor":14.0,"turns":4.0},{"damage":0.0,"enemies":"Slime Boss","floor":16.0,"turns":5.0},{"damage":8.0,"enemies":"3 Byrds","floor":18.0,"turns":8.0},{"damage":5.0,"enemies":"Shell Parasite","floor":19.0,"turns":5.0},{"damage":0.0,"enemies":"Centurion and Healer","floor":21.0,"turns":7.0},{"damage":11.0,"enemies":"Gremlin Leader","floor":24.0,"turns":7.0},{"damage":4.0,"enemies":"Snake Plant","floor":28.0,"turns":6.0},{"damage":2.0,"enemies":"3 Cultists","floor":29.0,"turns":6.0},{"damage":6.0,"enemies":"Slavers","floor":30.0,"turns":6.0},{"damage":4.0,"enemies":"Centurion and Healer","floor":31.0,"turns":5.0},{"damage":40,"enemies":"Automaton","floor":33,"turns":9}],"seed_played":"-4472245362023817845","potions_obtained":[{"floor":3.0,"key":"Fire Potion"},{"floor":6.0,"key":"Fire Potion"},{"floor":11.0,"key":"SpeedPotion"},{"floor":14.0,"key":"SkillPotion"},{"floor":16.0,"key":"AttackPotion"},{"floor":18.0,"key":"SmokeBomb"},{"floor":19.0,"key":"Block Potion"},{"floor":24.0,"key":"LiquidMemories"},{"floor":28.0,"key":"LiquidMemories"},{"floor":29.0,"key":"SpeedPotion"},{"floor":30.0,"key":"Weak Potion"},{"floor":31.0,"key":"Swift Potion"}],"is_trial":false,"path_per_floor":["M","$","M","$","?","E","R","M","T","M","M","M","E","M","R","B",null,"M","M","?","M","$","R","E","R","T","?","M","M","E","M","R","B"],"character_chosen":"WATCHER","items_purchased":["TalkToTheHand","EmptyFist","Bronze Scales","Bag of Marbles","MentalFortress"],"campfire_rested":0,"item_purchase_floors":[2,2,22,22,22],"current_hp_per_floor":[61,61,61,61,54,54,54,47,47,47,47,47,45,41,41,41,61,53,48,48,48,48,48,37,37,37,37,45,43,37,45,45,5,5],"gold":187,"neow_bonus":"THREE_ENEMY_KILL","is_daily":false,"chose_seed":false,"campfire_upgraded":5,"win_rate":0.0,"timestamp":1614209878,"path_taken":["M","$","M","?","?","E","R","M","T","M","M","M","E","?","R","BOSS","M","M","?","M","$","R","E","R","T","?","M","M","E","M","R","BOSS"],"items_purchased_type":["Card","Card","Relic","Relic","Card"],"build_version":"2020-12-22","purchased_purges":0,"victory":false,"max_hp_per_floor":[68,68,68,68,68,68,68,68,68,68,68,68,68,68,68,68,68,68,68,68,68,68,68,68,68,68,68,68,68,68,68,68,68,68],"relic_stats":{"Nunchaku":[7],"counters":[19,95],"Bronze Scales":[93],"CloakClasp":[39],"Cursed Key":0,"obtain_stats":[{"Lantern":9,"Nunchaku":24,"NeowsBlessing":0,"Bronze Scales":22,"Bag of Marbles":22,"CloakClasp":30,"PureWater":0,"Cursed Key":17,"White Beast Statue":13,"Meat on the Bone":6},{"Lantern":4,"Nunchaku":14,"NeowsBlessing":0,"Bronze Scales":13,"Bag of Marbles":13,"CloakClasp":17,"PureWater":0,"Cursed Key":10,"White Beast Statue":8,"Meat on the Bone":3},{"Lantern":8,"Nunchaku":63,"NeowsBlessing":0,"Bronze Scales":56,"Bag of Marbles":56,"CloakClasp":81,"PureWater":0,"Cursed Key":36,"White Beast Statue":27,"Meat on the Bone":3}],"Meat on the Bone":24},"card_choices":[{"not_picked":["ThirdEye","Crescendo"],"picked":"BowlingBash","floor":1.0},{"not_picked":["Vengeance","Swivel"],"picked":"Protect","floor":3.0},{"not_picked":["Collect","EmptyFist"],"picked":"Wish","floor":6.0},{"not_picked":["SashWhip","Meditate"],"picked":"Halt","floor":8.0},{"not_picked":["Vengeance","EmptyBody"],"picked":"TalkToTheHand","floor":10.0},{"not_picked":["Fasting2","EmptyMind"],"picked":"SandsOfTime","floor":11.0},{"not_picked":["ClearTheMind","SignatureMove"],"picked":"FlurryOfBlows","floor":12.0},{"not_picked":["TalkToTheHand","EmptyFist"],"picked":"Evaluate","floor":13.0},{"not_picked":["WindmillStrike","Brilliance"],"picked":"EmptyBody","floor":14.0},{"not_picked":["LessonLearned","DevaForm"],"picked":"Vault","floor":16.0},{"not_picked":["Crescendo+1","Wireheading"],"picked":"Tantrum","floor":18.0},{"not_picked":["CutThroughFate","Protect"],"picked":"FlyingSleeves","floor":19.0},{"not_picked":["DeceiveReality","FollowUp"],"picked":"JustLucky","floor":21.0},{"not_picked":["Study","ClearTheMind","Protect"],"picked":"SKIP","floor":24.0},{"not_picked":["BowlingBash","EmptyBody"],"picked":"SpiritShield","floor":28.0},{"not_picked":["CrushJoints","FlurryOfBlows"],"picked":"Indignation+1","floor":29.0},{"not_picked":["SashWhip+1","Collect"],"picked":"Meditate","floor":30.0},{"not_picked":["Crescendo","Evaluate","Prostrate"],"picked":"SKIP","floor":31.0}],"player_experience":564353,"relics_obtained":[{"floor":6.0,"key":"Meat on the Bone"},{"floor":9.0,"key":"Lantern"},{"floor":13.0,"key":"White Beast Statue"},{"floor":24.0,"key":"Nunchaku"},{"floor":30.0,"key":"CloakClasp"}],"event_choices":[{"cards_removed":["Strike_P"],"damage_healed":0.0,"max_hp_gain":0.0,"max_hp_loss":0.0,"gold_gain":0.0,"event_name":"Golden Wing","player_choice":"Card Removal","floor":5.0,"gold_loss":0.0,"damage_taken":7.0},{"damage_healed":0.0,"max_hp_gain":0.0,"max_hp_loss":0.0,"gold_gain":0.0,"cards_transformed":["Strike_P","Defend_P"],"event_name":"Drug Dealer","player_choice":"Became Test Subject","floor":20.0,"gold_loss":0.0,"damage_taken":0.0,"cards_obtained":["Swivel","Nirvana"]},{"damage_healed":0.0,"max_hp_gain":0.0,"max_hp_loss":0.0,"gold_gain":0.0,"event_name":"Cursed Tome","player_choice":"Ignored","floor":27.0,"gold_loss":0.0,"damage_taken":0.0}],"is_beta":false,"boss_relics":[{"not_picked":["Astrolabe","VioletLotus"],"picked":"Cursed Key"}],"items_purged_floors":[],"is_endless":false,"potions_floor_spawned":[3,6,8,10,11,14,16,18,19,21,24,28,29,30,31],"killed_by":"Automaton","ascension_level":20}}