{"host":"5tzvto3beate6p8b","time":1614169832,"event":{"mods":["BaseMod","Colored Map","DeckTracker","Minty Spire (QoL Compilation)","Relic Stats","StSLib","SuperFastMode"],"gold_per_floor":[114,264,283,47,47,47,47,58,58,58,58,58,77,97,97,172,172,192,192,192,205,220,220,245,245,271,271,271],"floor_reached":27,"language":"JPN","playtime":1247,"items_purged":["Doubt"],"score":442,"play_id":"607af9dc-b4a5-4a32-a50b-f5e4a201c727","local_time":"20210224213032","is_ascension_mode":true,"campfire_choices":[{"data":"Footwork","floor":6.0,"key":"SMITH"},{"data":"Caltrops","floor":10.0,"key":"SMITH"},{"data":"Night Terror","floor":12.0,"key":"SMITH"},{"data":"Calculated Gamble","floor":15.0,"key":"SMITH"},{"data":"Wraith Form v2","floor":23.0,"key":"SMITH"},{"floor":25.0,"key":"REST"}],"circlet_count":0,"master_deck":["AscendersBane","Strike_G","Strike_G","Defend_G","Defend_G","Defend_G","Defend_G","Defend_G","Survivor","Neutralize+1","Night Terror+1","Footwork+1","Caltrops+1","PiercingWail","Quick Slash","Parasite","Slice","Calculated Gamble+1","Venomology","Wraith Form v2+1","Heel Hook","Distraction","Flechettes","Dagger Throw","Expertise"],"relics":["Ring of the Snake","White Beast Statue","Philosopher\u0027s Stone","Shovel"],"acts_visited":["Exordium","TheCity"],"potions_floor_usage":[27],"damage_taken":[{"damage":0.0,"enemies":"2 Louse","floor":1.0,"turns":2.0},{"damage":34.0,"enemies":"Jaw Worm","floor":3.0,"turns":12.0},{"damage":1.0,"enemies":"Small Slimes","floor":8.0,"turns":5.0},{"damage":2.0,"enemies":"3 Louse","floor":13.0,"turns":6.0},{"damage":7.0,"enemies":"Red Slaver","floor":14.0,"turns":5.0},{"damage":9.0,"enemies":"Hexaghost","floor":16.0,"turns":9.0},{"damage":13.0,"enemies":"Shell Parasite","floor":18.0,"turns":8.0},{"damage":4.0,"enemies":"3 Byrds","floor":21.0,"turns":3.0},{"damage":6.0,"enemies":"Centurion and Healer","floor":22.0,"turns":14.0},{"damage":16.0,"enemies":"Gremlin Leader","floor":24.0,"turns":10.0},{"damage":54,"enemies":"Book of Stabbing","floor":27,"turns":6}],"seed_played":"-9010418822399781249","potions_obtained":[{"floor":8.0,"key":"Weak Potion"},{"floor":13.0,"key":"Dexterity Potion"},{"floor":16.0,"key":"Block Potion"},{"floor":18.0,"key":"DuplicationPotion"},{"floor":21.0,"key":"CunningPotion"},{"floor":22.0,"key":"Regen Potion"},{"floor":24.0,"key":"SpeedPotion"}],"is_trial":false,"path_per_floor":["M","?","M","$","?","R","?","M","T","R","?","R","M","M","R","B",null,"M","?","?","M","M","R","E","R","T","E"],"character_chosen":"THE_SILENT","items_purchased":["Caltrops","PiercingWail","Quick Slash"],"campfire_rested":1,"item_purchase_floors":[4,4,4],"current_hp_per_floor":[59,59,25,25,18,18,34,33,33,33,33,33,31,24,24,15,53,40,40,40,36,30,30,29,48,48,0,0],"gold":271,"neow_bonus":"ONE_RANDOM_RARE_CARD","is_daily":false,"chose_seed":false,"campfire_upgraded":5,"win_rate":0.0,"timestamp":1614169832,"path_taken":["M","?","M","$","?","R","?","M","T","R","?","R","?","M","R","BOSS","M","?","?","M","M","R","E","R","T","E"],"items_purchased_type":["Card","Card","Card"],"build_version":"2020-12-22","purchased_purges":1,"victory":false,"max_hp_per_floor":[66,66,66,66,66,66,66,66,66,66,66,66,66,66,66,66,66,66,66,66,66,66,66,66,66,66,66,66],"relic_stats":{"Shovel":0,"counters":[11,80],"obtain_stats":[{"Shovel":24,"Philosopher\u0027s Stone":17,"White Beast Statue":9,"Ring of the Snake":0},{"Shovel":10,"Philosopher\u0027s Stone":6,"White Beast Statue":3,"Ring of the Snake":0},{"Shovel":74,"Philosopher\u0027s Stone":39,"White Beast Statue":19,"Ring of the Snake":0}],"Ring of the Snake":[22]},"card_choices":[{"not_picked":["Dagger Spray","Dagger Throw"],"picked":"Footwork","floor":1.0},{"not_picked":["Outmaneuver","Flechettes","Choke"],"picked":"SKIP","floor":3.0},{"not_picked":["Prepared","Outmaneuver"],"picked":"Slice","floor":8.0},{"not_picked":["Endless Agony","Underhanded Strike"],"picked":"Calculated Gamble","floor":13.0},{"not_picked":["Crippling Poison","Distraction"],"picked":"Venomology","floor":14.0},{"not_picked":["Adrenaline","Bullet Time"],"picked":"Wraith Form v2","floor":16.0},{"not_picked":["Dagger Throw","Blur"],"picked":"Heel Hook","floor":18.0},{"not_picked":["Cloak And Dagger","Quick Slash"],"picked":"Dagger Throw","floor":21.0},{"not_picked":["Outmaneuver","Calculated Gamble"],"picked":"Expertise","floor":22.0},{"not_picked":["Bane","Deflect","Storm of Steel"],"picked":"SKIP","floor":24.0}],"player_experience":862657,"relics_obtained":[{"floor":9.0,"key":"White Beast Statue"},{"floor":24.0,"key":"Shovel"}],"event_choices":[{"damage_healed":0.0,"max_hp_gain":0.0,"max_hp_loss":0.0,"gold_gain":150.0,"event_name":"Liars Game","player_choice":"AGREE","floor":2.0,"gold_loss":0.0,"damage_taken":0.0,"cards_obtained":["Doubt"]},{"cards_removed":["Strike_G"],"damage_healed":0.0,"max_hp_gain":0.0,"max_hp_loss":0.0,"gold_gain":0.0,"event_name":"Golden Wing","player_choice":"Card Removal","floor":5.0,"gold_loss":0.0,"damage_taken":7.0},{"damage_healed":16.0,"max_hp_gain":0.0,"max_hp_loss":0.0,"gold_gain":0.0,"event_name":"Mushrooms","player_choice":"Healed and dodged fight","floor":7.0,"gold_loss":0.0,"damage_taken":0.0,"cards_obtained":["Parasite"]},{"damage_healed":0.0,"max_hp_gain":0.0,"max_hp_loss":0.0,"gold_gain":0.0,"event_name":"Upgrade Shrine","player_choice":"Upgraded","floor":11.0,"gold_loss":0.0,"damage_taken":0.0,"cards_upgraded":["Neutralize"]},{"damage_healed":0.0,"max_hp_gain":0.0,"max_hp_loss":0.0,"gold_gain":0.0,"event_name":"Cursed Tome","player_choice":"Ignored","floor":19.0,"gold_loss":0.0,"damage_taken":0.0},{"damage_healed":0.0,"max_hp_gain":0.0,"max_hp_loss":0.0,"gold_gain":0.0,"cards_transformed":["Strike_G","Strike_G"],"event_name":"Drug Dealer","player_choice":"Became Test Subject","floor":20.0,"gold_loss":0.0,"damage_taken":0.0,"cards_obtained":["Distraction","Flechettes"]}],"is_beta":false,"boss_relics":[{"not_picked":["Velvet Choker","Black Star"],"picked":"Philosopher\u0027s Stone"}],"items_purged_floors":[4],"is_endless":false,"potions_floor_spawned":[8,13,14,16,18,21,22,24],"killed_by":"Book of Stabbing","ascension_level":20}}