{"host":"8vqkh0x3c7vpgzzm","time":1614197207,"event":{"mods":["AchievementEnabler","BaseMod","Colored Map","Colored Powertips","Curses Come First","DeckTracker","Highlight Path","Minty Spire (QoL Compilation)","Permanent Neow","Quick Restart","Random Character Mod","Rare Cards Sparkle","Relic Sorter","Relic Stats","StSLib","SuperFastMode","Unceasing Turn Reminder","egg","everything is the same but u backflip on backflip"],"gold_per_floor":[116,191,208,40,40,75,90,90,90,90,123,123,88,157,157,251,251,276,276,300,325,345,345,20,20,20,45,45,65,65,83,83,172,172,190,208,53,0,60,60,95,110,110,134,134,134,34,34,34,34],"floor_reached":51,"language":"ENG","playtime":1816,"items_purged":["Decay"],"score":1189,"play_id":"3a0dd168-0b0f-42e7-b079-c9ff8a9bf276","local_time":"20210224210647","is_ascension_mode":true,"campfire_choices":[{"floor":12,"key":"REST"},{"data":"Zap","floor":15,"key":"SMITH"},{"data":"Coolheaded","floor":23,"key":"SMITH"},{"floor":28,"key":"REST"},{"floor":30,"key":"REST"},{"data":"Fission","floor":32,"key":"SMITH"},{"data":"Amplify","floor":40,"key":"SMITH"},{"data":"Rainbow","floor":46,"key":"SMITH"},{"data":"Skim","floor":49,"key":"SMITH"}],"circlet_count":0,"master_deck":["AscendersBane","Zap+1","Dualcast","Coolheaded","Auto Shields","Double Energy","Storm+1","Electrodynamics","Heatsinks","Sunder","Biased Cognition","Skim+1","Leap","Biased Cognition","FTL","Steam+1","Turbo","Core Surge","Coolheaded+1","Coolheaded+1","Hologram","Electrodynamics","Fission+1","Core Surge","Amplify+1","Rainbow+1","Mayhem","Chill","Turbo+1","Capacitor","Capacitor"],"relics":["Pandora\u0027s Box","DollysMirror","Kunai","White Beast Statue","Golden Idol","Ornamental Fan","Pantograph","Sozu","Art of War","FaceOfCleric","The Courier","Cursed Key","Red Mask","Incense Burner","Du-Vu Doll"],"acts_visited":["Exordium","TheCity","TheBeyond"],"potions_floor_usage":[11,33],"damage_taken":[{"damage":0,"enemies":"Small Slimes","floor":1,"turns":3},{"damage":0,"enemies":"Cultist","floor":3,"turns":3},{"damage":16,"enemies":"Lagavulin","floor":6,"turns":6},{"damage":4,"enemies":"2 Louse","floor":7,"turns":2},{"damage":10,"enemies":"3 Sentries","floor":11,"turns":3},{"damage":2,"enemies":"Slime Boss","floor":16,"turns":5},{"damage":7,"enemies":"Spheric Guardian","floor":18,"turns":4},{"damage":1,"enemies":"3 Byrds","floor":20,"turns":2},{"damage":13,"enemies":"Shelled Parasite and Fungi","floor":21,"turns":3},{"damage":13,"enemies":"Sentry and Sphere","floor":22,"turns":4},{"damage":15,"enemies":"Snake Plant","floor":27,"turns":3},{"damage":12,"enemies":"Cultist and Chosen","floor":29,"turns":3},{"damage":9,"enemies":"Shelled Parasite and Fungi","floor":31,"turns":4},{"damage":17,"enemies":"Automaton","floor":33,"turns":8},{"damage":8,"enemies":"3 Darklings","floor":35,"turns":2},{"damage":2,"enemies":"Orb Walker","floor":36,"turns":3},{"damage":8,"enemies":"2 Orb Walkers","floor":39,"turns":3},{"damage":4,"enemies":"Nemesis","floor":41,"turns":3},{"damage":0,"enemies":"3 Darklings","floor":42,"turns":2},{"damage":0,"enemies":"Writhing Mass","floor":44,"turns":3},{"damage":26,"enemies":"Time Eater","floor":50,"turns":9}],"seed_played":"-5645643769609594607","potions_obtained":[{"floor":1,"key":"DistilledChaos"},{"floor":7,"key":"SkillPotion"},{"floor":11,"key":"Swift Potion"}],"is_trial":false,"path_per_floor":["M","?","M","$","?","E","M","?","T","?","E","R","?","T","R","B",null,"M","?","M","M","M","R","$","?","T","M","R","M","R","M","R","B",null,"M","M","$","?","?","R","E","M","T","M","$","R","$","T","R","B",null],"character_chosen":"DEFECT","items_purchased":["DollysMirror","Fission","Art of War","Mayhem","Capacitor","Capacitor"],"campfire_rested":3,"item_purchase_floors":[4,24,24,37,47,47],"current_hp_per_floor":[64,53,53,53,53,37,33,12,12,12,2,21,37,37,37,60,63,56,56,55,42,29,29,29,29,29,15,34,23,42,34,34,43,62,55,54,54,54,47,47,44,45,45,46,46,46,46,46,46,46],"gold":34,"neow_bonus":"BOSS_RELIC","is_daily":false,"chose_seed":false,"campfire_upgraded":6,"win_rate":0.0,"timestamp":1614197207,"path_taken":["M","?","M","$","?","E","?","?","T","?","E","R","?","?","R","BOSS","M","?","M","M","M","R","$","?","T","M","R","M","R","?","R","BOSS","M","?","$","?","?","R","E","M","T","M","$","R","$","?","R","BOSS"],"items_purchased_type":["Relic","Card","Relic","Card","Card","Card"],"build_version":"2020-12-22","purchased_purges":1,"victory":true,"max_hp_per_floor":[71,71,71,71,71,71,71,71,71,64,64,64,64,64,64,64,64,64,64,64,64,64,64,64,64,64,65,65,66,66,67,67,68,68,69,70,70,70,71,71,72,73,73,74,74,74,74,74,74,75],"relic_stats":{"Sozu":10,"FaceOfCleric":11,"counters":[21,78],"Golden Idol":130,"Ornamental Fan":[12],"Pantograph":75,"Pandora\u0027s Box":["Coolheaded","Auto Shields","Double Energy","Storm","Electrodynamics","Heatsinks","Sunder","Biased Cognition"],"Art of War":[7],"Kunai":[3],"Cursed Key":0,"obtain_stats":[{"Golden Idol":10,"The Courier":26,"Incense Burner":39,"Cursed Key":34,"White Beast Statue":9,"Sozu":17,"Du-Vu Doll":41,"FaceOfCleric":25,"DollysMirror":4,"Ornamental Fan":11,"Pantograph":14,"Pandora\u0027s Box":0,"Art of War":24,"Red Mask":38,"Kunai":6,"Cracked Core":0},{"Golden Idol":4,"The Courier":10,"Incense Burner":17,"Cursed Key":14,"White Beast Statue":4,"Sozu":6,"Du-Vu Doll":18,"FaceOfCleric":10,"DollysMirror":2,"Ornamental Fan":5,"Pantograph":5,"Pandora\u0027s Box":0,"Art of War":10,"Red Mask":16,"Kunai":3,"Cracked Core":0},{"Golden Idol":14,"The Courier":35,"Incense Burner":61,"Cursed Key":53,"White Beast Statue":14,"Sozu":22,"Du-Vu Doll":64,"FaceOfCleric":35,"DollysMirror":6,"Ornamental Fan":17,"Pantograph":17,"Pandora\u0027s Box":0,"Art of War":35,"Red Mask":58,"Kunai":12,"Cracked Core":0}]},"card_choices":[{"not_picked":["Self Repair","White Noise"],"picked":"Skim","floor":1},{"not_picked":["Redo","Sunder"],"picked":"Leap","floor":3},{"not_picked":["Barrage","Fission"],"picked":"FTL","floor":6},{"not_picked":["Double Energy","Barrage"],"picked":"Steam","floor":7},{"not_picked":["Fusion","Redo"],"picked":"Turbo","floor":11},{"not_picked":["Electrodynamics","Biased Cognition"],"picked":"Core Surge","floor":16},{"not_picked":["Sweeping Beam","Chaos"],"picked":"Coolheaded","floor":18},{"not_picked":["Conserve Battery","Capacitor"],"picked":"Coolheaded+1","floor":20},{"not_picked":["Steam","Double Energy"],"picked":"Hologram","floor":21},{"not_picked":["Ball Lightning","Double Energy"],"picked":"Electrodynamics","floor":22},{"not_picked":["Redo","Streamline","Cold Snap"],"picked":"SKIP","floor":27},{"not_picked":["Gash","Beam Cell","Rip and Tear"],"picked":"SKIP","floor":29},{"not_picked":["Compile Driver","Melter"],"picked":"Core Surge","floor":31},{"not_picked":["Machine Learning","Electrodynamics"],"picked":"Amplify","floor":33},{"not_picked":["Leap","Darkness","Redo"],"picked":"SKIP","floor":35},{"not_picked":["Cold Snap","Compile Driver"],"picked":"Rainbow","floor":36},{"not_picked":["Gash+1","Rebound"],"picked":"Chill","floor":39},{"not_picked":["Sweeping Beam+1","Go for the Eyes","Compile Driver"],"picked":"SKIP","floor":41},{"not_picked":["Sweeping Beam+1","Go for the Eyes","Compile Driver"],"picked":"SKIP","floor":41},{"not_picked":["Beam Cell","Lockon","Coolheaded"],"picked":"SKIP","floor":42},{"not_picked":["Coolheaded","Turbo+1","BootSequence"],"picked":"SKIP","floor":44},{"not_picked":["Coolheaded","BootSequence"],"picked":"Turbo+1","floor":44}],"player_experience":649514,"relics_obtained":[{"floor":6,"key":"Kunai"},{"floor":9,"key":"White Beast Statue"},{"floor":11,"key":"Ornamental Fan"},{"floor":14,"key":"Pantograph"},{"floor":26,"key":"The Courier"},{"floor":39,"key":"Incense Burner"},{"floor":41,"key":"Du-Vu Doll"}],"event_choices":[{"damage_healed":0,"gold_gain":75,"player_choice":"Gather Gold","damage_taken":11,"max_hp_gain":0,"max_hp_loss":0,"event_name":"World of Goop","floor":2,"gold_loss":0},{"damage_healed":0,"gold_gain":0,"player_choice":"Cursed","damage_taken":0,"max_hp_gain":0,"max_hp_loss":0,"event_name":"Wheel of Change","floor":5,"gold_loss":0,"cards_obtained":["Decay"]},{"damage_healed":0,"gold_gain":0,"player_choice":"Entered Light","damage_taken":21,"max_hp_gain":0,"max_hp_loss":0,"event_name":"Shining Light","floor":8,"gold_loss":0,"cards_upgraded":["Steam","Storm"]},{"damage_healed":0,"gold_gain":0,"player_choice":"Lose Max HP","damage_taken":0,"relics_obtained":["Golden Idol"],"max_hp_gain":0,"max_hp_loss":7,"event_name":"Golden Idol","floor":10,"gold_loss":0},{"damage_healed":16,"gold_gain":0,"player_choice":"Healed","damage_taken":0,"max_hp_gain":0,"max_hp_loss":0,"event_name":"The Cleric","floor":13,"gold_loss":35},{"damage_healed":0,"gold_gain":0,"player_choice":"Ignored","damage_taken":0,"max_hp_gain":0,"max_hp_loss":0,"event_name":"The Mausoleum","floor":19,"gold_loss":0},{"damage_healed":0,"gold_gain":0,"player_choice":"Trade","damage_taken":0,"relics_obtained":["FaceOfCleric"],"max_hp_gain":0,"max_hp_loss":0,"event_name":"FaceTrader","floor":25,"gold_loss":0},{"damage_healed":0,"gold_gain":0,"player_choice":"Paid","damage_taken":0,"relics_obtained":["Red Mask"],"max_hp_gain":0,"max_hp_loss":0,"event_name":"Tomb of Lord Red Mask","floor":38,"gold_loss":53},{"damage_healed":0,"gold_gain":0,"player_choice":"Fight","damage_taken":0,"max_hp_gain":0,"max_hp_loss":0,"event_name":"Mysterious Sphere","floor":39,"gold_loss":0}],"is_beta":false,"boss_relics":[{"not_picked":["Philosopher\u0027s Stone","Runic Pyramid"],"picked":"Sozu"},{"not_picked":["Coffee Dripper","SlaversCollar"],"picked":"Cursed Key"}],"items_purged_floors":[24],"is_endless":false,"potions_floor_spawned":[1,7,11,16,18,20,21,22,27,29,31,33,35,36,39,41,42,44],"ascension_level":16}}