{"host":"mnpd8gh7cwxsn5kh","time":1614190218,"event":{"mods":["BaseMod","Bestiary","Block Reminder","Colored Map","Colored Powertips","Highlight Path","Minty Spire (QoL Compilation)","Relic Sorter","Relic Stats"],"gold_per_floor":[114,114,214,229,229,259,274,304,379,379,404,419,419,434,434,534,534,549,474,489,489,489,519,534,564,614,89,104,104,134,149,149,249,249,264,264,264,294,309,339,374,404,491,503,565,607,634,661,673,685],"floor_reached":51,"language":"ENG","playtime":3094,"items_purged":["Strike_R"],"score":960,"play_id":"afdc668d-31c5-490b-a09b-6ed61a679d19","local_time":"20210224191018","daily_mods":["Heirloom","Colorless Cards","DeadlyEvents"],"is_ascension_mode":false,"campfire_choices":[{"floor":10,"key":"REST"},{"data":"Flash of Steel","floor":13,"key":"SMITH"},{"data":"Bash","floor":15,"key":"SMITH"},{"data":"True Grit","floor":29,"key":"SMITH"},{"data":"Demon Form","floor":32,"key":"SMITH"},{"data":"Pommel Strike","floor":44,"key":"SMITH"},{"data":"Pommel Strike","floor":49,"key":"SMITH"}],"circlet_count":0,"master_deck":["Strike_R+1","Strike_R","Defend_R","Defend_R","Defend_R","Defend_R","Bash+1","Cleave+1","Flash of Steel+1","Cleave","Demon Form+1","Pommel Strike+1","Shrug It Off","Metamorphosis","Warcry+1","True Grit+1","Sword Boomerang+1","Thinking Ahead+1","True Grit+1","Pommel Strike+1","Ghostly Armor+1","Shrug It Off+1"],"relics":["Burning Blood","Magic Flower","Gremlin Horn","Sundial","Bottled Flame","Centennial Puzzle","Black Star","MutagenicStrength","Toy Ornithopter","Ice Cream","Whetstone","Red Skull","Mummified Hand","Tiny Chest","Lee\u0027s Waffle","Bag of Marbles","Oddly Smooth Stone","Potion Belt","Happy Flower","Coffee Dripper","Blue Candle","Gambling Chip","Frozen Egg 2","Singing Bowl","MawBank","Strawberry","Bottled Lightning","War Paint","Boot","Bag of Preparation"],"acts_visited":["Exordium","TheCity","TheBeyond"],"potions_floor_usage":[16,20,25,30,40,46,50,50],"damage_taken":[{"damage":6,"enemies":"Cultist","floor":1,"turns":3},{"damage":3,"enemies":"Jaw Worm","floor":4,"turns":4},{"damage":52,"enemies":"Lagavulin","floor":6,"turns":7},{"damage":0,"enemies":"2 Louse","floor":7,"turns":1},{"damage":36,"enemies":"Gremlin Nob","floor":8,"turns":5},{"damage":10,"enemies":"Blue Slaver","floor":12,"turns":2},{"damage":9,"enemies":"3 Louse","floor":14,"turns":3},{"damage":17,"enemies":"The Guardian","floor":16,"turns":12},{"damage":21,"enemies":"Spheric Guardian","floor":18,"turns":4},{"damage":23,"enemies":"2 Thieves","floor":20,"turns":4},{"damage":23,"enemies":"Book of Stabbing","floor":23,"turns":4},{"damage":17,"enemies":"Snecko","floor":24,"turns":4},{"damage":17,"enemies":"Slavers","floor":25,"turns":4},{"damage":12,"enemies":"Centurion and Healer","floor":28,"turns":2},{"damage":21,"enemies":"Book of Stabbing","floor":30,"turns":4},{"damage":10,"enemies":"Snake Plant","floor":31,"turns":3},{"damage":34,"enemies":"Automaton","floor":33,"turns":5},{"damage":10,"enemies":"3 Shapes","floor":35,"turns":3},{"damage":58,"enemies":"Giant Head","floor":38,"turns":8},{"damage":0,"enemies":"3 Darklings","floor":39,"turns":2},{"damage":0,"enemies":"Reptomancer","floor":40,"turns":3},{"damage":0,"enemies":"Maw","floor":41,"turns":4},{"damage":10,"enemies":"Giant Head","floor":42,"turns":6},{"damage":18,"enemies":"Reptomancer","floor":46,"turns":3},{"damage":0,"enemies":"Jaw Worm Horde","floor":47,"turns":1},{"damage":0,"enemies":"4 Shapes","floor":48,"turns":1},{"damage":35,"enemies":"Time Eater","floor":50,"turns":10}],"seed_played":"1986488565424594500","potions_obtained":[{"floor":7,"key":"BloodPotion"},{"floor":8,"key":"Block Potion"},{"floor":14,"key":"EssenceOfSteel"},{"floor":18,"key":"DistilledChaos"},{"floor":28,"key":"AttackPotion"},{"floor":31,"key":"SmokeBomb"},{"floor":33,"key":"DistilledChaos"},{"floor":38,"key":"Swift Potion"},{"floor":42,"key":"LiquidBronze"},{"floor":46,"key":"Energy Potion"},{"floor":47,"key":"SpeedPotion"},{"floor":48,"key":"Ancient Potion"}],"is_trial":false,"path_per_floor":["M","$","?","M","?","E","M","E","T","R","T","M","R","M","R","B",null,"M","?","M","?","T","E","M","E","T","$","M","R","E","M","R","B",null,"M","?","?","E","M","E","M","E","T","R","T","E","M","M","R","B",null],"character_chosen":"IRONCLAD","items_purchased":["Lee\u0027s Waffle","Bag of Marbles","Oddly Smooth Stone"],"campfire_rested":1,"item_purchase_floors":[27,27,27],"current_hp_per_floor":[80,80,80,80,80,37,46,19,19,43,43,42,42,42,42,34,80,68,68,54,54,54,40,32,32,32,87,84,84,80,79,79,54,87,86,83,83,34,43,62,71,79,79,79,79,80,91,100,100,82],"gold":697,"neow_bonus":"","is_daily":true,"chose_seed":false,"campfire_upgraded":6,"win_rate":0.0,"timestamp":1614190218,"path_taken":["M","?","?","?","?","E","?","?","T","R","?","?","R","M","R","BOSS","M","?","M","?","?","E","M","?","T","$","M","R","E","M","R","BOSS","M","?","?","?","M","E","M","E","T","R","?","E","?","M","R","BOSS"],"items_purchased_type":["Relic","Relic","Relic"],"build_version":"2020-12-22","purchased_purges":1,"victory":true,"max_hp_per_floor":[80,80,80,80,80,80,80,80,80,80,80,80,80,80,80,80,80,80,80,80,80,80,80,80,80,80,87,87,87,87,87,87,87,87,87,83,83,83,83,85,85,94,94,94,94,96,98,100,100,100],"relic_stats":{"Lee\u0027s Waffle":55,"Gremlin Horn":[24,24],"Happy Flower":[16],"Singing Bowl":10,"counters":[27,112],"Blue Candle":[0],"Magic Flower":[88],"Bag of Preparation":[6],"Whetstone":["Cleave","Strike_R"],"War Paint":["Shrug It Off","Thinking Ahead"],"MawBank":108,"Boot":[0],"Burning Blood":232,"Centennial Puzzle":[51],"Sundial":[18],"Mummified Hand":[7],"Gambling Chip":[22],"Tiny Chest":1,"Black Star":7,"obtain_stats":[{"Ice Cream":23,"Gremlin Horn":6,"Singing Bowl":40,"Magic Flower":0,"Bag of Preparation":46,"Whetstone":23,"Boot":46,"Burning Blood":0,"Centennial Puzzle":11,"Sundial":8,"Mummified Hand":25,"Gambling Chip":38,"Strawberry":42,"Tiny Chest":26,"Red Skull":25,"Potion Belt":30,"Lee\u0027s Waffle":27,"Happy Flower":30,"Blue Candle":38,"Oddly Smooth Stone":27,"Frozen Egg 2":40,"War Paint":45,"MawBank":42,"Bottled Flame":9,"MutagenicStrength":21,"Black Star":17,"Bag of Marbles":27,"Coffee Dripper":34,"Bottled Lightning":43,"Toy Ornithopter":22},{"Ice Cream":11,"Gremlin Horn":3,"Singing Bowl":21,"Magic Flower":0,"Bag of Preparation":24,"Whetstone":11,"Boot":24,"Burning Blood":0,"Centennial Puzzle":5,"Sundial":5,"Mummified Hand":13,"Gambling Chip":19,"Strawberry":23,"Tiny Chest":13,"Red Skull":13,"Potion Belt":15,"Lee\u0027s Waffle":13,"Happy Flower":15,"Blue Candle":19,"Oddly Smooth Stone":13,"Frozen Egg 2":21,"War Paint":23,"MawBank":23,"Bottled Flame":5,"MutagenicStrength":10,"Black Star":8,"Bag of Marbles":13,"Coffee Dripper":17,"Bottled Lightning":23,"Toy Ornithopter":10},{"Ice Cream":49,"Gremlin Horn":14,"Singing Bowl":87,"Magic Flower":0,"Bag of Preparation":100,"Whetstone":49,"Boot":100,"Burning Blood":0,"Centennial Puzzle":20,"Sundial":20,"Mummified Hand":57,"Gambling Chip":82,"Strawberry":97,"Tiny Chest":57,"Red Skull":57,"Potion Belt":63,"Lee\u0027s Waffle":57,"Happy Flower":63,"Blue Candle":82,"Oddly Smooth Stone":57,"Frozen Egg 2":87,"War Paint":97,"MawBank":97,"Bottled Flame":20,"MutagenicStrength":45,"Black Star":37,"Bag of Marbles":57,"Coffee Dripper":71,"Bottled Lightning":97,"Toy Ornithopter":45}],"Toy Ornithopter":40},"card_choices":[{"not_picked":["Flex","Body Slam"],"picked":"Cleave","floor":1},{"not_picked":["Inflame","Second Wind"],"picked":"Flash of Steel","floor":4},{"not_picked":["Anger","Warcry","Flex"],"picked":"SKIP","floor":6},{"not_picked":["Dark Embrace","Heavy Blade"],"picked":"Cleave","floor":7},{"not_picked":["Forethought","Feel No Pain"],"picked":"Demon Form","floor":8},{"not_picked":["Thunderclap","Spot Weakness"],"picked":"Pommel Strike","floor":12},{"not_picked":["Sword Boomerang","Havoc"],"picked":"Shrug It Off","floor":14},{"not_picked":["Chrysalis","Limit Break"],"picked":"Metamorphosis","floor":16},{"not_picked":["Pommel Strike","Feel No Pain"],"picked":"Warcry+1","floor":18},{"not_picked":["Evolve","Iron Wave","Heavy Blade"],"picked":"SKIP","floor":20},{"not_picked":["Perfected Strike","Deep Breath","Enlightenment"],"picked":"SKIP","floor":23},{"not_picked":["Perfected Strike","Deep Breath","Enlightenment"],"picked":"SKIP","floor":23},{"not_picked":["Whirlwind","Perfected Strike","Sword Boomerang"],"picked":"SKIP","floor":24},{"not_picked":["Entrench","Searing Blow","Pommel Strike"],"picked":"SKIP","floor":25},{"not_picked":["Sword Boomerang","Wild Strike"],"picked":"True Grit","floor":28},{"not_picked":["Wild Strike","Blood for Blood","Flex"],"picked":"SKIP","floor":30},{"not_picked":["True Grit","Perfected Strike+1"],"picked":"Sword Boomerang+1","floor":31},{"not_picked":["Apotheosis","The Bomb"],"picked":"Thinking Ahead","floor":33},{"not_picked":["Wild Strike+1","Anger+1"],"picked":"True Grit+1","floor":35},{"not_picked":["Bandage Up+1","Perfected Strike"],"picked":"Pommel Strike","floor":38},{"not_picked":["Pommel Strike+1","Mind Blast"],"picked":"Ghostly Armor+1","floor":39},{"not_picked":["Metallicize+1","Sword Boomerang+1","Good Instincts"],"picked":"Singing Bowl","floor":40},{"not_picked":["Cleave","Havoc"],"picked":"Shrug It Off","floor":41},{"not_picked":["Wild Strike+1","Headbutt","Havoc"],"picked":"Singing Bowl","floor":42},{"not_picked":["Pummel","Power Through+1","True Grit"],"picked":"Singing Bowl","floor":46},{"not_picked":["Panacea+1","Thunderclap+1","Armaments"],"picked":"Singing Bowl","floor":47},{"not_picked":["Intimidate","Juggernaut+1","Mind Blast"],"picked":"Singing Bowl","floor":48}],"player_experience":703971,"relics_obtained":[{"floor":6,"key":"Gremlin Horn"},{"floor":8,"key":"Sundial"},{"floor":9,"key":"Bottled Flame"},{"floor":11,"key":"Centennial Puzzle"},{"floor":22,"key":"Toy Ornithopter"},{"floor":23,"key":"Ice Cream"},{"floor":23,"key":"Whetstone"},{"floor":25,"key":"Red Skull"},{"floor":25,"key":"Mummified Hand"},{"floor":26,"key":"Tiny Chest"},{"floor":30,"key":"Potion Belt"},{"floor":30,"key":"Happy Flower"},{"floor":38,"key":"Blue Candle"},{"floor":38,"key":"Gambling Chip"},{"floor":40,"key":"Frozen Egg 2"},{"floor":40,"key":"Singing Bowl"},{"floor":42,"key":"MawBank"},{"floor":42,"key":"Strawberry"},{"floor":43,"key":"Bottled Lightning"},{"floor":45,"key":"War Paint"},{"floor":46,"key":"Boot"},{"floor":46,"key":"Bag of Preparation"}],"event_choices":[{"damage_healed":0,"gold_gain":100,"player_choice":"Pray","damage_taken":0,"max_hp_gain":0,"max_hp_loss":0,"event_name":"Golden Shrine","floor":3,"gold_loss":0},{"damage_healed":0,"gold_gain":0,"cards_transformed":["Strike_R"],"player_choice":"Change","damage_taken":0,"max_hp_gain":0,"max_hp_loss":0,"event_name":"Living Wall","floor":5,"gold_loss":0,"cards_obtained":["Bloodletting"]},{"cards_removed":["Strike_R"],"damage_healed":0,"gold_gain":0,"player_choice":"Gave Gold","damage_taken":0,"max_hp_gain":0,"max_hp_loss":0,"event_name":"Beggar","floor":19,"gold_loss":75},{"damage_healed":0,"gold_gain":0,"player_choice":"Inject Mutagens","damage_taken":0,"relics_obtained":["MutagenicStrength"],"max_hp_gain":0,"max_hp_loss":0,"event_name":"Drug Dealer","floor":21,"gold_loss":0},{"damage_healed":0,"gold_gain":0,"player_choice":"Max HP","damage_taken":0,"max_hp_gain":0,"max_hp_loss":4,"event_name":"Winding Halls","floor":36,"gold_loss":0},{"cards_removed":["Bloodletting"],"damage_healed":0,"gold_gain":0,"player_choice":"Offered Uncommon","damage_taken":0,"max_hp_gain":0,"max_hp_loss":0,"event_name":"Bonfire Elementals","floor":37,"gold_loss":0}],"is_beta":false,"boss_relics":[{"not_picked":["SlaversCollar","Tiny House"],"picked":"Black Star"},{"not_picked":["Runic Pyramid","Runic Cube"],"picked":"Coffee Dripper"}],"items_purged_floors":[27],"is_endless":false,"potions_floor_spawned":[7,8,14,18,28,31,33,38,42,46,47,48],"ascension_level":0}}