{"host":"IMPacifista","time":1614141330,"event":{"mods":["BaseMod","Minty Spire (QoL Compilation)"],"gold_per_floor":[111,111,125,203,216,241,241,260,308,308,308,341,303,315,327,464,476,512,524,292,316,316,316,360,381,405,405,450,500,500,513,513,513,513],"floor_reached":33,"language":"ENG","playtime":2754,"items_purged":[],"score":458,"play_id":"e9534a5e-0da9-4386-8a30-3514702f7ef4","local_time":"20210223203530","is_ascension_mode":true,"campfire_choices":[{"floor":7,"key":"REST"},{"floor":11,"key":"REST"},{"data":"Shockwave","floor":15,"key":"SMITH"},{"floor":23,"key":"REST"},{"floor":27,"key":"REST"},{"floor":30,"key":"REST"},{"floor":32,"key":"REST"}],"circlet_count":0,"master_deck":["Strike_R","Strike_R","Strike_R","Strike_R+1","Strike_R","Defend_R","Defend_R","Defend_R","Defend_R","Bash","Immolate+1","Thunderclap","Disarm","Cleave","Shockwave+1","Uppercut","Uppercut","Reaper","Spot Weakness","Shrug It Off","Armaments+1","Shrug It Off+1","Ghostly Armor"],"relics":["Burning Blood","Ornamental Fan","Juzu Bracelet","Boot","Golden Idol","MawBank","Blood Vial","Velvet Choker","Toy Ornithopter","Paper Frog","SsserpentHead","Bottled Flame","Strawberry","CeramicFish"],"acts_visited":["Exordium","TheCity"],"potions_floor_usage":[12,21,21,33],"damage_taken":[{"damage":0,"enemies":"2 Louse","floor":1,"turns":2},{"damage":2,"enemies":"Jaw Worm","floor":3,"turns":3},{"damage":0,"enemies":"Small Slimes","floor":5,"turns":1},{"damage":32,"enemies":"Gremlin Nob","floor":6,"turns":4},{"damage":11,"enemies":"Blue Slaver","floor":8,"turns":3},{"damage":0,"enemies":"3 Sentries","floor":12,"turns":2},{"damage":39,"enemies":"The Guardian","floor":16,"turns":11},{"damage":16,"enemies":"Shell Parasite","floor":18,"turns":6},{"damage":6,"enemies":"Spheric Guardian","floor":21,"turns":3},{"damage":48,"enemies":"Slavers","floor":24,"turns":3},{"damage":30,"enemies":"Snecko","floor":25,"turns":5},{"damage":15,"enemies":"Book of Stabbing","floor":28,"turns":6},{"damage":4,"enemies":"Centurion and Healer","floor":31,"turns":2},{"damage":137,"enemies":"Automaton","floor":33,"turns":12}],"seed_played":"1320400163817606929","potions_obtained":[{"floor":1,"key":"Energy Potion"},{"floor":6,"key":"FearPotion"},{"floor":8,"key":"AttackPotion"},{"floor":12,"key":"BlessingOfTheForge"},{"floor":21,"key":"Dexterity Potion"}],"is_trial":false,"path_per_floor":["M","?","M","T","M","E","R","M","T","?","R","E","?","T","R","B",null,"M","?","$","M","?","R","E","M","T","R","E","?","R","M","R","B"],"character_chosen":"IRONCLAD","items_purchased":["Paper Frog"],"campfire_rested":6,"item_purchase_floors":[20],"current_hp_per_floor":[72,58,62,62,68,42,63,58,58,58,72,72,72,72,72,39,64,56,56,56,68,68,72,30,15,22,45,38,38,61,65,79,0,0],"gold":513,"neow_bonus":"THREE_RARE_CARDS","is_daily":false,"chose_seed":false,"campfire_upgraded":1,"win_rate":0.0,"timestamp":1614141330,"path_taken":["M","?","M","?","M","E","R","M","T","?","R","E","?","?","R","BOSS","M","?","$","M","?","R","E","M","T","R","E","?","R","M","R","BOSS"],"items_purchased_type":["Relic"],"build_version":"2020-12-18","purchased_purges":0,"victory":false,"max_hp_per_floor":[72,72,72,72,72,72,72,72,72,72,72,72,72,72,72,72,72,72,72,72,72,72,72,72,72,79,79,79,79,79,79,79,79,79],"card_choices":[{"not_picked":["Demon Form","Fiend Fire"],"picked":"Immolate","floor":0},{"not_picked":["Hemokinesis","Iron Wave"],"picked":"Thunderclap","floor":1},{"not_picked":["Pommel Strike","Clash"],"picked":"Disarm","floor":3},{"not_picked":["Feel No Pain","Perfected Strike"],"picked":"Cleave","floor":5},{"not_picked":["Twin Strike","Sentinel"],"picked":"Shockwave","floor":6},{"not_picked":["Sword Boomerang","Body Slam"],"picked":"Uppercut","floor":8},{"not_picked":["Dual Wield","Offering"],"picked":"Uppercut","floor":12},{"not_picked":["Brutality","Juggernaut"],"picked":"Reaper","floor":16},{"not_picked":["Headbutt+1","Wild Strike"],"picked":"Spot Weakness","floor":18},{"not_picked":["Cleave+1","Feel No Pain"],"picked":"Shrug It Off","floor":21},{"not_picked":["Reckless Charge+1","Seeing Red"],"picked":"Armaments+1","floor":24},{"not_picked":["Dual Wield","Bloodletting+1"],"picked":"Shrug It Off+1","floor":25},{"not_picked":["Headbutt","Body Slam"],"picked":"Ghostly Armor","floor":28},{"not_picked":["Seeing Red","Thunderclap","Heavy Blade"],"picked":"SKIP","floor":31}],"player_experience":332152,"relics_obtained":[{"floor":4,"key":"Ornamental Fan"},{"floor":6,"key":"Juzu Bracelet"},{"floor":9,"key":"Boot"},{"floor":12,"key":"MawBank"},{"floor":14,"key":"Blood Vial"},{"floor":24,"key":"Bottled Flame"},{"floor":26,"key":"Strawberry"},{"floor":28,"key":"CeramicFish"}],"event_choices":[{"damage_healed":0,"gold_gain":0,"player_choice":"Entered Light","damage_taken":14,"max_hp_gain":0,"max_hp_loss":0,"event_name":"Shining Light","floor":2,"gold_loss":0,"cards_upgraded":["Immolate","Strike_R"]},{"damage_healed":0,"gold_gain":0,"player_choice":"Take Wound","damage_taken":0,"relics_obtained":["Golden Idol"],"max_hp_gain":0,"max_hp_loss":0,"event_name":"Golden Idol","floor":10,"gold_loss":0,"cards_obtained":["Injury"]},{"cards_removed":["Injury"],"damage_healed":0,"gold_gain":0,"player_choice":"Card Removal","damage_taken":0,"max_hp_gain":0,"max_hp_loss":0,"event_name":"The Cleric","floor":13,"gold_loss":50},{"damage_healed":0,"gold_gain":0,"player_choice":"Opened","damage_taken":0,"relics_obtained":["Toy Ornithopter"],"max_hp_gain":0,"max_hp_loss":0,"event_name":"The Mausoleum","floor":19,"gold_loss":0},{"damage_healed":0,"gold_gain":0,"player_choice":"Trade","damage_taken":0,"relics_obtained":["SsserpentHead"],"max_hp_gain":0,"max_hp_loss":0,"event_name":"FaceTrader","floor":22,"gold_loss":0},{"damage_healed":0,"gold_gain":0,"player_choice":"Ignored","damage_taken":0,"max_hp_gain":0,"max_hp_loss":0,"event_name":"Beggar","floor":29,"gold_loss":0}],"is_beta":true,"boss_relics":[{"not_picked":["Sozu","Runic Cube"],"picked":"Velvet Choker"}],"items_purged_floors":[],"is_endless":false,"potions_floor_spawned":[1,6,8,12,18,21],"killed_by":"Automaton","ascension_level":9}}