{"host":"t6r1isv2bex5ovch","time":1614131531,"event":{"mods":["AchievementEnabler","Act Like it!","Aspiration","BaseMod","Better Altar","Better Match","Better Note","Better Sensory Stone","Better Skull","Better Third Choice","Better Vampires","Bossed Relics","Colored Powertips","Displayed Cursed Tome","Evolution","Fox Events","Hubris","Minty Spire (QoL Compilation)","Reliquary","Ruina","StSLib"],"gold_per_floor":[110,35,35,35,47,80,80,106,187,187,198,26,46,75,75,75,75],"floor_reached":16,"language":"ENG","playtime":1064,"items_purged":["Defend_R","Defend_R"],"score":148,"play_id":"e02ab5b1-70b3-467f-8230-220ebad5fe43","local_time":"20210224125211","is_ascension_mode":true,"campfire_choices":[{"floor":15.0,"key":"RECALL"}],"circlet_count":0,"master_deck":["Strike_R","Strike_R","Defend_R","Defend_R","Bash","Iron Wave+1","Rage","Spot Weakness","Rage","Iron Wave","Iron Wave"],"relics":["Burning Blood","EVO:Axolotl","aspiration:AnachronicSnailShell","hubris:TenFootPole","reliquary:SharkskinSheath","hubris:MysteriousPyramids"],"acts_visited":["Exordium"],"potions_floor_usage":[],"damage_taken":[{"damage":10.0,"enemies":"Jaw Worm","floor":1.0,"turns":6.0},{"damage":0.0,"enemies":"Small Slimes","floor":5.0,"turns":3.0},{"damage":17.0,"enemies":"Gremlin Nob","floor":6.0,"turns":5.0},{"damage":34.0,"enemies":"Lagavulin","floor":8.0,"turns":8.0},{"damage":2.0,"enemies":"2 Louse","floor":11.0,"turns":3.0},{"damage":0.0,"enemies":"Exordium Thugs","floor":13.0,"turns":4.0},{"damage":7.0,"enemies":"3 Sentries","floor":14.0,"turns":7.0},{"damage":25,"enemies":"Slime Boss","floor":16,"turns":9}],"seed_played":"8107959481247463534","potions_obtained":[{"floor":1.0,"key":"Weak Potion"},{"floor":6.0,"key":"SpeedPotion"},{"floor":13.0,"key":"SteroidPotion"}],"is_trial":false,"path_per_floor":["M","$","?","?","M","E","?","E","T","?","M","$","M","E","R","B"],"character_chosen":"IRONCLAD","items_purchased":["DistilledChaos"],"campfire_rested":0,"item_purchase_floors":[12],"current_hp_per_floor":[76,76,69,69,75,64,39,11,11,11,15,15,21,20,20,0,0],"gold":75,"neow_bonus":"REMOVE_CARD","is_daily":false,"chose_seed":false,"campfire_upgraded":0,"win_rate":0.0,"timestamp":1614131531,"path_taken":["M","$","?","?","M","E","?","E","T","?","M","$","?","E","R","BOSS"],"items_purchased_type":["Potion"],"build_version":"2020-12-22","purchased_purges":2,"victory":false,"max_hp_per_floor":[80,80,80,80,80,80,80,80,80,80,80,80,80,80,80,80,80],"card_choices":[{"not_picked":["Reckless Charge","Wild Strike"],"picked":"Iron Wave","floor":1.0},{"not_picked":["True Grit","Cleave","Metallicize"],"picked":"SKIP","floor":5.0},{"not_picked":["True Grit","Cleave","Metallicize"],"picked":"SKIP","floor":5.0},{"not_picked":["Ghostly Armor","Hemokinesis","Havoc"],"picked":"SKIP","floor":6.0},{"not_picked":["True Grit","Body Slam"],"picked":"Rage","floor":8.0},{"not_picked":["Headbutt","Heavy Blade"],"picked":"Rage","floor":11.0},{"not_picked":["Sword Boomerang","hubris:SharpeningStone"],"picked":"Iron Wave","floor":13.0},{"not_picked":["Headbutt","Impervious"],"picked":"Iron Wave","floor":14.0}],"player_experience":387458,"relics_obtained":[{"floor":6.0,"key":"aspiration:AnachronicSnailShell"},{"floor":8.0,"key":"reliquary:SharkskinSheath"},{"floor":14.0,"key":"hubris:MysteriousPyramids"}],"event_choices":[{"cards_removed":["Strike_R"],"damage_healed":0.0,"max_hp_gain":0.0,"max_hp_loss":0.0,"gold_gain":0.0,"event_name":"Golden Wing","player_choice":"Card Removal","floor":3.0,"gold_loss":0.0,"damage_taken":7.0},{"damage_healed":0.0,"max_hp_gain":0.0,"max_hp_loss":0.0,"gold_gain":0.0,"event_name":"betterThird:BetterScrap","player_choice":"Relic ","floor":7.0,"gold_loss":0.0,"damage_taken":25.0,"cards_obtained":["Perseverance"]},{"damage_healed":0.0,"max_hp_gain":0.0,"max_hp_loss":0.0,"gold_gain":0.0,"cards_transformed":["Strike_R"],"event_name":"Transmorgrifier","player_choice":"Transformed","floor":10.0,"gold_loss":0.0,"damage_taken":0.0,"cards_obtained":["Spot Weakness"]}],"is_beta":false,"boss_relics":[],"items_purged_floors":[2,12],"is_endless":false,"potions_floor_spawned":[1,6,13],"killed_by":"Slime Boss","ascension_level":5}}