{"host":"mcdusr64esz012l0","time":1614191098,"event":{"mods":["BaseMod","Minty Spire (QoL Compilation)","Relic Stats"],"gold_per_floor":[115,130,130,144,16,16,49,63,145,174,174,184,184,204,204,278,278,292,209,209,40,40,73,86,114,114,114,139,157,177,177,177,252,252,264,42,42,59,69,102,119,119,146,159,159,159,175,195,195,195,195],"floor_reached":50,"language":"ENG","playtime":4783,"items_purged":["Strike_P","Decay","Strike_P"],"score":1163,"play_id":"58a995da-d089-4082-b028-405273007c53","local_time":"20210224132458","is_ascension_mode":true,"campfire_choices":[{"floor":6,"key":"REST"},{"data":"Fasting2","floor":13,"key":"SMITH"},{"data":"WindmillStrike","floor":15,"key":"SMITH"},{"data":"Vault","floor":27,"key":"SMITH"},{"floor":32,"key":"REST"},{"floor":42,"key":"REST"},{"floor":46,"key":"REST"},{"floor":49,"key":"RECALL"}],"circlet_count":0,"master_deck":["AscendersBane","Strike_P","Defend_P","Defend_P","Defend_P","Eruption","Vigilance","WindmillStrike+1","SandsOfTime","Protect","JustLucky","FearNoEvil","Fasting2+1","Blasphemy+1","Consecrate","Wireheading","Prostrate+1","EmptyFist","Adaptation","Wireheading","Weave","Worship+1","Vault+1","Tantrum","LikeWater","RitualDagger","FlyingSleeves+1","Ragnarok","Prostrate","Panacea","Wireheading+1","Tantrum","DeceiveReality","TalkToTheHand","Weave+1","ThirdEye+1"],"relics":["PureWater","Lizard Tail","The Courier","Pen Nib","Black Star","PreservedInsect","Centennial Puzzle","Bag of Preparation","Eternal Feather","Dream Catcher","Sundial","Pear","Oddly Smooth Stone","SlaversCollar","Kunai","Damaru"],"acts_visited":["Exordium","TheCity","TheBeyond"],"potions_floor_usage":[18,23,23,28,28,33,38,39,40,47,50],"damage_taken":[{"damage":7,"enemies":"2 Louse","floor":1,"turns":3},{"damage":9,"enemies":"Cultist","floor":2,"turns":4},{"damage":9,"enemies":"Small Slimes","floor":4,"turns":5},{"damage":5,"enemies":"Lagavulin","floor":7,"turns":5},{"damage":11,"enemies":"Exordium Thugs","floor":8,"turns":5},{"damage":30,"enemies":"3 Sentries","floor":10,"turns":6},{"damage":2,"enemies":"2 Fungi Beasts","floor":12,"turns":3},{"damage":4,"enemies":"Gremlin Gang","floor":14,"turns":3},{"damage":87,"enemies":"The Guardian","floor":16,"turns":5},{"damage":30,"enemies":"3 Byrds","floor":18,"turns":4},{"damage":19,"enemies":"Book of Stabbing","floor":23,"turns":3},{"damage":2,"enemies":"Shell Parasite","floor":24,"turns":3},{"damage":10,"enemies":"Gremlin Leader","floor":25,"turns":3},{"damage":20,"enemies":"Slavers","floor":28,"turns":3},{"damage":1,"enemies":"Cultist and Chosen","floor":29,"turns":4},{"damage":0,"enemies":"Snecko","floor":30,"turns":2},{"damage":59,"enemies":"Collector","floor":33,"turns":8},{"damage":18,"enemies":"Orb Walker","floor":35,"turns":5},{"damage":6,"enemies":"3 Darklings","floor":38,"turns":5},{"damage":9,"enemies":"Transient","floor":39,"turns":6},{"damage":11,"enemies":"Nemesis","floor":40,"turns":5},{"damage":0,"enemies":"Sphere and 2 Shapes","floor":41,"turns":3},{"damage":46,"enemies":"4 Shapes","floor":44,"turns":5},{"damage":6,"enemies":"Writhing Mass","floor":47,"turns":3},{"damage":0,"enemies":"Maw","floor":48,"turns":4},{"damage":72,"enemies":"Awakened One","floor":50,"turns":9}],"seed_played":"3819981073356317023","potions_obtained":[{"floor":4,"key":"ColorlessPotion"},{"floor":8,"key":"FairyPotion"},{"floor":16,"key":"Energy Potion"},{"floor":18,"key":"SkillPotion"},{"floor":24,"key":"Energy Potion"},{"floor":25,"key":"Dexterity Potion"},{"floor":29,"key":"DuplicationPotion"},{"floor":35,"key":"EntropicBrew"},{"floor":44,"key":"ColorlessPotion"},{"floor":48,"key":"PowerPotion"}],"is_trial":false,"path_per_floor":["M","M","?","M","$","R","E","M","T","E","?","M","R","M","R","B",null,"M","$","?","$","?","E","M","E","T","R","E","M","M","?","R","B",null,"M","$","?","M","M","E","M","R","T","M","?","R","M","M","R","B"],"character_chosen":"WATCHER","items_purchased":["LiquidMemories","Fasting2","EmptyFist","Adaptation","Wireheading","Panacea","AttackPotion"],"campfire_rested":4,"item_purchase_floors":[5,5,19,21,21,36,36],"current_hp_per_floor":[54,45,45,36,36,56,51,40,40,10,10,8,8,4,4,3,52,22,22,22,22,22,3,1,28,28,40,30,29,29,23,61,2,59,41,41,41,35,26,15,15,56,56,10,10,54,48,48,69,0,0],"gold":195,"neow_bonus":"TRANSFORM_TWO_CARDS","is_daily":false,"chose_seed":false,"campfire_upgraded":3,"win_rate":0.0,"timestamp":1614191098,"path_taken":["M","M","?","M","$","R","E","M","T","E","?","M","R","?","R","BOSS","M","$","?","$","?","E","?","E","T","R","E","M","M","?","R","BOSS","M","$","?","M","?","E","M","R","T","M","?","R","?","M","R","BOSS"],"items_purchased_type":["Potion","Card","Card","Card","Card","Card","Potion"],"build_version":"2020-12-22","purchased_purges":3,"victory":false,"max_hp_per_floor":[68,68,68,68,68,68,68,68,68,68,68,68,68,68,68,68,68,68,68,68,68,68,68,68,68,68,68,78,78,78,78,78,78,78,78,78,78,78,78,78,78,78,78,78,78,78,78,78,78,78,78],"relic_stats":{"Lizard Tail":34,"Centennial Puzzle":[36],"Dream Catcher":3,"counters":[26,114],"Sundial":[4],"Eternal Feather":87,"Pen Nib":[17],"PreservedInsect":184,"Black Star":4,"Bag of Preparation":[30],"Kunai":[14],"obtain_stats":[{"Pear":28,"Oddly Smooth Stone":28,"Damaru":40,"Eternal Feather":25,"The Courier":9,"Pen Nib":10,"PreservedInsect":22,"Bag of Preparation":23,"SlaversCollar":34,"Lizard Tail":7,"Centennial Puzzle":23,"Dream Catcher":25,"Sundial":26,"Black Star":17,"Kunai":40,"PureWater":0},{"Pear":14,"Oddly Smooth Stone":14,"Damaru":21,"Eternal Feather":13,"The Courier":5,"Pen Nib":6,"PreservedInsect":10,"Bag of Preparation":11,"SlaversCollar":17,"Lizard Tail":4,"Centennial Puzzle":11,"Dream Catcher":13,"Sundial":13,"Black Star":9,"Kunai":21,"PureWater":0},{"Pear":55,"Oddly Smooth Stone":55,"Damaru":90,"Eternal Feather":52,"The Courier":22,"Pen Nib":28,"PreservedInsect":43,"Bag of Preparation":46,"SlaversCollar":69,"Lizard Tail":17,"Centennial Puzzle":46,"Dream Catcher":52,"Sundial":52,"Black Star":39,"Kunai":90,"PureWater":0}]},"card_choices":[{"not_picked":["CutThroughFate","FlurryOfBlows"],"picked":"Protect","floor":1},{"not_picked":["Evaluate","Halt"],"picked":"JustLucky","floor":2},{"not_picked":["CarveReality","CrushJoints"],"picked":"FearNoEvil","floor":4},{"not_picked":["Establishment","Wish"],"picked":"Blasphemy","floor":7},{"not_picked":["FollowUp","Study"],"picked":"Swivel","floor":8},{"not_picked":["Indignation","Halt"],"picked":"Consecrate","floor":10},{"not_picked":["Consecrate","FlurryOfBlows"],"picked":"Wireheading","floor":12},{"not_picked":["CutThroughFate","CarveReality","Indignation"],"picked":"SKIP","floor":14},{"not_picked":["Protect","FearNoEvil"],"picked":"Prostrate+1","floor":18},{"not_picked":["BattleHymn","EmptyBody+1"],"picked":"Weave","floor":23},{"not_picked":["SashWhip","Conclude"],"picked":"Worship+1","floor":24},{"not_picked":["Consecrate","ClearTheMind"],"picked":"Vault","floor":25},{"not_picked":["Evaluate","PathToVictory","Fasting2"],"picked":"SKIP","floor":28},{"not_picked":["CrushJoints","Nirvana"],"picked":"Tantrum","floor":29},{"not_picked":["Conclude","BowlingBash"],"picked":"LikeWater","floor":30},{"not_picked":["ReachHeaven+1","FlurryOfBlows"],"picked":"FlyingSleeves+1","floor":32},{"not_picked":["LessonLearned","Brilliance"],"picked":"Ragnarok","floor":33},{"not_picked":["SandsOfTime","FollowUp"],"picked":"Prostrate","floor":35},{"not_picked":["Evaluate","Halt+1","CrushJoints"],"picked":"SKIP","floor":38},{"not_picked":["BowlingBash","JustLucky"],"picked":"Wireheading+1","floor":39},{"not_picked":["InnerPeace+1","FlyingSleeves"],"picked":"Tantrum","floor":40},{"not_picked":["Adaptation","CrushJoints","DeceiveReality"],"picked":"SKIP","floor":41},{"not_picked":["Adaptation","CrushJoints"],"picked":"DeceiveReality","floor":41},{"not_picked":["SandsOfTime+1","Swivel"],"picked":"TalkToTheHand","floor":42},{"not_picked":["JustLucky","Indignation+1"],"picked":"Weave+1","floor":44},{"not_picked":["LikeWater","CutThroughFate+1"],"picked":"ThirdEye+1","floor":46},{"not_picked":["FollowUp+1","Consecrate+1","Swivel"],"picked":"SKIP","floor":47},{"not_picked":["ForeignInfluence+1","LessonLearned","PathToVictory"],"picked":"SKIP","floor":48}],"player_experience":1058646,"relics_obtained":[{"floor":7,"key":"Lizard Tail"},{"floor":9,"key":"The Courier"},{"floor":10,"key":"Pen Nib"},{"floor":23,"key":"Centennial Puzzle"},{"floor":23,"key":"Bag of Preparation"},{"floor":25,"key":"Eternal Feather"},{"floor":25,"key":"Dream Catcher"},{"floor":26,"key":"Sundial"},{"floor":28,"key":"Pear"},{"floor":28,"key":"Oddly Smooth Stone"},{"floor":40,"key":"Kunai"},{"floor":40,"key":"Damaru"}],"event_choices":[{"cards_removed":["Clumsy"],"damage_healed":0,"gold_gain":0,"player_choice":"Forget","damage_taken":0,"max_hp_gain":0,"max_hp_loss":0,"event_name":"Living Wall","floor":3,"gold_loss":0},{"damage_healed":0,"gold_gain":0,"player_choice":"Upgraded","damage_taken":0,"max_hp_gain":0,"max_hp_loss":0,"event_name":"Upgrade Shrine","floor":11,"gold_loss":0,"cards_upgraded":["Blasphemy"]},{"damage_healed":0,"gold_gain":0,"player_choice":"Smashed Altar","damage_taken":0,"max_hp_gain":0,"max_hp_loss":0,"event_name":"Forgotten Altar","floor":20,"gold_loss":0,"cards_obtained":["Decay"]},{"cards_removed":["Swivel"],"damage_healed":0,"gold_gain":0,"player_choice":"Gave Card","damage_taken":0,"relics_obtained":["PreservedInsect"],"max_hp_gain":0,"max_hp_loss":0,"event_name":"WeMeetAgain","floor":22,"gold_loss":0},{"damage_healed":0,"gold_gain":0,"player_choice":"Joined the Cult","damage_taken":6,"max_hp_gain":0,"max_hp_loss":0,"event_name":"Nest","floor":31,"gold_loss":0,"cards_obtained":["RitualDagger"]},{"damage_healed":0,"gold_gain":0,"player_choice":"0 cards matched","damage_taken":0,"max_hp_gain":0,"max_hp_loss":0,"event_name":"Match and Keep!","floor":37,"gold_loss":0,"cards_obtained":[]},{"damage_healed":0,"gold_gain":0,"player_choice":"Ignored","damage_taken":0,"max_hp_gain":0,"max_hp_loss":0,"event_name":"SecretPortal","floor":45,"gold_loss":0}],"is_beta":false,"boss_relics":[{"not_picked":["Busted Crown","Runic Pyramid"],"picked":"Black Star"},{"not_picked":["Philosopher\u0027s Stone","Coffee Dripper"],"picked":"SlaversCollar"}],"items_purged_floors":[19,21,36],"is_endless":false,"potions_floor_spawned":[4,8,10,16,18,24,25,29,35,44,48],"killed_by":"Awakened One","ascension_level":20}}