{"host":"5z8akj3r2akmlwyw","time":1614135617,"event":{"mods":["AchievementEnabler","BaseMod","Colored Powertips","Conspire","Downfall","KinomotoSakuraMod(ƒæ÷Æ±æ”£)","Marisa£®ÏF”Í°°ƒß¿Ì…≥£©","Minty Spire (QoL Compilation)","Quick Restart","Reimu£®≤©¿ˆ¡È√Œ£©","Remilia£®¿Ÿ√◊¿Ú—«£©","Replay The Spire","StSLib","The Construct","The Cursed","The Hierophant","The Servant 0.9.4","Youmu£®ªÍ∆«—˝√Œ£©"],"gold_per_floor":[114,63,338,353,303,303,333,333,408,408,10,10,10,25,25,125,125,140,140,155,155,170,200,200,215,240,64,64,79,79,94,94,194,194,209,209],"floor_reached":37,"language":"ZHS","playtime":2342,"items_purged":["Guardian:Strike_Guardian"],"score":785,"play_id":"7c63a11b-16ee-4901-9d44-61d9925cd11d","local_time":"20210224110017","daily_mods":["Allstar","Time Dilation","Terminal"],"is_ascension_mode":false,"campfire_choices":[{"data":"Guardian:MultiBeam","floor":6.0,"key":"SMITH"},{"data":"Guardian:CurlUp","floor":10.0,"key":"SMITH"},{"data":"ReplayUltimateDefense","floor":13.0,"key":"SMITH"},{"floor":24,"key":"REST"},{"data":"Guardian:Harden","floor":28,"key":"SMITH"},{"floor":32,"key":"REST"}],"circlet_count":0,"master_deck":["Guardian:Defend_Guardian","Guardian:Defend_Guardian+1","Guardian:Defend_Guardian","Guardian:CurlUp+1","Guardian:TwinSlam","Finesse","Dramatic Entrance","Replay:Sssssssssstrike","ReplayUltimateDefense+1","Violence","Guardian:MultiBeam+1","Guardian:PiercingHide","Guardian:SpikerProtocol","Guardian:Incinerate+1","Guardian:PrimingBeam+1","Guardian:Orbwalk+1","Guardian:TimeSifter","Guardian:Harden+1","Doubt","Guardian:TimeBomb","Guardian:PolyBeam+1","Guardian:MultiBeam+1","Guardian:RollAttack+1","Guardian:ChargeCore+1","Guardian:EvasiveProtocol","Guardian:SphericShield","Guardian:Recover+1"],"relics":["Guardian:ModeShifter","Molten Egg 2","Guardian:StasisCodex","Chemical X","Gremlin Food","Ring of Panic","ReplayTheSpireMod:Ring of Challenge","Replay:Drink Me","Matryoshka","Omamori","Replay:Baseball","ReplayFunnel","ScarletDevilRocket","Mastiff:ReiMu","Darkstone Periapt","Philosopher\u0027s Stone"],"acts_visited":["Exordium","TheCity","TheBeyond"],"potions_floor_usage":[23,29,36,36],"damage_taken":[{"damage":0.0,"enemies":"Cultist","floor":1.0,"turns":4.0},{"damage":0.0,"enemies":"Jaw Worm","floor":4.0,"turns":1.0},{"damage":4.0,"enemies":"Replay:BlueRogue","floor":7.0,"turns":5.0},{"damage":0.0,"enemies":"Small Slimes","floor":14.0,"turns":2.0},{"damage":16.0,"enemies":"Fading Forest","floor":16.0,"turns":11.0},{"damage":0.0,"enemies":"2 Thieves","floor":18.0,"turns":4.0},{"damage":0.0,"enemies":"Shell Parasite","floor":20.0,"turns":4.0},{"damage":0.0,"enemies":"Centurion and Healer","floor":22.0,"turns":3.0},{"damage":15,"enemies":"Slavers","floor":23,"turns":3},{"damage":0,"enemies":"conspire:HollyBat","floor":25,"turns":8},{"damage":0,"enemies":"Snake Plant","floor":29,"turns":2},{"damage":0,"enemies":"Centurion and Healer","floor":31,"turns":2},{"damage":7,"enemies":"Pondfish","floor":33,"turns":8},{"damage":7,"enemies":"3 Darklings","floor":35,"turns":3},{"damage":19,"enemies":"Time Eater","floor":36,"turns":13}],"seed_played":"1986488565424594500","potions_obtained":[{"floor":7.0,"key":"Reflective Coating"},{"floor":14.0,"key":"Regen Potion"},{"floor":16.0,"key":"FearPotion"},{"floor":20.0,"key":"Guardian:BlockOnCardUsePotion"},{"floor":25,"key":"Venom Potion"},{"floor":29,"key":"Strength Potion"},{"floor":31,"key":"SneckoOil"},{"floor":35,"key":"conspire:TimeTravelPotion"}],"is_trial":false,"path_per_floor":["M","$","?","M","?","R","E","?","T","R","$","?","R","M","R","B",null,"M","?","M","?","M","E","R","M","T","$","R","M","T","M","R","B",null,"M","B",null],"character_chosen":"GUARDIAN","items_purchased":["Guardian:PiercingHide","Chemical X","Gremlin Food","Guardian:PrimingBeam+1","ScarletDevilRocket","Guardian:RollAttack+1"],"campfire_rested":2,"item_purchase_floors":[2,11,11,11,27,27],"current_hp_per_floor":[78,77,76,75,74,73,69,74,74,74,73,72,71,70,69,68,50,49,48,47,46,45,30,43,42,41,40,39,38,37,36,35,28,33,26,26],"gold":209,"neow_bonus":"","is_daily":true,"chose_seed":false,"campfire_upgraded":4,"win_rate":0.0,"timestamp":1614135617,"path_taken":["M","?","?","?","?","R","E","?","T","R","?","?","R","M","R","BOSS","M","?","M","?","?","E","R","M","T","$","R","M","?","M","R","BOSS","M","BOSS"],"items_purchased_type":["Card","Relic","Relic","Card","Relic","Card"],"build_version":"2020-12-22","purchased_purges":1,"victory":true,"max_hp_per_floor":[78,77,76,75,74,73,72,76,75,74,73,72,71,70,69,68,50,49,48,47,46,45,44,43,42,41,40,39,38,37,36,35,34,33,32,31],"card_choices":[{"not_picked":["Guardian:VentSteam","Guardian:Suspension"],"picked":"Guardian:MultiBeam","floor":1.0},{"not_picked":["Guardian:PiercingHide","Guardian:Suspension"],"picked":"Guardian:SpikerProtocol","floor":4.0},{"not_picked":["Guardian:Suspension","Guardian:Gem_Red"],"picked":"Guardian:Incinerate+1","floor":7.0},{"not_picked":["Guardian:CrystalBeam+1","Guardian:Clone"],"picked":"Guardian:Gem_Fragmented","floor":14.0},{"not_picked":["Guardian:GemFire+1","Guardian:StasisEngine"],"picked":"Guardian:TimeSifter","floor":16.0},{"not_picked":["Guardian:TemporalShield","Guardian:WalkerClaw+1"],"picked":"Guardian:Harden","floor":18.0},{"not_picked":["Guardian:Reroute+1","Guardian:ChargeUp"],"picked":"Guardian:TimeBomb","floor":20.0},{"not_picked":["Guardian:Reroute+1","Guardian:WalkerClaw+1"],"picked":"Guardian:PolyBeam+1","floor":22.0},{"not_picked":["Guardian:StasisEngine","Guardian:Planning"],"picked":"Guardian:Gem_Yellow","floor":23},{"not_picked":["Guardian:BronzeArmor","Guardian:Gem_Red"],"picked":"Guardian:MultiBeam+1","floor":25},{"not_picked":["Guardian:Reroute+1","Guardian:PiercingHide"],"picked":"Guardian:ChargeCore+1","floor":29},{"not_picked":["Guardian:Incinerate+1","Guardian:PrimingBeam+1"],"picked":"Guardian:EvasiveProtocol","floor":31},{"not_picked":["Guardian:StasisField","Guardian:BaubleBeam+1"],"picked":"Guardian:SphericShield","floor":33},{"not_picked":["Guardian:Gem_Red","Guardian:RollAttack+1"],"picked":"Guardian:Recover+1","floor":35}],"player_experience":122066,"relics_obtained":[{"floor":7.0,"key":"Molten Egg 2"},{"floor":9.0,"key":"Guardian:StasisCodex"},{"floor":12.0,"key":"Ring of Panic"},{"floor":12.0,"key":"ReplayTheSpireMod:Ring of Challenge"},{"floor":23,"key":"Omamori"},{"floor":26,"key":"Replay:Baseball"},{"floor":26,"key":"ReplayFunnel"},{"floor":30,"key":"Mastiff:ReiMu"},{"floor":30,"key":"Darkstone Periapt"}],"event_choices":[{"damage_healed":0.0,"max_hp_gain":0.0,"max_hp_loss":0.0,"gold_gain":275.0,"event_name":"Golden Shrine","player_choice":"Desecrate","floor":3.0,"gold_loss":0.0,"damage_taken":0.0,"cards_obtained":["Regret"]},{"cards_removed":["Regret"],"damage_healed":0.0,"max_hp_gain":0.0,"max_hp_loss":0.0,"gold_gain":0.0,"event_name":"The Cleric","player_choice":"Card Removal","floor":5.0,"gold_loss":50.0,"damage_taken":0.0},{"damage_healed":0.0,"max_hp_gain":5.0,"max_hp_loss":0.0,"gold_gain":0.0,"event_name":"Big Fish","player_choice":"Donut","floor":8.0,"gold_loss":0.0,"damage_taken":0.0},{"cards_removed":["Languid"],"damage_healed":0.0,"max_hp_gain":0.0,"max_hp_loss":0.0,"gold_gain":0.0,"event_name":"Purifier","player_choice":"Purged","floor":21.0,"gold_loss":0.0,"damage_taken":0.0}],"is_beta":false,"boss_relics":[{"not_picked":["Replay:Wanted Poster","ChewingGum"],"picked":"Replay:Drink Me"},{"not_picked":["Painkiller Herb","Ring of Chaos"],"picked":"Philosopher\u0027s Stone"}],"items_purged_floors":[11],"is_endless":false,"potions_floor_spawned":[7,14,16,20,25,29,31,33,35],"ascension_level":0}}