{"host":"ijtyqc57s6c9mbij","time":1614146325,"event":{"mods":["BaseMod","Colored Map","Downfall","Minty Spire (QoL Compilation)","StSLib"],"gold_per_floor":[99,112,130,230,230,140,140,140,166,166,178,194,194,206,223,318,318,318,334,334,70,70,55,55,72,90,90,108,93,104,122,142,142,142,142],"floor_reached":33,"language":"ENG","playtime":2571,"items_purged":["Normality","Parasite"],"score":339,"play_id":"40bad4fb-d912-4237-abfe-f1c0de6a5c37","local_time":"20210223215845","is_ascension_mode":true,"campfire_choices":[{"data":"bronze:Goto","floor":1,"key":"SMITH"},{"data":"bronze:Repulsor","floor":8,"key":"SMITH"},{"floor":18,"key":"RECALL"},{"data":"bronze:Format","floor":27,"key":"SMITH"}],"circlet_count":0,"master_deck":["bronze:Strike","bronze:Strike","bronze:Strike","bronze:Strike","bronze:Defend","bronze:Defend","bronze:Defend","bronze:Defend","bronze:Replicate+1","bronze:Goto+1","bronze:FollowUp","bronze:Turbo","downfall:Haunted","downfall:Haunted","bronze:BurnOut","downfall:Haunted","bronze:Repulsor+1","bronze:Constructor+1","bronze:Separator+1","bronze:Branch","bronze:Boost+1","bronze:DarkDash","bronze:Format+1","bronze:InfiniteBeams+1","bronze:Frontload","bronze:WildBeam+1","bronze:DarkDash+1","bronze:Terminator","bronze:Overload+1","bronze:BitShift","bronze:WhirlingStrike"],"relics":["bronze:BronzeCore","Darkstone Periapt","Mummified Hand","bronze:CableSpool","Velvet Choker"],"acts_visited":["Exordium","TheCity"],"potions_floor_usage":[16,16,25,26,28,29,31,32,33,33],"damage_taken":[{"damage":0,"enemies":"Cultist","floor":2,"turns":2},{"damage":1,"enemies":"Small Slimes","floor":3,"turns":3},{"damage":10,"enemies":"downfall:FleeingMerchant","floor":6,"turns":4},{"damage":56,"enemies":"Gremlin Nob","floor":9,"turns":6},{"damage":0,"enemies":"Jaw Worm","floor":11,"turns":3},{"damage":0,"enemies":"Large Slime","floor":12,"turns":3},{"damage":0,"enemies":"Exordium Wildlife","floor":14,"turns":6},{"damage":12,"enemies":"Exordium Thugs","floor":15,"turns":4},{"damage":47,"enemies":"WA_ARCHETYPE_RETAIN","floor":16,"turns":8},{"damage":5,"enemies":"Spheric Guardian","floor":19,"turns":4},{"damage":11,"enemies":"downfall:FleeingMerchant","floor":21,"turns":4},{"damage":0,"enemies":"downfall:FleeingMerchant","floor":23,"turns":4},{"damage":14,"enemies":"Shell Parasite","floor":25,"turns":6},{"damage":15,"enemies":"3 Cultists","floor":26,"turns":6},{"damage":22,"enemies":"Sentry and Sphere","floor":28,"turns":5},{"damage":0,"enemies":"downfall:FleeingMerchant","floor":29,"turns":4},{"damage":5,"enemies":"Centurion and Healer","floor":30,"turns":8},{"damage":11,"enemies":"Snecko","floor":31,"turns":5},{"damage":0,"enemies":"Cultist and Chosen","floor":32,"turns":5},{"damage":22,"enemies":"DF_ARCHETYPE_CLAW","floor":33,"turns":5}],"seed_played":"-5527064660376034866","potions_obtained":[{"floor":3,"key":"bronze:BurnAndBuffPotion"},{"floor":11,"key":"GamblersBrew"},{"floor":12,"key":"PowerPotion"},{"floor":16,"key":"Guardian:BlockOnCardUsePotion"},{"floor":25,"key":"PowerPotion"},{"floor":26,"key":"ColorlessPotion"},{"floor":28,"key":"PowerPotion"},{"floor":30,"key":"sneckomod:MuddlingPotion"},{"floor":32,"key":"Strength Potion"}],"is_trial":false,"path_per_floor":["R","M","M","?","?","$","T","R","E","?","M","M","?","M","M","B",null,"R","M","?","$","?","$","T","M","M","R","M","$","M","M","M","B"],"character_chosen":"THE_AUTOMATON","items_purchased":["Fruit Juice","bronze:Frontload"],"campfire_rested":0,"item_purchase_floors":[21,21],"current_hp_per_floor":[70,70,69,104,109,99,99,99,43,43,43,43,76,76,64,17,116,116,111,111,100,77,77,77,68,53,53,31,31,26,15,15,0,0,0],"gold":142,"neow_bonus":"UPGRADE_CARD","is_daily":false,"chose_seed":false,"campfire_upgraded":3,"win_rate":0.0,"timestamp":1614146325,"path_taken":["R","M","M","?","?","$","T","R","E","?","?","M","?","M","M","BOSS","R","M","?","?","?","$","T","M","M","R","M","$","M","M","M","BOSS"],"items_purchased_type":["Potion","Card"],"build_version":"2020-12-22","purchased_purges":2,"victory":false,"max_hp_per_floor":[70,70,70,105,110,110,110,110,110,110,110,110,116,116,116,116,116,116,116,116,113,118,118,118,123,123,123,123,123,123,123,123,123,123,123],"card_choices":[{"not_picked":["bronze:WildBeam","bronze:CutThrough"],"picked":"bronze:FollowUp","floor":2},{"not_picked":["bronze:DelayedGuard","bronze:Deprecate"],"picked":"bronze:Turbo","floor":3},{"not_picked":["bronze:DelayedGuard","bronze:CutThrough"],"picked":"bronze:Repulsor","floor":6},{"not_picked":["bronze:Repair","bronze:SpaghettiCode"],"picked":"bronze:Constructor","floor":9},{"not_picked":["bronze:BugBarrage","bronze:Branch"],"picked":"bronze:Separator","floor":11},{"not_picked":["bronze:Deprecate","bronze:Separator"],"picked":"bronze:Branch","floor":12},{"not_picked":["bronze:Iterate","bronze:FollowUp"],"picked":"bronze:Boost","floor":14},{"not_picked":["bronze:WhirlingStrike","bronze:Shield"],"picked":"bronze:DarkDash","floor":15},{"not_picked":["bronze:Virus","bronze:Library"],"picked":"bronze:Format","floor":16},{"not_picked":["bronze:DelayedSlice","bronze:Shield"],"picked":"bronze:InfiniteBeams+1","floor":19},{"not_picked":["bronze:OilSpill","bronze:BuggyMess","bronze:TinkerersToolbox"],"picked":"SKIP","floor":21},{"not_picked":["bronze:NullPointer+1","bronze:BronzeArmor+1","bronze:BugBarrage"],"picked":"SKIP","floor":23},{"not_picked":["bronze:Frontload","bronze:Separator+1"],"picked":"bronze:WildBeam+1","floor":25},{"not_picked":["bronze:OilSpill+1","bronze:CutThrough"],"picked":"bronze:DarkDash+1","floor":26},{"not_picked":["bronze:BuggyMess","bronze:BugBarrage+1"],"picked":"bronze:Terminator","floor":28},{"not_picked":["bronze:DelayedGuard+1","bronze:ChosenStrike"],"picked":"bronze:Overload+1","floor":29},{"not_picked":["bronze:Turbo","bronze:DelayedGuard+1"],"picked":"bronze:BitShift","floor":30},{"not_picked":["bronze:OilSpill","bronze:ChosenStrike","bronze:Shell"],"picked":"SKIP","floor":31},{"not_picked":["bronze:Shield","bronze:DelayedGuard"],"picked":"bronze:WhirlingStrike","floor":32}],"player_experience":1044454,"relics_obtained":[{"floor":7,"key":"Mummified Hand"},{"floor":9,"key":"bronze:CableSpool"}],"event_choices":[{"damage_healed":0,"gold_gain":0,"player_choice":"Donut","damage_taken":0,"max_hp_gain":5,"max_hp_loss":0,"event_name":"Big Fish","floor":5,"gold_loss":0},{"cards_removed":["Normality"],"damage_healed":0,"gold_gain":0,"player_choice":"Card Removal","damage_taken":0,"max_hp_gain":0,"max_hp_loss":0,"event_name":"The Cleric","floor":10,"gold_loss":0},{"damage_healed":27,"gold_gain":0,"player_choice":"Healed and dodged fight","damage_taken":0,"max_hp_gain":0,"max_hp_loss":0,"event_name":"Mushrooms","floor":13,"gold_loss":0,"cards_obtained":["Parasite"]}],"is_beta":false,"boss_relics":[{"not_picked":["Empty Cage","Runic Pyramid"],"picked":"Velvet Choker"}],"items_purged_floors":[6,21],"is_endless":false,"potions_floor_spawned":[3,11,12,14,16,25,26,28,30,32],"killed_by":"DF_ARCHETYPE_CLAW","ascension_level":3}}