{"host":"sw6p9u0oh417cx03","time":1614175009,"event":{"mods":["AchievementEnabler","Act Like it!","BaseMod","CapriCore","DeckTracker","Highlight Path","Minty Spire (QoL Compilation)","Quick Restart","StSLib"],"gold_per_floor":[109,57,72,87,104,130,55,55,55,86,106,106,118,131,131,205,205,216,116,126,176,194,194,194,119,119,139,139,173,48,48,48,121,121,131,142,97,97,114,114,114,114,169,169,201,201,229,79,79,79,79,79,8,36,36],"floor_reached":56,"language":"ZHS","playtime":1978,"items_purged":["Strike_G","Strike_G","Defend_G","Defend_G"],"score":2195,"play_id":"9ec8651f-f6d0-45de-8bd1-687d43467df2","local_time":"20210224215649","is_ascension_mode":true,"campfire_choices":[{"data":"Blade Dance","floor":8.0,"key":"SMITH"},{"data":"Acrobatics","floor":15.0,"key":"SMITH"},{"data":"Prepared","floor":23.0,"key":"SMITH"},{"data":"Tactician","floor":32.0,"key":"SMITH"},{"data":"Prepared","floor":41.0,"key":"SMITH"},{"data":"Accuracy","floor":44.0,"key":"SMITH"},{"data":"Phantasmal Killer","floor":46.0,"key":"SMITH"},{"floor":49.0,"key":"RECALL"},{"data":"Acrobatics","floor":52,"key":"SMITH"}],"circlet_count":0,"master_deck":["AscendersBane","Survivor","Accuracy+1","Acrobatics+1","Blade Dance+1","Escape Plan+1","Adrenaline","Acrobatics+1","Backflip+1","Prepared+1","Tactician+1","Phantasmal Killer+1","PiercingWail+1","Leg Sweep+1","Acrobatics+1","Prepared+1","Accuracy","Accuracy","Blade Dance+1"],"relics":["WristBlade","Bag of Preparation","Ornamental Fan","FaceOfCleric","Empty Cage","Pocketwatch","Bag of Marbles","Astrolabe","War Paint","Pen Nib","PreservedInsect"],"acts_visited":["Exordium","TheCity","TheBeyond","TheEnding"],"potions_floor_usage":[55,55],"damage_taken":[{"damage":2.0,"enemies":"Jaw Worm","floor":1.0,"turns":5.0},{"damage":4.0,"enemies":"Cultist","floor":3.0,"turns":4.0},{"damage":0.0,"enemies":"Small Slimes","floor":4.0,"turns":3.0},{"damage":0.0,"enemies":"Looter","floor":5.0,"turns":3.0},{"damage":15.0,"enemies":"Lagavulin","floor":6.0,"turns":6.0},{"damage":4.0,"enemies":"3 Sentries","floor":10.0,"turns":4.0},{"damage":0.0,"enemies":"2 Fungi Beasts","floor":11.0,"turns":2.0},{"damage":0.0,"enemies":"3 Louse","floor":13.0,"turns":2.0},{"damage":2.0,"enemies":"Large Slime","floor":14.0,"turns":3.0},{"damage":12.0,"enemies":"Hexaghost","floor":16.0,"turns":8.0},{"damage":0.0,"enemies":"3 Byrds","floor":18.0,"turns":5.0},{"damage":0.0,"enemies":"Shell Parasite","floor":20.0,"turns":2.0},{"damage":12.0,"enemies":"Snake Plant","floor":22.0,"turns":3.0},{"damage":0.0,"enemies":"Chosen and Byrds","floor":27.0,"turns":3.0},{"damage":0.0,"enemies":"Slavers","floor":29.0,"turns":3.0},{"damage":11.0,"enemies":"Collector","floor":33.0,"turns":3.0},{"damage":0.0,"enemies":"3 Darklings","floor":35.0,"turns":2.0},{"damage":0.0,"enemies":"3 Shapes","floor":36.0,"turns":2.0},{"damage":2.0,"enemies":"3 Darklings","floor":39.0,"turns":2.0},{"damage":0.0,"enemies":"Reptomancer","floor":45.0,"turns":2.0},{"damage":0.0,"enemies":"Nemesis","floor":47.0,"turns":1.0},{"damage":0,"enemies":"Donu and Deca","floor":50,"turns":2},{"damage":0,"enemies":"Shield and Spear","floor":54,"turns":2},{"damage":63,"enemies":"The Heart","floor":55,"turns":4}],"seed_played":"-4787445536644544926","potions_obtained":[{"floor":1.0,"key":"Energy Potion"},{"floor":6.0,"key":"Fire Potion"},{"floor":13.0,"key":"ColorlessPotion"},{"floor":16.0,"key":"PowerPotion"},{"floor":20.0,"key":"SkillPotion"},{"floor":27.0,"key":"Swift Potion"},{"floor":29.0,"key":"Energy Potion"}],"is_trial":false,"path_per_floor":["M","$","M","M","M","E","$","R","T","E","M","?","M","M","R","B",null,"M","$","M","?","M","R","?","?","T","M","?","E","$","$","R","B",null,"M","M","$","?","M","?","R","?","T","R","E","R","E","$","R","B",null,"R","$","E","B",null],"character_chosen":"THE_SILENT","items_purchased":["Acrobatics","Prepared","Accuracy"],"campfire_rested":0,"item_purchase_floors":[2,37,53],"current_hp_per_floor":[57,57,53,53,53,38,38,38,38,34,34,34,35,34,34,23,58,59,59,60,60,49,49,49,49,49,50,50,51,51,51,51,41,67,68,69,69,69,68,68,68,68,68,68,69,69,70,70,70,71,76,76,76,77,15],"gold":36,"neow_bonus":"BOSS_RELIC","is_daily":false,"chose_seed":false,"campfire_upgraded":8,"win_rate":0.0,"timestamp":1614175009,"path_taken":["M","$","M","M","M","E","$","R","T","E","M","?","?","M","R","BOSS","M","$","M","?","M","R","?","?","T","M","?","E","$","?","R","BOSS","M","M","$","?","M","?","R","?","T","R","E","R","E","$","R","BOSS","R","$","E","BOSS"],"items_purchased_type":["Card","Card","Card"],"build_version":"2020-12-22","purchased_purges":4,"victory":true,"max_hp_per_floor":[66,66,66,66,66,66,66,66,66,66,66,66,67,68,68,69,69,70,70,71,71,72,72,72,72,72,73,73,74,74,74,74,75,75,76,77,77,73,74,74,74,74,74,74,75,75,76,76,76,77,77,77,77,78,79],"card_choices":[{"not_picked":["Choke","Underhanded Strike"],"picked":"Accuracy","floor":1.0},{"not_picked":["Dagger Spray","Blur","Finisher"],"picked":"SKIP","floor":3.0},{"not_picked":["Poisoned Stab","Outmaneuver"],"picked":"Blade Dance","floor":4.0},{"not_picked":["Well Laid Plans","Flying Knee","PiercingWail"],"picked":"SKIP","floor":5.0},{"not_picked":["Sucker Punch","Distraction","Deflect"],"picked":"SKIP","floor":6.0},{"not_picked":["Choke","Flying Knee","Infinite Blades"],"picked":"SKIP","floor":10.0},{"not_picked":["Doppelganger","Deadly Poison","Riddle With Holes"],"picked":"SKIP","floor":11.0},{"not_picked":["Slice","Deflect"],"picked":"Escape Plan","floor":13.0},{"not_picked":["Concentrate","Underhanded Strike","Deflect"],"picked":"SKIP","floor":14.0},{"not_picked":["Die Die Die","Wraith Form v2"],"picked":"Adrenaline","floor":16.0},{"not_picked":["Flying Knee","Finisher"],"picked":"Acrobatics","floor":18.0},{"not_picked":["Dagger Throw","Sucker Punch"],"picked":"Backflip","floor":20.0},{"not_picked":["Deadly Poison+1","Slice+1"],"picked":"Prepared","floor":22.0},{"not_picked":["Dagger Throw","Bane","Infinite Blades+1"],"picked":"SKIP","floor":27.0},{"not_picked":["Choke","Backflip"],"picked":"Phantasmal Killer","floor":29.0},{"not_picked":["Slice","PiercingWail","Dagger Spray"],"picked":"SKIP","floor":35.0},{"not_picked":["Cloak And Dagger","Tools of the Trade","Outmaneuver"],"picked":"SKIP","floor":36.0},{"not_picked":["Acrobatics","Flechettes+1","Infinite Blades+1"],"picked":"SKIP","floor":39.0},{"not_picked":["Eviscerate","Dodge and Roll"],"picked":"Accuracy","floor":45.0},{"not_picked":["PiercingWail","Deflect+1","Cloak And Dagger+1"],"picked":"SKIP","floor":47.0},{"not_picked":["Outmaneuver+1","Slice"],"picked":"Blade Dance+1","floor":54}],"player_experience":322807,"relics_obtained":[{"floor":6.0,"key":"Bag of Preparation"},{"floor":10.0,"key":"Ornamental Fan"},{"floor":26.0,"key":"Pocketwatch"},{"floor":29.0,"key":"Bag of Marbles"},{"floor":43.0,"key":"War Paint"},{"floor":45.0,"key":"Pen Nib"},{"floor":47.0,"key":"PreservedInsect"}],"event_choices":[{"damage_healed":0.0,"max_hp_gain":0.0,"max_hp_loss":0.0,"gold_gain":0.0,"event_name":"FaceTrader","player_choice":"Trade","floor":12.0,"gold_loss":0.0,"damage_taken":0.0,"relics_obtained":["FaceOfCleric"]},{"damage_healed":0.0,"max_hp_gain":0.0,"max_hp_loss":0.0,"gold_gain":50.0,"event_name":"Nest","player_choice":"Stole From Cult","floor":21.0,"gold_loss":0.0,"damage_taken":0.0},{"damage_healed":0.0,"max_hp_gain":0.0,"max_hp_loss":0.0,"gold_gain":0.0,"event_name":"Ghosts","player_choice":"Ignored","floor":24.0,"gold_loss":0.0,"damage_taken":0.0},{"cards_removed":["Strike_G"],"damage_healed":0.0,"max_hp_gain":0.0,"max_hp_loss":0.0,"gold_gain":0.0,"event_name":"Beggar","player_choice":"Gave Gold","floor":25.0,"gold_loss":75.0,"damage_taken":0.0},{"damage_healed":0.0,"max_hp_gain":0.0,"max_hp_loss":0.0,"gold_gain":0.0,"event_name":"The Library","player_choice":"Read","floor":28.0,"gold_loss":0.0,"damage_taken":0.0,"cards_obtained":["Tactician"]},{"damage_healed":0.0,"max_hp_gain":0.0,"max_hp_loss":4.0,"gold_gain":0.0,"event_name":"Winding Halls","player_choice":"Max HP","floor":38.0,"gold_loss":0.0,"damage_taken":0.0},{"cards_removed":["Neutralize"],"damage_healed":0.0,"max_hp_gain":0.0,"max_hp_loss":0.0,"gold_gain":0.0,"event_name":"Falling","player_choice":"Removed Attack","floor":40.0,"gold_loss":0.0,"damage_taken":0.0},{"damage_healed":0.0,"max_hp_gain":0.0,"max_hp_loss":0.0,"gold_gain":0.0,"event_name":"Tomb of Lord Red Mask","player_choice":"Ignored","floor":42.0,"gold_loss":0.0,"damage_taken":0.0}],"is_beta":false,"boss_relics":[{"not_picked":["Black Star","Runic Dome"],"picked":"Empty Cage"},{"not_picked":["Busted Crown","Cursed Key"],"picked":"Astrolabe"}],"items_purged_floors":[7,19,30,48],"is_endless":false,"potions_floor_spawned":[1,6,13,16,20,27,29,35,45,47],"ascension_level":15}}