{"host":"0qulokkk26x4i6bu","time":1614144963,"event":{"mods":["BaseMod","Bestiary","Block Reminder","DeckTracker","Minty Spire (QoL Compilation)","Relic Stats"],"gold_per_floor":[110,110,128,57,57,57,74,84,107,107,123,137,12,12,12,114,114,134,146,158,175,191,226,226,226,226],"floor_reached":25,"language":"ENG","playtime":1169,"items_purged":["Pain"],"score":239,"play_id":"a0d4c02c-fa1b-4e98-bd98-31a778f072b7","local_time":"20210223213603","is_ascension_mode":true,"campfire_choices":[{"data":"Defragment","floor":6,"key":"SMITH"},{"data":"Hologram","floor":10,"key":"SMITH"},{"data":"Creative AI","floor":15,"key":"SMITH"},{"data":"Genetic Algorithm","floor":24,"key":"SMITH"}],"circlet_count":0,"master_deck":["Strike_B","Strike_B","Strike_B","Defend_B","Defend_B","Defend_B","Defend_B","Zap","Dualcast","Doom and Gloom","Coolheaded","Defragment+1","Hologram+1","Cold Snap","Creative AI+1","Compile Driver","Conserve Battery","Electrodynamics","Reinforced Body","Cold Snap","Genetic Algorithm+1"],"relics":["Nuclear Battery","WarpedTongs","Toy Ornithopter","Snecko Eye","Bag of Preparation"],"acts_visited":["Exordium","TheCity"],"potions_floor_usage":[20,22],"damage_taken":[{"damage":4,"enemies":"Jaw Worm","floor":1,"turns":4},{"damage":6,"enemies":"Cultist","floor":3,"turns":4},{"damage":6,"enemies":"2 Louse","floor":7,"turns":3},{"damage":12,"enemies":"Exordium Thugs","floor":8,"turns":3},{"damage":4,"enemies":"Blue Slaver","floor":11,"turns":2},{"damage":0,"enemies":"Gremlin Gang","floor":12,"turns":2},{"damage":27,"enemies":"Slime Boss","floor":16,"turns":8},{"damage":48,"enemies":"3 Byrds","floor":18,"turns":4},{"damage":20,"enemies":"2 Thieves","floor":19,"turns":4},{"damage":0,"enemies":"Chosen and Byrds","floor":20,"turns":4},{"damage":2,"enemies":"Cultist and Chosen","floor":21,"turns":7},{"damage":9,"enemies":"3 Cultists","floor":22,"turns":3},{"damage":3,"enemies":"Gremlin Leader","floor":23,"turns":6},{"damage":4,"enemies":"Chosen and Byrds","floor":25,"turns":4}],"seed_played":"2514199423767397945","potions_obtained":[{"floor":1,"key":"BlessingOfTheForge"},{"floor":2,"key":"EssenceOfSteel"},{"floor":2,"key":"Explosive Potion"},{"floor":20,"key":"EntropicBrew"},{"floor":23,"key":"PowerPotion"}],"is_trial":false,"path_per_floor":["M","?","M","$","?","R","M","M","T","R","M","M","$","?","R","B",null,"M","M","M","M","M","E","R","M"],"character_chosen":"DEFECT","items_purchased":["Defragment","Conserve Battery"],"campfire_rested":0,"item_purchase_floors":[4,13],"current_hp_per_floor":[71,71,65,65,65,65,59,47,47,47,43,43,43,43,43,16,75,27,7,12,10,6,3,3,0,0],"gold":226,"neow_bonus":"BOSS_RELIC","is_daily":false,"chose_seed":false,"campfire_upgraded":4,"win_rate":0.0,"timestamp":1614144963,"path_taken":["M","?","?","?","?","R","M","?","T","R","M","M","$","?","R","BOSS","M","M","M","M","?","E","R","M"],"items_purchased_type":["Card","Card"],"build_version":"2020-12-22","purchased_purges":1,"victory":false,"max_hp_per_floor":[75,75,75,75,75,75,75,75,75,75,75,75,75,75,75,75,75,75,75,75,75,75,75,75,75,75],"relic_stats":{"counters":[14,58],"Snecko Eye":[63,56,41,72],"Bag of Preparation":[2],"obtain_stats":[{"Snecko Eye":17,"Bag of Preparation":23,"Cracked Core":0,"Toy Ornithopter":9,"Nuclear Battery":0,"WarpedTongs":5},{"Snecko Eye":7,"Bag of Preparation":13,"Cracked Core":0,"Toy Ornithopter":4,"Nuclear Battery":0,"WarpedTongs":2},{"Snecko Eye":26,"Bag of Preparation":54,"Cracked Core":0,"Toy Ornithopter":14,"Nuclear Battery":0,"WarpedTongs":8}],"Toy Ornithopter":10,"WarpedTongs":[50]},"card_choices":[{"not_picked":["Heatsinks","FTL"],"picked":"Doom and Gloom","floor":1},{"not_picked":["Streamline","Hello World"],"picked":"Coolheaded","floor":3},{"not_picked":["Turbo","Rebound"],"picked":"Hologram","floor":7},{"not_picked":["Stack","Ball Lightning"],"picked":"Cold Snap","floor":8},{"not_picked":["Leap","Scrape"],"picked":"Creative AI","floor":11},{"not_picked":["Beam Cell","Hologram"],"picked":"Compile Driver","floor":12},{"not_picked":["Hyperbeam","Thunder Strike"],"picked":"Electrodynamics","floor":16},{"not_picked":["Hologram","Blizzard","Turbo"],"picked":"SKIP","floor":18},{"not_picked":["Rebound","Rip and Tear","Ball Lightning"],"picked":"SKIP","floor":19},{"not_picked":["Redo","Leap"],"picked":"Reinforced Body","floor":20},{"not_picked":["Rebound","Streamline","Stack"],"picked":"SKIP","floor":21},{"not_picked":["Stack","Darkness+1"],"picked":"Cold Snap","floor":22},{"not_picked":["Stack","Buffer"],"picked":"Genetic Algorithm","floor":23}],"player_experience":85826,"relics_obtained":[{"floor":9,"key":"Toy Ornithopter"},{"floor":23,"key":"Bag of Preparation"}],"event_choices":[{"damage_healed":0,"gold_gain":0,"player_choice":"Got Potions","damage_taken":0,"max_hp_gain":0,"max_hp_loss":0,"event_name":"Lab","floor":2,"gold_loss":0},{"damage_healed":0,"gold_gain":0,"player_choice":"Rummage","damage_taken":0,"relics_obtained":["WarpedTongs"],"max_hp_gain":0,"max_hp_loss":0,"event_name":"Accursed Blacksmith","floor":5,"gold_loss":0,"cards_obtained":["Pain"]},{"cards_removed":["Strike_B"],"damage_healed":0,"gold_gain":0,"player_choice":"Card Removal","damage_taken":0,"max_hp_gain":0,"max_hp_loss":0,"event_name":"Wheel of Change","floor":14,"gold_loss":0}],"is_beta":false,"boss_relics":[{"not_picked":["Runic Dome","SacredBark"],"picked":"Snecko Eye"}],"items_purged_floors":[13],"is_endless":false,"potions_floor_spawned":[1,7,8,12,20,21,23],"killed_by":"Chosen and Byrds","ascension_level":2}}