{"host":"kxz5izodaorfb9am","time":1614171425,"event":{"mods":["BaseMod","GifTheSpireLib","Minty Spire (QoL Compilation)","Shop Mod","StSLib"],"gold_per_floor":[113,113,71,83,0,0,12,24,71,101,114,114,140,152,152,229,229,245,245,245,37,56,88,105,105,132,132,159,159,177,191,191,263,263,274,53,78,88,99,433,433,478,478,490,510,510,538,555,555,555,555,555,27,59,59,59],"floor_reached":55,"language":"ENG","playtime":4764,"items_purged":["Strike_G+1","Acrobatics","Parasite"],"score":1590,"play_id":"17b4dd59-a0d6-4c68-86b6-012eba132ea6","local_time":"20210224135705","is_ascension_mode":true,"campfire_choices":[{"data":"Footwork","floor":6,"key":"SMITH"},{"data":"A Thousand Cuts","floor":12,"key":"SMITH"},{"floor":15,"key":"REST"},{"data":"After Image","floor":32,"key":"SMITH"},{"data":"Cloak And Dagger","floor":41,"key":"SMITH"},{"floor":49,"key":"RECALL"},{"data":"After Image","floor":52,"key":"SMITH"}],"circlet_count":0,"master_deck":["AscendersBane","Survivor","Neutralize","Footwork","Blade Dance","Footwork+1","A Thousand Cuts+1","Prepared","Cloak And Dagger","Quick Slash","After Image+1","Well Laid Plans","Noxious Fumes","Blade Dance","Blade Dance+1","After Image","Blade Dance","Deflect","Envenom","Prepared","Phantasmal Killer","Acrobatics","Dagger Spray","Deflect","Cloak And Dagger+1","Flash of Steel","Blur","Leg Sweep","Accuracy","After Image+1","Adrenaline","Caltrops","Terror+1"],"relics":["SlaversCollar","Mummified Hand","Toy Ornithopter","Singing Bowl","White Beast Statue","Empty Cage","Centennial Puzzle","Bag of Preparation","Pandora\u0027s Box","Gambling Chip","Old Coin","Prayer Wheel","Dream Catcher","Orichalcum","Lantern","Vajra"],"acts_visited":["Exordium","TheCity","TheBeyond","TheEnding"],"potions_floor_usage":[11,13,16,18,18,23,23,28,28,31,33,33,38,40,42,44,45,47,48,50,55],"damage_taken":[{"damage":16,"enemies":"Cultist","floor":1,"turns":5},{"damage":4,"enemies":"2 Louse","floor":4,"turns":5},{"damage":0,"enemies":"Small Slimes","floor":7,"turns":4},{"damage":0,"enemies":"Exordium Wildlife","floor":8,"turns":4},{"damage":10,"enemies":"Exordium Thugs","floor":11,"turns":7},{"damage":20,"enemies":"3 Sentries","floor":13,"turns":4},{"damage":0,"enemies":"2 Fungi Beasts","floor":14,"turns":3},{"damage":2,"enemies":"Hexaghost","floor":16,"turns":11},{"damage":13,"enemies":"Chosen","floor":18,"turns":9},{"damage":1,"enemies":"Shell Parasite","floor":22,"turns":6},{"damage":9,"enemies":"Book of Stabbing","floor":23,"turns":6},{"damage":22,"enemies":"Snake Plant","floor":24,"turns":5},{"damage":9,"enemies":"Slavers","floor":28,"turns":3},{"damage":1,"enemies":"Cultist and Chosen","floor":30,"turns":6},{"damage":0,"enemies":"Snecko","floor":31,"turns":5},{"damage":0,"enemies":"Collector","floor":33,"turns":6},{"damage":19,"enemies":"3 Darklings","floor":35,"turns":5},{"damage":0,"enemies":"Mind Bloom Boss Battle","floor":37,"turns":4},{"damage":0,"enemies":"Orb Walker","floor":38,"turns":3},{"damage":0,"enemies":"Writhing Mass","floor":39,"turns":9},{"damage":11,"enemies":"Nemesis","floor":40,"turns":5},{"damage":0,"enemies":"2 Orb Walkers","floor":42,"turns":5},{"damage":8,"enemies":"Jaw Worm Horde","floor":44,"turns":4},{"damage":0,"enemies":"Maw","floor":45,"turns":6},{"damage":0,"enemies":"Reptomancer","floor":47,"turns":5},{"damage":23,"enemies":"Spire Growth","floor":48,"turns":6},{"damage":55,"enemies":"Time Eater","floor":50,"turns":14},{"damage":6,"enemies":"Shield and Spear","floor":54,"turns":5},{"damage":76,"enemies":"The Heart","floor":55,"turns":5}],"seed_played":"-1793412730564405172","potions_obtained":[{"floor":4,"key":"CunningPotion"},{"floor":8,"key":"Block Potion"},{"floor":13,"key":"BlessingOfTheForge"},{"floor":14,"key":"Block Potion"},{"floor":16,"key":"SkillPotion"},{"floor":18,"key":"LiquidMemories"},{"floor":22,"key":"SkillPotion"},{"floor":23,"key":"Poison Potion"},{"floor":24,"key":"Dexterity Potion"},{"floor":28,"key":"DuplicationPotion"},{"floor":30,"key":"DistilledChaos"},{"floor":31,"key":"Swift Potion"},{"floor":33,"key":"Explosive Potion"},{"floor":35,"key":"Energy Potion"},{"floor":38,"key":"SpeedPotion"},{"floor":39,"key":"FearPotion"},{"floor":40,"key":"ColorlessPotion"},{"floor":42,"key":"SteroidPotion"},{"floor":44,"key":"Poison Potion"},{"floor":45,"key":"Energy Potion"},{"floor":47,"key":"AttackPotion"},{"floor":48,"key":"LiquidMemories"},{"floor":54,"key":"DuplicationPotion"}],"is_trial":false,"path_per_floor":["M","T","$","M","$","R","M","M","T","?","M","R","E","M","R","B",null,"M","$","?","$","M","E","M","?","T","?","E","?","M","M","R","B",null,"M","$","?","M","M","E","R","?","T","M","M","?","E","M","R","B",null,"R","$","E","B"],"character_chosen":"THE_SILENT","items_purchased":["Footwork","Footwork","Noxious Fumes","Blade Dance","Cloak And Dagger","Flash of Steel","Adrenaline","Caltrops","Lantern"],"campfire_rested":1,"item_purchase_floors":[3,5,21,21,36,36,53,53,53],"current_hp_per_floor":[43,43,43,39,39,39,39,39,39,39,34,34,21,21,41,44,62,59,59,59,59,58,61,41,41,41,21,24,24,25,30,30,40,71,52,52,52,59,59,53,53,60,60,61,68,68,75,61,61,11,76,76,76,70,0,0],"gold":59,"neow_bonus":"BOSS_RELIC","is_daily":false,"chose_seed":false,"campfire_upgraded":5,"win_rate":0.0,"timestamp":1614171425,"path_taken":["M","?","?","M","$","R","M","M","T","?","M","R","E","M","R","BOSS","M","$","?","$","M","E","M","?","T","?","E","?","?","M","R","BOSS","M","$","?","M","M","E","R","?","T","M","M","?","E","M","R","BOSS","R","$","E","BOSS"],"items_purchased_type":["Card","Card","Card","Card","Card","Card","Card","Card","Relic"],"build_version":"2020-12-22","purchased_purges":3,"victory":false,"max_hp_per_floor":[66,66,66,66,66,66,66,66,66,66,66,66,68,68,68,68,68,68,68,68,68,68,70,72,72,72,77,79,79,81,81,81,81,81,81,81,81,83,83,83,83,85,85,89,91,91,93,97,97,97,97,97,94,94,94,94],"card_choices":[{"not_picked":["Dodge and Roll","Underhanded Strike","Outmaneuver"],"picked":"SKIP","floor":1},{"not_picked":["Flying Knee","Tactician"],"picked":"Blade Dance","floor":4},{"not_picked":["Flying Knee","Finisher"],"picked":"A Thousand Cuts","floor":7},{"not_picked":["Setup","PiercingWail"],"picked":"Prepared","floor":8},{"not_picked":["Dodge and Roll","Dagger Throw"],"picked":"Cloak And Dagger","floor":11},{"not_picked":["Doppelganger","Acrobatics","Deflect"],"picked":"Singing Bowl","floor":13},{"not_picked":["Riddle With Holes","Crippling Poison"],"picked":"Quick Slash","floor":14},{"not_picked":["Phantasmal Killer","Adrenaline"],"picked":"After Image","floor":16},{"not_picked":["PiercingWail","Slice"],"picked":"Well Laid Plans","floor":18},{"not_picked":["Underhanded Strike","PiercingWail"],"picked":"Blade Dance+1","floor":22},{"not_picked":["Well Laid Plans","Flechettes","Flying Knee+1"],"picked":"Singing Bowl","floor":23},{"not_picked":["Prepared","Venomology","Acrobatics"],"picked":"Singing Bowl","floor":24},{"not_picked":["Quick Slash","Infinite Blades","Bane"],"picked":"Singing Bowl","floor":28},{"not_picked":["Poisoned Stab","Choke","Calculated Gamble"],"picked":"Singing Bowl","floor":30},{"not_picked":["Poisoned Stab","Caltrops"],"picked":"Deflect","floor":31},{"not_picked":["Wraith Form v2","Bullet Time"],"picked":"Envenom","floor":33},{"not_picked":["Dodge and Roll","Tactician+1"],"picked":"Deflect","floor":35},{"not_picked":["Distraction+1","Flying Knee+1"],"picked":"Blur","floor":37},{"not_picked":["Calculated Gamble","Expertise","Underhanded Strike+1"],"picked":"Singing Bowl","floor":38},{"not_picked":["Bane","Endless Agony"],"picked":"Leg Sweep","floor":39},{"not_picked":["Dagger Throw","Crippling Poison"],"picked":"Accuracy","floor":40},{"not_picked":["Masterful Stab","Dagger Throw+1","Tactician"],"picked":"Singing Bowl","floor":42},{"not_picked":["Dodge and Roll","Endless Agony","Flying Knee"],"picked":"Singing Bowl","floor":44},{"not_picked":["Blade Dance","Dash","Dagger Throw"],"picked":"Singing Bowl","floor":44},{"not_picked":["Infinite Blades+1","PiercingWail+1","Dagger Throw+1"],"picked":"Singing Bowl","floor":45},{"not_picked":["Noxious Fumes","Calculated Gamble"],"picked":"After Image","floor":45},{"not_picked":["Infinite Blades","Night Terror","Masterful Stab"],"picked":"Singing Bowl","floor":47},{"not_picked":["Predator","Leg Sweep+1","Flying Knee"],"picked":"Singing Bowl","floor":48},{"not_picked":["Quick Slash","Slice","Flying Knee"],"picked":"Singing Bowl","floor":48},{"not_picked":["Predator","Flying Knee"],"picked":"Terror+1","floor":54}],"player_experience":362080,"relics_obtained":[{"floor":2,"key":"Mummified Hand"},{"floor":9,"key":"Toy Ornithopter"},{"floor":13,"key":"White Beast Statue"},{"floor":23,"key":"Centennial Puzzle"},{"floor":28,"key":"Bag of Preparation"},{"floor":37,"key":"Gambling Chip"},{"floor":40,"key":"Old Coin"},{"floor":42,"key":"Prayer Wheel"},{"floor":43,"key":"Dream Catcher"},{"floor":47,"key":"Orichalcum"},{"floor":54,"key":"Vajra"}],"event_choices":[{"damage_healed":0,"gold_gain":30,"player_choice":"Searched \u00272\u0027 times","damage_taken":0,"relics_obtained":["Singing Bowl"],"max_hp_gain":0,"max_hp_loss":0,"event_name":"Dead Adventurer","floor":10,"gold_loss":0},{"damage_healed":0,"gold_gain":0,"player_choice":"Simplicity","damage_taken":0,"max_hp_gain":0,"max_hp_loss":0,"event_name":"Back to Basics","floor":20,"gold_loss":0,"cards_upgraded":["Strike_G","Strike_G","Strike_G","Defend_G","Defend_G","Defend_G","Defend_G","Defend_G"]},{"damage_healed":0,"gold_gain":0,"cards_transformed":["Strike_G","Strike_G"],"player_choice":"Became Test Subject","damage_taken":0,"max_hp_gain":0,"max_hp_loss":0,"event_name":"Drug Dealer","floor":25,"gold_loss":0,"cards_obtained":["After Image","Blade Dance"]},{"damage_healed":0,"gold_gain":0,"player_choice":"Shed Blood","damage_taken":25,"max_hp_gain":5,"max_hp_loss":0,"event_name":"Forgotten Altar","floor":27,"gold_loss":0},{"damage_healed":0,"gold_gain":0,"player_choice":"Ignored","damage_taken":0,"max_hp_gain":0,"max_hp_loss":0,"event_name":"Vampires","floor":29,"gold_loss":0},{"damage_healed":0,"gold_gain":0,"player_choice":"Fight","damage_taken":0,"max_hp_gain":0,"max_hp_loss":0,"event_name":"MindBloom","floor":37,"gold_loss":0},{"damage_healed":0,"gold_gain":0,"player_choice":"Fight","damage_taken":0,"max_hp_gain":0,"max_hp_loss":0,"event_name":"Mysterious Sphere","floor":42,"gold_loss":0},{"damage_healed":0,"gold_gain":0,"player_choice":"Ignored","damage_taken":0,"max_hp_gain":0,"max_hp_loss":0,"event_name":"Tomb of Lord Red Mask","floor":46,"gold_loss":0}],"is_beta":false,"boss_relics":[{"not_picked":["HoveringKite","Calling Bell"],"picked":"Empty Cage"},{"not_picked":["Runic Dome","Velvet Choker"],"picked":"Pandora\u0027s Box"}],"items_purged_floors":[21,36,53],"is_endless":false,"potions_floor_spawned":[4,8,13,14,16,18,22,23,24,28,30,31,33,35,37,38,39,40,42,44,45,47,48,54],"killed_by":"The Heart","ascension_level":17}}