{"host":"wpobqx0jtxs252ev","time":1614134645,"event":{"mods":["AchievementEnabler","Act Like it!","BaseMod","Better Altar","Better Match","Better Note","Better Sensory Stone","Better Skull","Better Third Choice","Colored Powertips","Downfall","Highlight Path","Infinite Spire","Mimic Mod","Minty Spire (QoL Compilation)","Relic Stats","Reliquary","Replay The Spire","Spire Arcade","StSLib"],"gold_per_floor":[17,35,53,53,65,95,95,110,110,75,94,94,128,139,139,243,243,261,261,227,58,78,107,124,136,161,172,172,172,172,187,187,283,283,302,302,369,412,412,445,465,390,390,228,256,288,288,323,385,411],"floor_reached":51,"language":"ENG","playtime":5241,"items_purged":[],"score":843,"play_id":"52dcb699-8a9b-4530-8342-64cfeab95e40","local_time":"20210223234405","is_ascension_mode":false,"campfire_choices":[{"floor":7.0,"key":"REST"},{"floor":12.0,"key":"REST"},{"data":"Fission","floor":15.0,"key":"SMITH"},{"floor":29.0,"key":"REST"},{"data":"Loop","floor":32.0,"key":"SMITH"},{"data":"Heatsinks","floor":47,"key":"SMITH"}],"circlet_count":0,"master_deck":["Strike_B","Strike_B","Strike_B","Strike_B+1","Defend_B","Defend_B","Defend_B","Defend_B","Zap+1","Dualcast","Redo+1","Loop+1","Fission+1","Chill+1","Aggregate+1","Seek+1","ReplaySolidLightProjector+1","Crystallizer+1","Midas Touch+1","Panic Button+1","White Noise+1","Loop","Meteor Strike","Replay:Fractal Strike","ReplayTheSpireMod:Calculation Training+1","Biased Cognition","Fission+1","Steam Power+1","Panic Button+1","Meteor Strike","BasicCrystalCard+1","Rainbow+1","Loop+1","Capacitor+1","Capacitor+1","Storm","Steam Power+1","Magnetism","ReplayTheSpireMod:Calculation Training+1","Tempest+1","All For One","Heatsinks+1","Rainbow+1","Chill+1"],"relics":["FrozenCore","infinitespire:Joker Card","infinitespire:Golems Mask","Toxic Egg 2","Toy Ornithopter","Blood Vial","Prayer Wheel","Replay:Antivirus Software","reliquary:RedPaperclip","infinitespire:Cupcake","Prayer Wheel","Ring of Misfortune","Ring of Peace","Question Card","Prayer Wheel","infinitespire:FocusingShard","Replay:Bandana","Prayer Wheel","Gremlin Horn","CaptainsWheel"],"acts_visited":["Exordium","TheCity","TheBeyond"],"potions_floor_usage":[41,46,49,50],"damage_taken":[{"damage":1.0,"enemies":"Cultist","floor":1.0,"turns":4.0},{"damage":6.0,"enemies":"Jaw Worm","floor":2.0,"turns":2.0},{"damage":3.0,"enemies":"2 Louse","floor":3.0,"turns":2.0},{"damage":5.0,"enemies":"Exordium Thugs","floor":5.0,"turns":4.0},{"damage":40.0,"enemies":"Gremlin Nob","floor":6.0,"turns":4.0},{"damage":5.0,"enemies":"Looter","floor":8.0,"turns":3.0},{"damage":11.0,"enemies":"Gremlin Gang","floor":11.0,"turns":4.0},{"damage":9.0,"enemies":"Lagavulin","floor":13.0,"turns":6.0},{"damage":2.0,"enemies":"Blue Slaver","floor":14.0,"turns":3.0},{"damage":35.0,"enemies":"Fading Forest","floor":16.0,"turns":11.0},{"damage":15.0,"enemies":"Chosen","floor":18.0,"turns":5.0},{"damage":5.0,"enemies":"2 Thieves","floor":20.0,"turns":5.0},{"damage":1.0,"enemies":"Snake Plant","floor":22.0,"turns":4.0},{"damage":5.0,"enemies":"Replay:Snechameleon","floor":23.0,"turns":7.0},{"damage":0.0,"enemies":"Snecko","floor":24.0,"turns":5.0},{"damage":19.0,"enemies":"Centurion and Healer","floor":25.0,"turns":8.0},{"damage":10.0,"enemies":"Shelled Parasite and Fungi","floor":27.0,"turns":2.0},{"damage":0.0,"enemies":"Snecko","floor":31.0,"turns":5.0},{"damage":29.0,"enemies":"Collector","floor":33.0,"turns":10.0},{"damage":0.0,"enemies":"3 Shapes","floor":35.0,"turns":4.0},{"damage":0.0,"enemies":"Orb Walker","floor":38.0,"turns":6.0},{"damage":0,"enemies":"Reptomancer","floor":40,"turns":4},{"damage":0,"enemies":"Jaw Worm Horde","floor":41,"turns":4},{"damage":0,"enemies":"Maw","floor":45,"turns":5},{"damage":0,"enemies":"Transient","floor":46,"turns":5},{"damage":0,"enemies":"Nightmare","floor":48,"turns":5},{"damage":0,"enemies":"Mind Bloom Boss Battle","floor":49,"turns":2},{"damage":0,"enemies":"infinitespire:MassOfShapes","floor":50,"turns":5}],"seed_played":"3015615579740235791","potions_obtained":[{"floor":2.0,"key":"Swift Potion"},{"floor":3.0,"key":"Elixir"},{"floor":8.0,"key":"ColorlessPotion"},{"floor":16.0,"key":"sneckomod:MuddlingPotion"},{"floor":18.0,"key":"Weak Potion"},{"floor":20.0,"key":"Guardian:BlockOnCardUsePotion"},{"floor":23.0,"key":"PowerPotion"},{"floor":31.0,"key":"Cursed Concoction"},{"floor":37.0,"key":"SteroidPotion"},{"floor":38,"key":"LiquidMemories"},{"floor":46,"key":"Block Potion"},{"floor":48,"key":"Swift Potion"},{"floor":49,"key":"Fire Potion"}],"is_trial":false,"path_per_floor":["M","M","M","?","M","E","R","M","T","?","M","R","E","M","R","B",null,"M","?","M","$","M","E","M","M","T","M","AVR","R","?","M","R","B",null,"M","?","?","M","?","E","M","?","T","$","M","M","R","NM","R","B",null],"character_chosen":"DEFECT","items_purchased":["Midas Touch+1","Magnetism"],"campfire_rested":3,"item_purchase_floors":[21,44],"current_hp_per_floor":[74,68,65,50,45,5,27,22,22,40,29,51,42,40,40,27,75,60,60,60,60,59,54,61,44,44,36,36,58,58,60,60,33,75,75,75,45,47,47,49,56,56,56,56,58,65,65,67,74,75],"gold":411,"neow_bonus":"ONE_RARE_RELIC","is_daily":false,"chose_seed":false,"campfire_upgraded":3,"win_rate":0.0,"timestamp":1614134645,"path_taken":["M","M","?","?","M","E","R","M","T","?","M","R","E","?","R","BOSS","M","?","M","$","M","E","?","M","T","M","AVR","R","?","M","R","BOSS","M","?","?","?","?","E","?","?","T","$","M","M","R","NM","R","BOSS"],"items_purchased_type":["Card","Card"],"build_version":"2020-12-22","purchased_purges":0,"victory":true,"max_hp_per_floor":[75,75,75,75,75,75,75,75,75,75,75,75,75,75,75,75,75,75,75,75,75,75,75,75,75,75,75,75,75,75,75,75,75,75,75,75,75,75,75,75,75,75,75,75,75,75,75,75,75,75],"relic_stats":{"Blood Vial":25,"Gremlin Horn":[8,9],"counters":[28,133],"Prayer Wheel":8,"Question Card":27,"obtain_stats":[{"Gremlin Horn":48,"infinitespire:Joker Card":0,"infinitespire:FocusingShard":40,"Question Card":37,"FrozenCore":17,"Blood Vial":23,"Replay:Bandana":43,"CaptainsWheel":49,"reliquary:RedPaperclip":28,"Ring of Misfortune":36,"Ring of Peace":36,"infinitespire:Satchel":6,"infinitespire:Golems Mask":9,"reliquary:Buckler":26,"Prayer Wheel":27,"Toxic Egg 2":13,"Replay:Antivirus Software":28,"Cracked Core":0,"Toy Ornithopter":19,"infinitespire:Cupcake":34},{"Gremlin Horn":26,"infinitespire:Joker Card":0,"infinitespire:FocusingShard":22,"Question Card":20,"FrozenCore":10,"Blood Vial":14,"Replay:Bandana":23,"CaptainsWheel":27,"reliquary:RedPaperclip":17,"Ring of Misfortune":20,"Ring of Peace":20,"infinitespire:Satchel":5,"infinitespire:Golems Mask":6,"reliquary:Buckler":16,"Prayer Wheel":17,"Toxic Egg 2":8,"Replay:Antivirus Software":17,"Cracked Core":0,"Toy Ornithopter":11,"infinitespire:Cupcake":19},{"Gremlin Horn":126,"infinitespire:Joker Card":0,"infinitespire:FocusingShard":108,"Question Card":98,"FrozenCore":43,"Blood Vial":64,"Replay:Bandana":112,"CaptainsWheel":128,"reliquary:RedPaperclip":79,"Ring of Misfortune":98,"Ring of Peace":98,"infinitespire:Satchel":16,"infinitespire:Golems Mask":19,"reliquary:Buckler":77,"Prayer Wheel":79,"Toxic Egg 2":29,"Replay:Antivirus Software":79,"Cracked Core":0,"Toy Ornithopter":48,"infinitespire:Cupcake":94}],"Toy Ornithopter":25,"FrozenCore":[44]},"card_choices":[{"not_picked":["Ball Lightning","Steam"],"picked":"Redo","floor":1.0},{"not_picked":["Stack","Hologram","Barrage"],"picked":"SKIP","floor":2.0},{"not_picked":["Sweeping Beam","Redo"],"picked":"Loop","floor":3.0},{"not_picked":["Sweeping Beam","ReplayTheSpireMod:System Scan"],"picked":"Hello World","floor":5.0},{"not_picked":["Sweeping Beam","Coolheaded"],"picked":"Fission","floor":6.0},{"not_picked":["Conserve Battery","Steam","Rip and Tear"],"picked":"SKIP","floor":8.0},{"not_picked":["White Noise","Go for the Eyes"],"picked":"Chill","floor":11.0},{"not_picked":["Hello World","Melter","Auto Shields+1"],"picked":"SKIP","floor":13.0},{"not_picked":["Doom and Gloom","Cold Snap"],"picked":"Aggregate+1","floor":14.0},{"not_picked":["Buffer","All For One"],"picked":"Seek+1","floor":16.0},{"not_picked":["ReplayTheSpireMod:Repulse+1","Cold Snap"],"picked":"ReplaySolidLightProjector+1","floor":18.0},{"not_picked":["Force Field+1","Coolheaded+1"],"picked":"Crystallizer+1","floor":20.0},{"not_picked":["Compile Driver","Doom and Gloom"],"picked":"Panic Button+1","floor":22.0},{"not_picked":["All For One","Tempest+1"],"picked":"White Noise+1","floor":23.0},{"not_picked":["Reinforced Body+1","Hologram+1"],"picked":"Loop","floor":24.0},{"not_picked":["Stack+1","Beam Cell","Leap+1"],"picked":"SKIP","floor":25.0},{"not_picked":["Auto Shields+1","Conserve Battery+1","Hello World"],"picked":"SKIP","floor":27.0},{"not_picked":["ReplayTheSpireMod:System Scan+1","Reprogram+1","Streamline"],"picked":"SKIP","floor":27.0},{"not_picked":["Barrage","Doom and Gloom"],"picked":"ReplayTheSpireMod:Calculation Training+1","floor":31.0},{"not_picked":["Time Bomb+1","Sweeping Beam+1","Auto Shields+1"],"picked":"SKIP","floor":31.0},{"not_picked":["Rainbow+1","Seek+1"],"picked":"Biased Cognition","floor":33.0},{"not_picked":["Hello World","Streamline"],"picked":"Steam Power+1","floor":35.0},{"not_picked":["Crystallizer+1","Compile Driver"],"picked":"Panic Button+1","floor":35.0},{"not_picked":["Cold Snap","Stack+1","Go for the Eyes+1"],"picked":"SKIP","floor":35.0},{"not_picked":["Ball Lightning","Fusion+1","Gash"],"picked":"BasicCrystalCard+1","floor":38},{"not_picked":["Steam+1","Ball Lightning+1","Genetic Algorithm+1"],"picked":"Rainbow+1","floor":38},{"not_picked":["Beam Cell","Panic Button+1","Conserve Battery+1"],"picked":"Loop+1","floor":38},{"not_picked":["Time Bomb+1","Conserve Battery+1","Rip and Tear+1","Go for the Eyes"],"picked":"SKIP","floor":38},{"not_picked":["Static Discharge+1","Sweeping Beam+1","Reprogram+1"],"picked":"Capacitor+1","floor":40},{"not_picked":["Barrage+1","Coolheaded+1","Compile Driver+1"],"picked":"Capacitor+1","floor":41},{"not_picked":["ReplayGash+1","Chill+1","Panic Button+1"],"picked":"Storm","floor":41},{"not_picked":["Reinforced Body+1","Stack+1","BasicCrystalCard+1","ReplayTheSpireMod:Repulse+1"],"picked":"SKIP","floor":41},{"not_picked":["Sweeping Beam+1","Hologram+1","Beam Cell","Blizzard"],"picked":"SKIP","floor":41},{"not_picked":["Fusion+1","ReplayTheSpireMod:Reroute Power+1","ReplayTheSpireMod:System Scan+1"],"picked":"Steam Power+1","floor":42},{"not_picked":["Barrage","BasicCrystalCard+1","FIFO Queue+1"],"picked":"ReplayTheSpireMod:Calculation Training+1","floor":45},{"not_picked":["Hologram+1","Barrage","Redo+1"],"picked":"Tempest+1","floor":45},{"not_picked":["Lockon+1","Coolheaded+1","Gash+1","Conserve Battery+1"],"picked":"SKIP","floor":45},{"not_picked":["Barrage","Beam Cell","BasicCrystalCard+1","Compile Driver"],"picked":"SKIP","floor":45},{"not_picked":["Hologram+1","Panic Button+1","Gash+1"],"picked":"All For One","floor":46},{"not_picked":["Beam Cell+1","Leap+1","FIFO Queue+1"],"picked":"Heatsinks","floor":46},{"not_picked":["Hologram+1","Ball Lightning","BasicCrystalCard+1","Stack+1"],"picked":"SKIP","floor":46},{"not_picked":["Streamline+1","Glacier+1","ReplayTheSpireMod:GoodbyeWorld+1","Beam Cell+1"],"picked":"SKIP","floor":46},{"not_picked":["Stack+1","Multi-Cast+1","Steam Power+1","Hologram+1"],"picked":"SKIP","floor":48},{"not_picked":["Ball Lightning+1","Gash","Streamline+1"],"picked":"Chill+1","floor":49}],"player_experience":211172,"relics_obtained":[{"floor":6.0,"key":"infinitespire:Satchel"},{"floor":9.0,"key":"infinitespire:Golems Mask"},{"floor":13.0,"key":"Toxic Egg 2"},{"floor":23.0,"key":"Blood Vial"},{"floor":26.0,"key":"reliquary:Buckler"},{"floor":36.0,"key":"Ring of Misfortune"},{"floor":36.0,"key":"Ring of Peace"},{"floor":37.0,"key":"Question Card"},{"floor":40,"key":"infinitespire:FocusingShard"},{"floor":43,"key":"Replay:Bandana"},{"floor":48,"key":"Gremlin Horn"},{"floor":49,"key":"CaptainsWheel"}],"event_choices":[{"damage_healed":65.0,"max_hp_gain":0.0,"max_hp_loss":75.0,"gold_gain":0.0,"event_name":"betterThird:BetterShining","player_choice":"Upgrade","floor":4.0,"gold_loss":0.0,"damage_taken":15.0,"cards_upgraded":["Redo","Strike_B"]},{"damage_healed":18.0,"max_hp_gain":0.0,"max_hp_loss":0.0,"gold_gain":0.0,"event_name":"The Cleric","player_choice":"Healed","floor":10.0,"gold_loss":35.0,"damage_taken":0.0},{"damage_healed":0.0,"max_hp_gain":0.0,"max_hp_loss":0.0,"gold_gain":0.0,"event_name":"WeMeetAgain","player_choice":"Gave Potion","floor":19.0,"gold_loss":0.0,"damage_taken":0.0,"relics_obtained":["Toy Ornithopter"]},{"cards_removed":["Hello World"],"damage_healed":0.0,"max_hp_gain":0.0,"max_hp_loss":0.0,"gold_gain":0.0,"event_name":"Wheel of Change","player_choice":"Card Removal","floor":30.0,"gold_loss":0.0,"damage_taken":0.0},{"cards_removed":["Delirium"],"damage_healed":0,"gold_gain":0,"player_choice":"Purged","damage_taken":0,"max_hp_gain":0,"max_hp_loss":0,"event_name":"Purifier","floor":39,"gold_loss":0},{"damage_healed":0,"gold_gain":0,"player_choice":"2","damage_taken":0,"max_hp_gain":0,"max_hp_loss":0,"event_name":"betterMatch:BetterMatch","floor":42,"gold_loss":0,"cards_obtained":["betterMatch:UncommonCard"]},{"damage_healed":0,"gold_gain":0,"player_choice":"Fight","damage_taken":0,"max_hp_gain":0,"max_hp_loss":0,"event_name":"MindBloom","floor":49,"gold_loss":0}],"is_beta":false,"boss_relics":[{"not_picked":["Replay:Grab Bag","reliquary:Ember"],"picked":"FrozenCore"},{"not_picked":["Painkiller Herb","Replay:Bronze Core"],"picked":"infinitespire:Cupcake"}],"items_purged_floors":[],"is_endless":false,"potions_floor_spawned":[2,3,8,16,18,20,23,31,38,40,46,48,49],"ascension_level":0}}