{"host":"Doisman","time":1614140055,"event":{"mods":["AchievementEnabler","BaseMod","Better Note","Curses Come First","Minty Spire (QoL Compilation)","Permanent Neow","Quick Restart","Relic Stats","Replay The Spire","StSLib","slay the spire mod where everything is the same but ironclad has a cowboy hat"],"gold_per_floor":[114,39,39,54,54,84,99,99,174,174,204,219,249,264,264,364,364,379,379,394,319,344,382,382,403,403,56,79,79,115,140,140,244,294,319,342,365,365,115,115,151,185,235,252,288,322,322,341,341,349],"floor_reached":51,"language":"ENG","playtime":4228,"items_purged":["Strike_R","Strike_R"],"score":875,"play_id":"9e1eed68-c75d-4418-a026-e876b397d541","local_time":"20210223221415","daily_mods":["Heirloom","Colorless Cards","DeadlyEvents"],"is_ascension_mode":false,"campfire_choices":[{"data":"Bash","floor":8,"key":"SMITH"},{"data":"Shockwave","floor":10,"key":"SMITH"},{"data":"Metallicize","floor":24,"key":"SMITH"},{"data":"Flash of Steel","floor":29,"key":"SMITH"},{"data":"Inflame","floor":32,"key":"SMITH"},{"data":"Rupture","floor":40,"key":"SMITH"},{"floor":47,"key":"REST"}],"circlet_count":0,"master_deck":["Defend_R","Defend_R","Defend_R","Defend_R","Bash+1","Wild Strike+1","Shockwave+1","Shrug It Off+1","Apotheosis+1","Flash of Steel+1","Clothesline+1","Rupture+1","Metallicize+1","Discovery+1","Madness+1","Flame Barrier+1","Inflame+1","Juggernaut","Combust+1","Intimidate+1","Flame Barrier+1","Crow Ritual","Shrug It Off+1","Sword Boomerang+1"],"relics":["Burning Blood","Unceasing Top","Matryoshka","Toxic Egg 2","Art of War","Mercury Hourglass","Replay:PocketPolymizer","Nunchaku","Philosopher\u0027s Stone","Potion Belt","Replay:Bandana","Bottled Tornado","Strawberry","Lee\u0027s Waffle","Lizard Tail","Tiny House","Divine Protection","Replay:Bottled Flurry","Chameleon Ring","Akabeko","Pet Ghost","Replay:Baseball"],"acts_visited":["Exordium","TheCity","TheBeyond"],"potions_floor_usage":[13,13,13,16,23,27,33,33,33,33,33,35,37,44,44,45,50,50,50],"damage_taken":[{"damage":6,"enemies":"Cultist","floor":1,"turns":3},{"damage":6,"enemies":"Jaw Worm","floor":4,"turns":4},{"damage":33,"enemies":"Gremlin Nob","floor":6,"turns":5},{"damage":0,"enemies":"2 Louse","floor":7,"turns":2},{"damage":19,"enemies":"3 Sentries","floor":11,"turns":6},{"damage":0,"enemies":"Blue Slaver","floor":12,"turns":3},{"damage":0,"enemies":"Gremlin Nob","floor":13,"turns":2},{"damage":0,"enemies":"3 Louse","floor":14,"turns":3},{"damage":26,"enemies":"Fading Forest","floor":16,"turns":11},{"damage":0,"enemies":"Shell Parasite","floor":18,"turns":6},{"damage":18,"enemies":"2 Thieves","floor":20,"turns":4},{"damage":5,"enemies":"Replay:Snechameleon","floor":23,"turns":6},{"damage":8,"enemies":"Centurion and Healer","floor":25,"turns":7},{"damage":14,"enemies":"Snecko","floor":28,"turns":5},{"damage":14,"enemies":"Book of Stabbing","floor":30,"turns":5},{"damage":2,"enemies":"Snake Plant","floor":31,"turns":3},{"damage":33,"enemies":"Collector","floor":33,"turns":12},{"damage":4,"enemies":"3 Darklings","floor":35,"turns":4},{"damage":1,"enemies":"3 Shapes","floor":36,"turns":4},{"damage":0,"enemies":"Spire Growth","floor":37,"turns":5},{"damage":8,"enemies":"Giant Head","floor":41,"turns":9},{"damage":0,"enemies":"R_Hoarder","floor":42,"turns":8},{"damage":8,"enemies":"Jaw Worm Horde","floor":44,"turns":2},{"damage":25,"enemies":"Reptomancer","floor":45,"turns":6},{"damage":39,"enemies":"Nemesis","floor":46,"turns":9},{"damage":7,"enemies":"Transient","floor":48,"turns":5},{"damage":63,"enemies":"Donu and Deca","floor":50,"turns":10}],"seed_played":"1986488565424594500","potions_obtained":[{"floor":7,"key":"ElixirPotion"},{"floor":11,"key":"ColorlessPotion"},{"floor":12,"key":"LiquidMemories"},{"floor":13,"key":"Ancient Potion"},{"floor":16,"key":"EssenceOfSteel"},{"floor":23,"key":"Fruit Juice"},{"floor":30,"key":"SmokeBomb"},{"floor":34,"key":"Reflective Coating"},{"floor":35,"key":"Elixir"},{"floor":37,"key":"Toxic Potion"},{"floor":42,"key":"LiquidBronze"},{"floor":48,"key":"AttackPotion"}],"is_trial":false,"path_per_floor":["M","$","?","M","?","E","M","R","T","R","E","M","E","M","R","B",null,"M","?","M","?","T","E","R","M","T","$","M","R","E","M","R","B",null,"M","M","M","?","$","R","E","E","T","M","E","E","R","M","R","B",null],"character_chosen":"IRONCLAD","items_purchased":["Madness+1","Lee\u0027s Waffle","Divine Protection"],"campfire_rested":1,"item_purchase_floors":[27,27,39],"current_hp_per_floor":[80,80,80,80,55,28,34,34,34,34,21,27,33,39,39,41,80,80,80,68,68,68,69,69,67,74,99,91,91,83,87,87,98,104,104,104,104,104,104,104,102,104,104,102,83,50,81,80,104,47],"gold":349,"neow_bonus":"","is_daily":true,"chose_seed":false,"campfire_upgraded":6,"win_rate":0.0,"timestamp":1614140055,"path_taken":["M","?","?","?","?","E","?","R","T","R","?","M","E","M","R","BOSS","M","?","M","?","?","E","R","M","T","$","M","R","E","M","R","BOSS","M","?","?","?","$","R","E","?","T","M","?","E","R","M","R","BOSS"],"items_purchased_type":["Card","Relic","Relic"],"build_version":"2020-12-18","purchased_purges":2,"victory":true,"max_hp_per_floor":[80,80,80,80,80,80,80,80,80,80,80,80,80,80,80,80,80,80,80,80,80,80,80,80,80,87,99,99,99,99,99,99,99,104,104,104,104,104,104,104,104,104,104,104,104,104,104,104,104,104],"relic_stats":{"Nunchaku":[16],"Lee\u0027s Waffle":20,"Lizard Tail":0,"counters":[27,147],"Art of War":[25],"obtain_stats":[{"Potion Belt":22,"Divine Protection":39,"Lee\u0027s Waffle":27,"Replay:PocketPolymizer":11,"Tiny House":34,"Bottled Tornado":23,"Burning Blood":0,"Akabeko":43,"Pet Ghost":45,"Mercury Hourglass":9,"Nunchaku":13,"Replay:Bandana":22,"Lizard Tail":30,"Replay:Baseball":46,"Matryoshka":5,"Chameleon Ring":42,"Strawberry":26,"Philosopher\u0027s Stone":17,"Art of War":9,"Replay:Bottled Flurry":41,"Toxic Egg 2":6,"Unceasing Top":0},{"Potion Belt":11,"Divine Protection":20,"Lee\u0027s Waffle":13,"Replay:PocketPolymizer":5,"Tiny House":17,"Bottled Tornado":12,"Burning Blood":0,"Akabeko":22,"Pet Ghost":24,"Mercury Hourglass":4,"Nunchaku":7,"Replay:Bandana":11,"Lizard Tail":15,"Replay:Baseball":25,"Matryoshka":2,"Chameleon Ring":22,"Strawberry":13,"Philosopher\u0027s Stone":9,"Art of War":4,"Replay:Bottled Flurry":21,"Toxic Egg 2":3,"Unceasing Top":0},{"Potion Belt":48,"Divine Protection":98,"Lee\u0027s Waffle":60,"Replay:PocketPolymizer":20,"Tiny House":85,"Bottled Tornado":54,"Burning Blood":0,"Akabeko":115,"Pet Ghost":123,"Mercury Hourglass":14,"Nunchaku":25,"Replay:Bandana":48,"Lizard Tail":70,"Replay:Baseball":132,"Matryoshka":7,"Chameleon Ring":115,"Strawberry":60,"Philosopher\u0027s Stone":38,"Art of War":14,"Replay:Bottled Flurry":107,"Toxic Egg 2":12,"Unceasing Top":0}],"Burning Blood":139,"Unceasing Top":[11],"Mercury Hourglass":[534]},"card_choices":[{"not_picked":["Warcry","Heavy Blade"],"picked":"Wild Strike","floor":1},{"not_picked":["Warcry","Feel No Pain"],"picked":"Shockwave","floor":4},{"not_picked":["Armaments+1","Transmutation+1"],"picked":"Shrug It Off+1","floor":6},{"not_picked":["Clash","Iron Wave","Warcry+1"],"picked":"SKIP","floor":7},{"not_picked":["Warcry+1","ReplayTheSpireMod:Strike From Hell"],"picked":"Armaments+1","floor":11},{"not_picked":["Reckless Charge","Clash"],"picked":"Apotheosis+1","floor":12},{"not_picked":["Specialist","Replay:BasicMightCard"],"picked":"Flash of Steel","floor":13},{"not_picked":["Havoc+1","Thunderclap","Headbutt"],"picked":"SKIP","floor":14},{"not_picked":["Havoc+1","Thunderclap","Headbutt"],"picked":"SKIP","floor":14},{"not_picked":["Sword Boomerang","ReplayReversal+1"],"picked":"Clothesline+1","floor":18},{"not_picked":["Wild Strike","Replay:Undeath\u0027s Touch"],"picked":"Rupture","floor":20},{"not_picked":["Perfected Strike","Seeing Red+1"],"picked":"Metallicize","floor":23},{"not_picked":["Defy Death+1","Run Through","Sword Boomerang"],"picked":"SKIP","floor":25},{"not_picked":["Sentinel+1","Heavy Blade","Cleave"],"picked":"SKIP","floor":28},{"not_picked":["Armaments+1","Entrench+1"],"picked":"Flame Barrier+1","floor":30},{"not_picked":["Sword Boomerang","ReplayTheSpireMod:Strike From Hell"],"picked":"Inflame","floor":31},{"not_picked":["Impervious+1","The Bomb+1"],"picked":"Juggernaut","floor":33},{"not_picked":["Headbutt","Dark Embrace"],"picked":"Replay:BasicMightCard","floor":34},{"not_picked":["Perfected Strike+1","Iron Wave+1","Twin Strike+1"],"picked":"SKIP","floor":35},{"not_picked":["Bandage Up+1","Warcry+1","Wild Strike"],"picked":"SKIP","floor":36},{"not_picked":["Iron Wave+1","ReplayTheSpireMod:Limb From Limb+1"],"picked":"Combust","floor":37},{"not_picked":["Spot Weakness+1","Thunderclap"],"picked":"Intimidate+1","floor":41},{"not_picked":["ReplayTheSpireMod:Corrosion Curse+1","Entrench+1"],"picked":"Flame Barrier+1","floor":42},{"not_picked":["Feel No Pain+1","ReplayTheSpireMod:LeadingStrike","Life Link"],"picked":"SKIP","floor":44},{"not_picked":["Body Slam+1","Bludgeon"],"picked":"Crow Ritual","floor":45},{"not_picked":["Replay:Undeath\u0027s Touch","Feed"],"picked":"Shrug It Off+1","floor":46},{"not_picked":["Headbutt+1","Bloodletting+1"],"picked":"Sword Boomerang+1","floor":48}],"player_experience":786516,"relics_obtained":[{"floor":6,"key":"Toxic Egg 2"},{"floor":9,"key":"Art of War"},{"floor":9,"key":"Mercury Hourglass"},{"floor":11,"key":"Replay:PocketPolymizer"},{"floor":13,"key":"Nunchaku"},{"floor":22,"key":"Potion Belt"},{"floor":22,"key":"Replay:Bandana"},{"floor":23,"key":"Bottled Tornado"},{"floor":26,"key":"Strawberry"},{"floor":30,"key":"Lizard Tail"},{"floor":41,"key":"Replay:Bottled Flurry"},{"floor":42,"key":"Chameleon Ring"},{"floor":43,"key":"Akabeko"},{"floor":45,"key":"Pet Ghost"},{"floor":46,"key":"Replay:Baseball"}],"event_choices":[{"cards_removed":["Strike_R"],"damage_healed":0,"gold_gain":0,"player_choice":"Purged","damage_taken":0,"max_hp_gain":0,"max_hp_loss":0,"event_name":"Purifier","floor":3,"gold_loss":0},{"damage_healed":0,"gold_gain":0,"player_choice":"Success","damage_taken":25,"relics_obtained":["Matryoshka"],"max_hp_gain":0,"max_hp_loss":0,"event_name":"Scrap Ooze","floor":5,"gold_loss":0},{"cards_removed":["PanicButton"],"damage_healed":0,"gold_gain":0,"player_choice":"Forget","damage_taken":0,"max_hp_gain":0,"max_hp_loss":0,"event_name":"Living Wall","floor":15,"gold_loss":0},{"damage_healed":0,"gold_gain":0,"player_choice":"Ignored","damage_taken":0,"max_hp_gain":0,"max_hp_loss":0,"event_name":"Vampires","floor":19,"gold_loss":0},{"cards_removed":["Armaments"],"damage_healed":0,"gold_gain":0,"player_choice":"Gave Gold","damage_taken":0,"max_hp_gain":0,"max_hp_loss":0,"event_name":"Beggar","floor":21,"gold_loss":75},{"cards_removed":["Replay:BasicMightCard"],"damage_healed":0,"gold_gain":0,"player_choice":"Offered Uncommon","damage_taken":0,"max_hp_gain":0,"max_hp_loss":0,"event_name":"Bonfire Elementals","floor":38,"gold_loss":0}],"is_beta":true,"boss_relics":[{"not_picked":["Pandora\u0027s Box","Runic Cube"],"picked":"Philosopher\u0027s Stone"},{"not_picked":["ChewingGum","SacredBark"],"picked":"Tiny House"}],"items_purged_floors":[2,27],"is_endless":false,"potions_floor_spawned":[7,11,12,13,16,23,30,35,37,41,42,48],"ascension_level":0}}