{"host":"rkc66x5lvwcew90n","time":1614132165,"event":{"mods":["BaseMod","Hermit","Koishi","Marisa????????","Minty Spire (QoL Compilation)","StSLib","SuperFastMode","The Servant 0.9.4"],"gold_per_floor":[111,111,61,78,94,94,108,135,162,162,174,191,210,64,64,161,161,172,184,33,33,133,159,159,173,199,199,230,230,265,284,284,381,381,399,399,409,177,196,221,67,67,94,107,121,121,21,33,33,33,33,33,33,66,66],"floor_reached":56,"language":"ENG","playtime":2545,"items_purged":["Strike_G","Strike_G"],"score":1269,"play_id":"149cc8e4-e2a5-44a1-b5b3-4f13614a0fa7","local_time":"20210223180245","is_ascension_mode":false,"campfire_choices":[{"floor":6,"key":"RECALL"},{"data":"Noxious Fumes","floor":10,"key":"SMITH"},{"floor":15,"key":"REST"},{"floor":24,"key":"REST"},{"floor":29,"key":"REST"},{"floor":32,"key":"REST"},{"floor":42,"key":"REST"},{"floor":49,"key":"REST"},{"data":"After Image","floor":52,"key":"SMITH"}],"circlet_count":0,"master_deck":["Strike_G","Strike_G","Strike_G","Defend_G","Defend_G","Defend_G","Defend_G","Defend_G","Survivor","Neutralize","Poisoned Stab","Backstab","Deadly Poison","Blade Dance","Noxious Fumes+1","Backflip","Bouncing Flask","Deadly Poison","CurseOfTheBell","Crippling Poison+1","Backflip+1","Deflect+1","Crippling Poison+1","Prepared","After Image+1","Poisoned Stab","Pain","Noxious Fumes+1","Catalyst","Backflip+1","Deadly Poison","Catalyst","Parasite","Backflip+1"],"relics":["Sozu","Bag of Marbles","Oddly Smooth Stone","Toolbox","Calling Bell","Toy Ornithopter","Pear","Turnip","Vajra","Pen Nib","Strawberry","Blue Candle","Red Mask","Black Star","WarpedTongs","TwistedFunnel","Lantern","Pantograph","TheAbacus","Anchor","Blood Vial","Happy Flower"],"acts_visited":["Exordium","TheCity","TheBeyond","TheEnding"],"potions_floor_usage":[],"damage_taken":[{"damage":0,"enemies":"Cultist","floor":1,"turns":4},{"damage":0,"enemies":"Small Slimes","floor":4,"turns":2},{"damage":0,"enemies":"Jaw Worm","floor":5,"turns":2},{"damage":7,"enemies":"Blue Slaver","floor":7,"turns":3},{"damage":18,"enemies":"Lagavulin","floor":8,"turns":6},{"damage":3,"enemies":"2 Fungi Beasts","floor":11,"turns":2},{"damage":0,"enemies":"Exordium Thugs","floor":12,"turns":4},{"damage":0,"enemies":"3 Louse","floor":13,"turns":2},{"damage":24,"enemies":"Hexaghost","floor":16,"turns":7},{"damage":6,"enemies":"Shell Parasite","floor":18,"turns":2},{"damage":0,"enemies":"3 Byrds","floor":19,"turns":3},{"damage":26,"enemies":"Book of Stabbing","floor":23,"turns":5},{"damage":10,"enemies":"Cultist and Chosen","floor":25,"turns":5},{"damage":20,"enemies":"Slavers","floor":28,"turns":3},{"damage":0,"enemies":"Masked Bandits","floor":30,"turns":3},{"damage":3,"enemies":"Snake Plant","floor":31,"turns":4},{"damage":19,"enemies":"Collector","floor":33,"turns":7},{"damage":10,"enemies":"3 Darklings","floor":35,"turns":3},{"damage":0,"enemies":"3 Shapes","floor":37,"turns":4},{"damage":11,"enemies":"Jaw Worm Horde","floor":39,"turns":3},{"damage":32,"enemies":"Reptomancer","floor":40,"turns":6},{"damage":2,"enemies":"4 Shapes","floor":44,"turns":3},{"damage":2,"enemies":"3 Darklings","floor":45,"turns":3},{"damage":5,"enemies":"Writhing Mass","floor":48,"turns":4},{"damage":56,"enemies":"Awakened One","floor":50,"turns":12},{"damage":23,"enemies":"Shield and Spear","floor":54,"turns":5},{"damage":75,"enemies":"The Heart","floor":55,"turns":8}],"seed_played":"8678242339908727864","potions_obtained":[],"is_trial":false,"path_per_floor":["M","?","?","M","M","R","M","E","T","R","M","M","M","$","R","B",null,"M","M","$","?","?","E","R","M","T","?","E","R","?","M","R","B",null,"M","?","M","$","M","E","$","R","T","M","M","?","$","M","R","B",null,"R","$","E","B",null],"character_chosen":"THE_SILENT","items_purchased":["Toolbox","Vajra","TwistedFunnel","TheAbacus"],"campfire_rested":6,"item_purchase_floors":[14,20,38,41],"current_hp_per_floor":[70,70,70,70,70,70,63,45,45,45,42,42,42,42,63,39,80,74,74,74,74,74,48,72,62,69,52,32,59,59,56,83,64,92,82,82,82,82,71,39,39,66,66,64,62,62,62,57,84,36,92,92,92,69,17],"gold":66,"neow_bonus":"BOSS_RELIC","is_daily":false,"chose_seed":false,"campfire_upgraded":2,"win_rate":0.0,"timestamp":1614132165,"path_taken":["M","?","?","M","M","R","M","E","T","R","M","M","M","?","R","BOSS","M","M","$","?","?","E","R","?","T","?","E","R","?","M","R","BOSS","M","?","M","$","M","E","?","R","T","?","M","?","?","M","R","BOSS","R","$","E","BOSS"],"items_purchased_type":["Relic","Relic","Relic","Relic"],"build_version":"2020-12-22","purchased_purges":2,"victory":true,"max_hp_per_floor":[70,70,70,70,70,70,70,70,70,70,70,70,70,70,70,70,80,80,80,80,80,80,80,80,80,87,92,92,92,92,92,92,92,92,92,92,92,92,92,92,92,92,92,92,92,92,92,92,92,92,92,92,92,92,92],"card_choices":[{"not_picked":["PiercingWail","Deadly Poison"],"picked":"Poisoned Stab","floor":1},{"not_picked":["All Out Attack","Skewer"],"picked":"Backstab","floor":4},{"not_picked":["Flechettes","PiercingWail"],"picked":"Deadly Poison","floor":5},{"not_picked":["Quick Slash","Backflip"],"picked":"Blade Dance","floor":7},{"not_picked":["Cloak And Dagger","Poisoned Stab"],"picked":"Noxious Fumes","floor":8},{"not_picked":["Blur","Dagger Throw"],"picked":"Backflip","floor":11},{"not_picked":["Doppelganger","Underhanded Strike"],"picked":"Bouncing Flask","floor":12},{"not_picked":["PiercingWail","Caltrops"],"picked":"Deadly Poison","floor":13},{"not_picked":["Endless Agony","Deflect"],"picked":"Crippling Poison+1","floor":18},{"not_picked":["Slice","Flying Knee"],"picked":"Backflip+1","floor":19},{"not_picked":["Flying Knee+1","Malaise","PiercingWail"],"picked":"SKIP","floor":23},{"not_picked":["Masterful Stab","Tactician+1"],"picked":"Deflect+1","floor":25},{"not_picked":["PiercingWail","Bullet Time"],"picked":"Crippling Poison+1","floor":28},{"not_picked":["Blur+1","Slice"],"picked":"Prepared","floor":31},{"not_picked":["Unload","Night Terror"],"picked":"After Image","floor":33},{"not_picked":["Deflect","Underhanded Strike"],"picked":"Poisoned Stab","floor":35},{"not_picked":["Reflex","Acrobatics"],"picked":"Noxious Fumes+1","floor":37},{"not_picked":["Flying Knee+1","Caltrops"],"picked":"Catalyst","floor":39},{"not_picked":["Masterful Stab","Acrobatics","Endless Agony"],"picked":"SKIP","floor":40},{"not_picked":["Acrobatics+1","Phantasmal Killer"],"picked":"Backflip+1","floor":44},{"not_picked":["Setup","Reflex"],"picked":"Deadly Poison","floor":45},{"not_picked":["Backstab+1","Slice+1"],"picked":"Backflip+1","floor":48},{"not_picked":["Skewer","Masterful Stab+1","Dagger Throw"],"picked":"SKIP","floor":54}],"player_experience":293278,"relics_obtained":[{"floor":8,"key":"Oddly Smooth Stone"},{"floor":17,"key":"Toy Ornithopter"},{"floor":17,"key":"Pear"},{"floor":17,"key":"Turnip"},{"floor":23,"key":"Pen Nib"},{"floor":26,"key":"Strawberry"},{"floor":28,"key":"Blue Candle"},{"floor":30,"key":"Red Mask"},{"floor":40,"key":"Lantern"},{"floor":40,"key":"Pantograph"},{"floor":43,"key":"Anchor"},{"floor":54,"key":"Blood Vial"},{"floor":54,"key":"Happy Flower"}],"event_choices":[{"damage_healed":0,"gold_gain":0,"player_choice":"Box","damage_taken":0,"relics_obtained":["Bag of Marbles"],"max_hp_gain":0,"max_hp_loss":0,"event_name":"Big Fish","floor":2,"gold_loss":0,"cards_obtained":["Regret"]},{"cards_removed":["Regret"],"damage_healed":0,"gold_gain":0,"player_choice":"Card Removal","damage_taken":0,"max_hp_gain":0,"max_hp_loss":0,"event_name":"The Cleric","floor":3,"gold_loss":50},{"damage_healed":0,"gold_gain":0,"player_choice":"Ignored","damage_taken":0,"max_hp_gain":0,"max_hp_loss":0,"event_name":"Vampires","floor":21,"gold_loss":0},{"damage_healed":0,"gold_gain":100,"player_choice":"Pray","damage_taken":0,"max_hp_gain":0,"max_hp_loss":0,"event_name":"Golden Shrine","floor":22,"gold_loss":0},{"damage_healed":0,"gold_gain":0,"player_choice":"Shed Blood","damage_taken":22,"max_hp_gain":5,"max_hp_loss":0,"event_name":"Forgotten Altar","floor":27,"gold_loss":0},{"damage_healed":0,"gold_gain":0,"player_choice":"Fought Bandits","damage_taken":0,"max_hp_gain":0,"max_hp_loss":0,"event_name":"Masked Bandits","floor":30,"gold_loss":0},{"damage_healed":0,"gold_gain":0,"player_choice":"Rummage","damage_taken":0,"relics_obtained":["WarpedTongs"],"max_hp_gain":0,"max_hp_loss":0,"event_name":"Accursed Blacksmith","floor":36,"gold_loss":0,"cards_obtained":["Pain"]},{"damage_healed":0,"gold_gain":0,"player_choice":"Copied","damage_taken":0,"max_hp_gain":0,"max_hp_loss":0,"event_name":"Duplicator","floor":46,"gold_loss":0,"cards_obtained":["Catalyst"]}],"is_beta":false,"boss_relics":[{"not_picked":["Pandora\u0027s Box","Empty Cage"],"picked":"Calling Bell"},{"not_picked":["Astrolabe","Tiny House"],"picked":"Black Star"}],"items_purged_floors":[38,47],"is_endless":false,"potions_floor_spawned":[4,7,11,12,28,31,35,44,45],"ascension_level":0}}