{"host":"0kk91h4bq4kgfj0u","time":1614142152,"event":{"mods":["BaseMod","Bestiary","Block Reminder","Colored Map","Colored Powertips","Curses Come First","Highlight Path","Minty Spire (QoL Compilation)","Relic Stats","StSLib"],"gold_per_floor":[118,118,118,134,209,8,35,47,128,128,158,3,3,22,22,119,119,138,150,75,75,94,94,120,120,198,211,222,222,42,57,57,152,152,169,180,180,180],"floor_reached":37,"language":"ENG","playtime":1541,"items_purged":[],"score":459,"play_id":"d93a0a5c-51fe-4821-89fa-8627792f3459","local_time":"20210223234912","is_ascension_mode":true,"campfire_choices":[{"floor":10,"key":"REST"},{"floor":13,"key":"RECALL"},{"floor":15,"key":"REST"},{"floor":23,"key":"REST"},{"floor":29,"key":"REST"},{"floor":32,"key":"REST"}],"circlet_count":0,"master_deck":["Strike_P","Strike_P","Strike_P","Defend_P","Defend_P","Defend_P","Defend_P","Eruption+1","Vigilance","EmptyBody","DeceiveReality","Protect","Meditate","Weave","Evaluate","JustLucky+1","MasterReality","FollowUp+1","EmptyFist+1","Writhe","BowlingBash+1","Devotion","WaveOfTheHand+1","ForeignInfluence","ClearTheMind","Consecrate+1","Devotion","Worship+1","SashWhip+1"],"relics":["PureWater","PreservedInsect","Tiny Chest","MealTicket","Molten Egg 2","Ornamental Fan","Bronze Scales","SacredBark","Darkstone Periapt","Mummified Hand","Bottled Tornado","Shuriken","Akabeko"],"acts_visited":["Exordium","TheCity","TheBeyond"],"potions_floor_usage":[11,16,18,18,28,33,33,33],"damage_taken":[{"damage":4,"enemies":"Small Slimes","floor":1,"turns":4},{"damage":4,"enemies":"2 Louse","floor":4,"turns":2},{"damage":12,"enemies":"3 Sentries","floor":7,"turns":12},{"damage":1,"enemies":"Cultist","floor":8,"turns":5},{"damage":23,"enemies":"Lagavulin","floor":11,"turns":9},{"damage":1,"enemies":"Looter","floor":14,"turns":3},{"damage":70,"enemies":"The Guardian","floor":16,"turns":18},{"damage":26,"enemies":"Chosen","floor":18,"turns":9},{"damage":0,"enemies":"3 Byrds","floor":19,"turns":4},{"damage":6,"enemies":"Snecko","floor":22,"turns":6},{"damage":33,"enemies":"Book of Stabbing","floor":24,"turns":6},{"damage":15,"enemies":"Snake Plant","floor":27,"turns":4},{"damage":13,"enemies":"Cultist and Chosen","floor":28,"turns":7},{"damage":3,"enemies":"Snecko","floor":31,"turns":6},{"damage":33,"enemies":"Collector","floor":33,"turns":8},{"damage":29,"enemies":"3 Shapes","floor":35,"turns":5},{"damage":14,"enemies":"Orb Walker","floor":36,"turns":4},{"damage":55,"enemies":"Jaw Worm Horde","floor":37,"turns":2}],"seed_played":"3459107727582470114","potions_obtained":[{"floor":4,"key":"Block Potion"},{"floor":7,"key":"Weak Potion"},{"floor":11,"key":"SteroidPotion"},{"floor":16,"key":"SneckoOil"},{"floor":18,"key":"Strength Potion"},{"floor":22,"key":"DuplicationPotion"},{"floor":27,"key":"GamblersBrew"},{"floor":28,"key":"ColorlessPotion"},{"floor":33,"key":"FearPotion"}],"is_trial":false,"path_per_floor":["M","?","?","M","?","$","E","M","T","R","E","$","R","M","R","B",null,"M","M","?","?","M","R","E","T","T","M","M","R","$","M","R","B",null,"M","M","M"],"character_chosen":"WATCHER","items_purchased":["Tiny Chest","Protect","Bronze Scales","Akabeko","ClearTheMind"],"campfire_rested":5,"item_purchase_floors":[6,6,12,30,30],"current_hp_per_floor":[75,68,68,64,53,53,41,40,40,63,40,55,55,54,77,7,79,53,53,53,59,53,78,45,45,45,30,17,42,57,54,79,46,85,56,42,0,0],"gold":180,"neow_bonus":"TEN_PERCENT_HP_BONUS","is_daily":false,"chose_seed":false,"campfire_upgraded":0,"win_rate":0.0,"timestamp":1614142152,"path_taken":["M","?","?","?","?","?","E","M","T","R","E","$","R","M","R","BOSS","M","M","?","?","?","R","E","?","T","M","M","R","$","M","R","BOSS","M","M","M"],"items_purchased_type":["Relic","Card","Relic","Relic","Card"],"build_version":"2020-12-22","purchased_purges":0,"victory":false,"max_hp_per_floor":[79,79,79,79,79,79,79,79,79,79,79,79,79,79,79,79,79,79,79,79,85,85,85,85,85,85,85,85,85,85,85,85,85,85,85,85,85,85],"relic_stats":{"Darkstone Periapt":6,"counters":[18,114],"Ornamental Fan":[96],"Mummified Hand":[13],"Shuriken":[11],"Bronze Scales":[305],"Tiny Chest":1,"MealTicket":30,"PreservedInsect":106,"obtain_stats":[{"Darkstone Periapt":21,"SacredBark":17,"PreservedInsect":2,"Bottled Tornado":25,"Akabeko":30,"Ornamental Fan":11,"Mummified Hand":24,"Shuriken":26,"Bronze Scales":12,"Tiny Chest":6,"MealTicket":7,"Molten Egg 2":9,"PureWater":0},{"Darkstone Periapt":9,"SacredBark":7,"PreservedInsect":1,"Bottled Tornado":11,"Akabeko":13,"Ornamental Fan":5,"Mummified Hand":11,"Shuriken":11,"Bronze Scales":5,"Tiny Chest":2,"MealTicket":3,"Molten Egg 2":4,"PureWater":0},{"Darkstone Periapt":66,"SacredBark":53,"PreservedInsect":4,"Bottled Tornado":78,"Akabeko":89,"Ornamental Fan":32,"Mummified Hand":78,"Shuriken":78,"Bronze Scales":32,"Tiny Chest":6,"MealTicket":18,"Molten Egg 2":23,"PureWater":0}]},"card_choices":[{"not_picked":["ThirdEye","Prostrate"],"picked":"EmptyBody","floor":1},{"not_picked":["FlyingSleeves","Adaptation"],"picked":"DeceiveReality","floor":4},{"not_picked":["FlyingSleeves","Protect"],"picked":"Meditate","floor":7},{"not_picked":["EmptyBody","CrushJoints"],"picked":"Weave","floor":8},{"not_picked":["Halt","FlyingSleeves+1"],"picked":"Evaluate","floor":11},{"not_picked":["PathToVictory","Crescendo"],"picked":"JustLucky+1","floor":14},{"not_picked":["Wish","Scrawl"],"picked":"MasterReality","floor":16},{"not_picked":["InnerPeace","PathToVictory+1"],"picked":"FollowUp+1","floor":18},{"not_picked":["SignatureMove+1","Worship"],"picked":"EmptyFist+1","floor":19},{"not_picked":["Meditate","Conclude+1"],"picked":"BowlingBash+1","floor":22},{"not_picked":["SpiritShield","CrushJoints+1"],"picked":"Devotion","floor":24},{"not_picked":["Evaluate","SashWhip+1"],"picked":"WaveOfTheHand+1","floor":27},{"not_picked":["InnerPeace","ReachHeaven+1"],"picked":"ForeignInfluence","floor":28},{"not_picked":["Sanctity","FollowUp+1"],"picked":"Consecrate+1","floor":31},{"not_picked":["Ragnarok+1","Blasphemy"],"picked":"Devotion","floor":33},{"not_picked":["CrushJoints+1","BattleHymn+1"],"picked":"Worship+1","floor":35},{"not_picked":["EmptyFist+1","Perseverance+1"],"picked":"SashWhip+1","floor":36}],"player_experience":914514,"relics_obtained":[{"floor":7,"key":"MealTicket"},{"floor":9,"key":"Molten Egg 2"},{"floor":11,"key":"Ornamental Fan"},{"floor":24,"key":"Mummified Hand"},{"floor":25,"key":"Bottled Tornado"},{"floor":26,"key":"Shuriken"}],"event_choices":[{"damage_healed":0,"gold_gain":0,"player_choice":"Success","damage_taken":7,"relics_obtained":["PreservedInsect"],"max_hp_gain":0,"max_hp_loss":0,"event_name":"Scrap Ooze","floor":2,"gold_loss":0},{"damage_healed":0,"gold_gain":0,"player_choice":"Forge","damage_taken":0,"max_hp_gain":0,"max_hp_loss":0,"event_name":"Accursed Blacksmith","floor":3,"gold_loss":0,"cards_upgraded":["Eruption"]},{"damage_healed":0,"gold_gain":75,"player_choice":"Gather Gold","damage_taken":11,"max_hp_gain":0,"max_hp_loss":0,"event_name":"World of Goop","floor":5,"gold_loss":0},{"cards_removed":["Strike_P"],"damage_healed":0,"gold_gain":0,"player_choice":"Gave Gold","damage_taken":0,"max_hp_gain":0,"max_hp_loss":0,"event_name":"Beggar","floor":20,"gold_loss":75},{"damage_healed":0,"gold_gain":0,"player_choice":"Opened","damage_taken":0,"relics_obtained":["Darkstone Periapt"],"max_hp_gain":0,"max_hp_loss":0,"event_name":"The Mausoleum","floor":21,"gold_loss":0,"cards_obtained":["Writhe"]}],"is_beta":false,"boss_relics":[{"not_picked":["Fusion Hammer","Philosopher\u0027s Stone"],"picked":"SacredBark"},{"not_picked":["Sozu","Snecko Eye","Velvet Choker"]}],"items_purged_floors":[],"is_endless":false,"potions_floor_spawned":[4,7,11,16,18,22,27,28,33],"killed_by":"Jaw Worm Horde","ascension_level":3}}