{"host":"xgqwa2cjscfjjyjh","time":1614204733,"event":{"mods":["BaseMod","BetterRewards","Colored Powertips","Minty Spire (QoL Compilation)","Permanent Neow"],"gold_per_floor":[118,118,134,152,152,190,226,267,267,193,193,193,213,251,251,371,371,391,391,391,242,261,261,285,319,319,338,338,352,375,393,393,516,516,531,531,531,596,520,520,564,564,615,615,633,671,695,731,731,731,731,731,403,443,443],"floor_reached":56,"language":"ENG","playtime":1842,"items_purged":["Defend_R","Defend_R","Defend_R","Strike_R","Strike_R","Strike_R","Strike_R","Strike_R","Defend_R","Bash","Flex","Flex","Flex","Flex","Heavy Blade","Inflame+1","Flex+1","Flex+1"],"score":1898,"play_id":"c06faaf6-1d32-4d75-903b-96eb41b107f0","local_time":"20210224161213","is_ascension_mode":true,"campfire_choices":[{"data":"1","floor":12,"key":"LIFT"},{"data":"2","floor":15,"key":"LIFT"},{"data":"3","floor":23,"key":"LIFT"},{"floor":32,"key":"DIG"},{"floor":40,"key":"DIG"},{"floor":42,"key":"DIG"},{"floor":44,"key":"DIG"},{"floor":49,"key":"RECALL"},{"floor":52,"key":"DIG"}],"circlet_count":0,"master_deck":["Flex+1","Inflame+1","Inflame+1","Inflame+1","Flex+1","Inflame+1","Inflame+1","Spot Weakness+1","Cleave+1","Spot Weakness+1","Battle Trance+1","Flex+1","Heavy Blade+1","Inflame+1","Flex+1","Flex+1","Heavy Blade+1","Flex+1","Flex+1","Cleave+1","Heavy Blade+1","Cleave+1","Cleave+1","Cleave+1","Spot Weakness+1","Battle Trance+1","Cleave+1","Heavy Blade+1","Cleave+1","Cleave+1","Demon Form+1","Heavy Blade+1","Cleave+1","Heavy Blade+1","Feed+1","Limit Break+1","Parasite","Heavy Blade+1"],"relics":["Burning Blood","CaptainsWheel","Bag of Preparation","WingedGreaves","Thread and Needle","Pocketwatch","Ice Cream","Shovel","Pen Nib","StoneCalendar","Shuriken","Gremlin Horn","Membership Card","Girya","Strawberry","Frozen Egg 2","Toxic Egg 2","Sling","Red Skull","Brimstone","Happy Flower","Anchor","Blood Vial","Strange Spoon","Meat on the Bone","Mango","Lee\u0027s Waffle","Pear","Vajra","Bottled Tornado","HornCleat","PreservedInsect","Lantern","Du-Vu Doll","Nunchaku","Molten Egg 2","Bag of Marbles","Calipers","Lizard Tail","DollysMirror","Darkstone Periapt","Singing Bowl","Golden Idol","Self Forming Clay","Eternal Feather","Matryoshka","Whetstone","Pantograph","CultistMask","Magic Flower","Cursed Key","Gambling Chip","White Beast Statue","Oddly Smooth Stone","Incense Burner","Black Star","TungstenRod","HandDrill","Boot","Champion Belt","Paper Frog","Potion Belt","Toy Ornithopter","Mercury Hourglass","Letter Opener","InkBottle","Charon\u0027s Ashes","Bronze Scales","Blue Candle","FossilizedHelix","Centennial Puzzle","OrangePellets","Torii","War Paint"],"acts_visited":["Exordium","TheCity","TheBeyond","TheEnding"],"potions_floor_usage":[24,50,50,54,55,55,55],"damage_taken":[{"damage":0,"enemies":"Small Slimes","floor":1,"turns":2},{"damage":0,"enemies":"2 Louse","floor":3,"turns":1},{"damage":0,"enemies":"Cultist","floor":4,"turns":2},{"damage":0,"enemies":"Gremlin Nob","floor":6,"turns":1},{"damage":0,"enemies":"3 Sentries","floor":7,"turns":2},{"damage":0,"enemies":"Lagavulin","floor":8,"turns":1},{"damage":0,"enemies":"3 Louse","floor":13,"turns":1},{"damage":0,"enemies":"3 Sentries","floor":14,"turns":2},{"damage":0,"enemies":"Hexaghost","floor":16,"turns":2},{"damage":0,"enemies":"3 Byrds","floor":18,"turns":1},{"damage":0,"enemies":"Spheric Guardian","floor":22,"turns":1},{"damage":0,"enemies":"Snecko","floor":24,"turns":1},{"damage":0,"enemies":"Gremlin Leader","floor":25,"turns":1},{"damage":0,"enemies":"Snake Plant","floor":27,"turns":1},{"damage":0,"enemies":"Cultist and Chosen","floor":29,"turns":1},{"damage":0,"enemies":"3 Cultists","floor":30,"turns":1},{"damage":0,"enemies":"Sentry and Sphere","floor":31,"turns":1},{"damage":0,"enemies":"Collector","floor":33,"turns":2},{"damage":0,"enemies":"Orb Walker","floor":35,"turns":1},{"damage":0,"enemies":"2 Orb Walkers","floor":38,"turns":1},{"damage":0,"enemies":"Reptomancer","floor":41,"turns":1},{"damage":0,"enemies":"3 Darklings","floor":45,"turns":1},{"damage":0,"enemies":"Nemesis","floor":46,"turns":1},{"damage":0,"enemies":"4 Shapes","floor":47,"turns":1},{"damage":0,"enemies":"Reptomancer","floor":48,"turns":1},{"damage":1,"enemies":"Awakened One","floor":50,"turns":3},{"damage":0,"enemies":"Shield and Spear","floor":54,"turns":1},{"damage":50,"enemies":"The Heart","floor":55,"turns":4}],"seed_played":"745152678229200356","potions_obtained":[{"floor":4,"key":"ColorlessPotion"},{"floor":8,"key":"SpeedPotion"},{"floor":13,"key":"Energy Potion"},{"floor":16,"key":"FairyPotion"},{"floor":25,"key":"DistilledChaos"},{"floor":27,"key":"DistilledChaos"},{"floor":31,"key":"DistilledChaos"},{"floor":46,"key":"ColorlessPotion"},{"floor":47,"key":"SteroidPotion"},{"floor":54,"key":"LiquidMemories"}],"is_trial":false,"path_per_floor":["M","?","M","M","?","E","E","E","T","$","?","R","M","E","R","B",null,"M","?","?","$","M","R","M","E","T","M","?","M","M","M","R","B",null,"M","$","$","?","$","R","E","R","T","R","M","E","M","E","R","B",null,"R","$","E","B",null],"character_chosen":"IRONCLAD","items_purchased":["Flex","Bag of Preparation","Flex","Thread and Needle","Ice Cream","Heavy Blade","Pen Nib","Flex","Shuriken","Flex","Gremlin Horn","Membership Card","Girya","Strawberry","Frozen Egg 2","Toxic Egg 2","Flex+1","Sling","Red Skull","Inflame+1","Brimstone","Happy Flower","Flex+1","Anchor","Blood Vial","Strange Spoon","Inflame+1","Meat on the Bone","Inflame+1","Flex+1","Inflame+1","Inflame+1","Mango","Lee\u0027s Waffle","Inflame+1","Spot Weakness+1","Pear","Vajra","Cleave","Bottled Tornado","Spot Weakness+1","Battle Trance+1","HornCleat","Flex+1","PreservedInsect","Lantern","Du-Vu Doll","Flex+1","Nunchaku","Molten Egg 2","Heavy Blade+1","Inflame+1","Bag of Marbles","Flex+1","Flex+1","Heavy Blade+1","Flex+1","Flex+1","Cleave+1","Calipers","Lizard Tail","DollysMirror","Cleave+1","Cleave+1","Cleave+1","Spot Weakness+1","Darkstone Periapt","Battle Trance+1","Cleave+1","Heavy Blade+1","Singing Bowl","Cleave+1","Cleave+1","Demon Form+1","Heavy Blade+1","Cleave+1","Feed+1","Gambling Chip","HandDrill","FossilizedHelix","Centennial Puzzle","OrangePellets","Heavy Blade+1"],"campfire_rested":0,"item_purchase_floors":[0,0,0,0,0,0,0,0,0,0,0,0,0,0,0,0,0,0,0,0,0,0,0,0,0,0,0,0,0,0,0,0,0,0,0,0,0,0,0,0,0,0,0,0,0,0,0,0,0,0,0,0,0,0,0,0,0,0,0,0,0,0,0,0,0,0,0,0,0,0,0,0,0,0,0,0,10,21,39,53,53,53,53],"current_hp_per_floor":[118,123,125,127,96,106,116,126,126,126,126,133,135,137,137,139,139,141,141,141,141,147,147,153,159,165,167,167,169,175,177,177,177,177,183,183,183,185,185,185,187,187,193,193,195,197,199,201,201,201,201,201,201,203,184],"gold":443,"neow_bonus":"","is_daily":false,"chose_seed":false,"campfire_upgraded":0,"win_rate":0.0,"timestamp":1614204733,"path_taken":["M","?","M","M","?","E","E","E","T","$","?","R","?","E","R","BOSS","M","?","?","$","M","R","?","E","T","?","?","M","M","M","R","BOSS","M","?","$","?","?","R","E","R","T","R","M","E","M","E","R","BOSS","R","$","E","BOSS"],"items_purchased_type":["Card","Relic","Card","Relic","Relic","Card","Relic","Card","Relic","Card","Relic","Relic","Relic","Relic","Relic","Relic","Card","Relic","Relic","Card","Relic","Relic","Card","Relic","Relic","Relic","Card","Relic","Card","Card","Card","Card","Relic","Relic","Card","Card","Relic","Relic","Card","Relic","Card","Card","Relic","Card","Relic","Relic","Relic","Card","Relic","Relic","Card","Card","Relic","Card","Card","Card","Card","Card","Card","Relic","Relic","Relic","Card","Card","Card","Card","Relic","Card","Card","Card","Relic","Card","Card","Card","Card","Card","Card","Relic","Relic","Relic","Relic","Relic","Card"],"build_version":"2020-12-22","purchased_purges":18,"victory":true,"max_hp_per_floor":[118,123,125,127,127,129,131,133,133,133,133,133,135,137,137,139,139,141,141,141,141,147,147,153,159,165,167,167,169,175,177,177,177,177,183,183,183,185,185,185,187,187,193,193,195,197,199,201,201,201,201,201,201,203,207],"card_choices":[{"not_picked":["Havoc+1","Clash+1"],"picked":"Heavy Blade+1","floor":1},{"not_picked":["Metallicize+1","Twin Strike+1","Hemokinesis+1"],"picked":"Singing Bowl","floor":3},{"not_picked":["Carnage+1","Wild Strike+1","Clothesline+1"],"picked":"Singing Bowl","floor":4},{"not_picked":["Reckless Charge+1","Twin Strike+1","Rampage+1"],"picked":"Singing Bowl","floor":6},{"not_picked":["Perfected Strike+1","Body Slam+1","Berserk+1"],"picked":"Singing Bowl","floor":7},{"not_picked":["Perfected Strike+1","Pommel Strike+1","Flex+1"],"picked":"Singing Bowl","floor":8},{"not_picked":["Shockwave+1","Feel No Pain+1","Shrug It Off+1"],"picked":"Singing Bowl","floor":13},{"not_picked":["Anger+1","Perfected Strike+1","Berserk+1"],"picked":"Singing Bowl","floor":14},{"not_picked":["Corruption+1","Bludgeon+1","Juggernaut+1"],"picked":"Singing Bowl","floor":16},{"not_picked":["Dual Wield+1","Havoc+1","Shrug It Off+1"],"picked":"Singing Bowl","floor":18},{"not_picked":["Armaments+1","Headbutt+1","Twin Strike+1"],"picked":"Singing Bowl","floor":22},{"not_picked":["Whirlwind+1","Spot Weakness+1","Infernal Blade+1"],"picked":"Singing Bowl","floor":24},{"not_picked":["Ghostly Armor+1","Juggernaut+1","Wild Strike+1"],"picked":"Singing Bowl","floor":25},{"not_picked":["Hemokinesis+1","Clothesline+1","Anger+1"],"picked":"Singing Bowl","floor":27},{"not_picked":["Perfected Strike+1","Clothesline+1","Clash+1"],"picked":"Singing Bowl","floor":29},{"not_picked":["Warcry+1","Thunderclap+1","Headbutt+1"],"picked":"Singing Bowl","floor":30},{"not_picked":["Headbutt+1","Sentinel+1","Iron Wave+1"],"picked":"Singing Bowl","floor":31},{"not_picked":["Berserk+1","Immolate+1"],"picked":"Limit Break+1","floor":33},{"not_picked":["Perfected Strike+1","Clash+1","Pommel Strike+1"],"picked":"Singing Bowl","floor":35},{"not_picked":["Rage+1","Flame Barrier+1","Havoc+1"],"picked":"Singing Bowl","floor":38},{"not_picked":["Rupture+1","True Grit+1","Ghostly Armor+1"],"picked":"Singing Bowl","floor":41},{"not_picked":["Anger+1","Iron Wave+1","Perfected Strike+1"],"picked":"Singing Bowl","floor":45},{"not_picked":["Warcry+1","Flex+1","Rupture+1"],"picked":"Singing Bowl","floor":46},{"not_picked":["Offering+1","Spot Weakness+1","Entrench+1"],"picked":"Singing Bowl","floor":47},{"not_picked":["Sword Boomerang+1","Barricade+1","Thunderclap+1"],"picked":"Singing Bowl","floor":48},{"not_picked":["Entrench+1","Whirlwind+1","Clash+1"],"picked":"Singing Bowl","floor":54}],"player_experience":55230,"relics_obtained":[{"floor":6,"key":"Self Forming Clay"},{"floor":7,"key":"Eternal Feather"},{"floor":8,"key":"Matryoshka"},{"floor":9,"key":"Whetstone"},{"floor":9,"key":"Pantograph"},{"floor":14,"key":"Magic Flower"},{"floor":25,"key":"White Beast Statue"},{"floor":26,"key":"Oddly Smooth Stone"},{"floor":32,"key":"Incense Burner"},{"floor":38,"key":"TungstenRod"},{"floor":40,"key":"Boot"},{"floor":41,"key":"Champion Belt"},{"floor":41,"key":"Paper Frog"},{"floor":42,"key":"Potion Belt"},{"floor":43,"key":"Toy Ornithopter"},{"floor":44,"key":"Mercury Hourglass"},{"floor":46,"key":"Letter Opener"},{"floor":46,"key":"InkBottle"},{"floor":48,"key":"Charon\u0027s Ashes"},{"floor":48,"key":"Bronze Scales"},{"floor":52,"key":"Blue Candle"},{"floor":54,"key":"Torii"},{"floor":54,"key":"War Paint"}],"event_choices":[{"damage_healed":0,"gold_gain":0,"player_choice":"Donut","damage_taken":0,"max_hp_gain":5,"max_hp_loss":0,"event_name":"Big Fish","floor":2,"gold_loss":0},{"damage_healed":0,"gold_gain":0,"player_choice":"Take Damage","damage_taken":31,"relics_obtained":["Golden Idol"],"max_hp_gain":0,"max_hp_loss":0,"event_name":"Golden Idol","floor":5,"gold_loss":0},{"damage_healed":0,"gold_gain":0,"player_choice":"Trade","damage_taken":0,"relics_obtained":["CultistMask"],"max_hp_gain":0,"max_hp_loss":0,"event_name":"FaceTrader","floor":11,"gold_loss":0},{"damage_healed":0,"gold_gain":0,"player_choice":"Ignored","damage_taken":0,"max_hp_gain":0,"max_hp_loss":0,"event_name":"Ghosts","floor":19,"gold_loss":0},{"damage_healed":0,"gold_gain":0,"player_choice":"0 cards matched","damage_taken":0,"max_hp_gain":0,"max_hp_loss":0,"event_name":"Match and Keep!","floor":20,"gold_loss":0,"cards_obtained":[]},{"cards_removed":["Writhe"],"damage_healed":0,"gold_gain":0,"player_choice":"Purged","damage_taken":0,"max_hp_gain":0,"max_hp_loss":0,"event_name":"Purifier","floor":28,"gold_loss":0},{"damage_healed":0,"gold_gain":0,"player_choice":"Fight","damage_taken":0,"max_hp_gain":0,"max_hp_loss":0,"event_name":"Mysterious Sphere","floor":38,"gold_loss":0}],"is_beta":false,"boss_relics":[{"not_picked":["Runic Cube","Busted Crown"],"picked":"Cursed Key"},{"not_picked":["Runic Pyramid","SlaversCollar"],"picked":"Black Star"}],"items_purged_floors":[0,0,0,0,0,0,0,0,0,0,0,0,0,0,0,0,0,0],"is_endless":false,"potions_floor_spawned":[4,8,13,14,16,22,25,27,29,30,31,33,35,38,41,45,46,47,48,54],"ascension_level":1}}