{"host":"dh4nu8nelr2izibb","time":1614141175,"event":{"mods":["BaseMod","Better Skull","Better Third Choice","Card Filter","Card Forge","Curses Come First","Displayed Cursed Tome","HololiveMod","Marisa????????","Minty Spire (QoL Compilation)","Poor People Problems","Quick Restart","Relic Filter","Reliquary","StSLib","The Servant 0.9.4","WarShipGirlsR/????R mod","Yakumo Yukari mod"],"gold_per_floor":[112,132,151,171,185,185,185,185,185,235,235,247,272,1,1,75,75,75,75],"floor_reached":18,"language":"ENG","playtime":564,"items_purged":[],"score":316,"play_id":"e2fbdf94-042b-4350-bbcf-ec61cb319981","local_time":"20210223233255","is_ascension_mode":true,"campfire_choices":[{"data":"Neutralize","floor":6,"key":"SMITH"},{"data":"Blade Dance","floor":8,"key":"SMITH"},{"data":"Underhanded Strike","floor":11,"key":"SMITH"},{"data":"Dagger Spray","floor":15,"key":"SMITH"}],"circlet_count":0,"master_deck":["AscendersBane","Strike_G","Strike_G","Strike_G","Strike_G","Defend_G","Defend_G","Defend_G","Defend_G","Survivor","Neutralize+1","Blade Dance+1","Underhanded Strike+1","Escape Plan","Backflip","Leg Sweep","Dagger Spray+1","Noxious Fumes+1","Flying Knee","Phantasmal Killer"],"relics":["Ring of the Snake","Hammer of Thor","Seething Fire","Anvil of the Gods","Toy Ornithopter","Frozen Egg 2","PreservedInsect","Snake Skull","reliquary:ThirdArm"],"acts_visited":["Exordium","TheCity"],"potions_floor_usage":[4,13,13,16],"damage_taken":[{"damage":5,"enemies":"Cultist","floor":1,"turns":4},{"damage":1,"enemies":"Small Slimes","floor":2,"turns":3},{"damage":0,"enemies":"Jaw Worm","floor":3,"turns":4},{"damage":6,"enemies":"Large Slime","floor":4,"turns":6},{"damage":1,"enemies":"Exordium Wildlife","floor":5,"turns":3},{"damage":0,"enemies":"Looter","floor":12,"turns":3},{"damage":5,"enemies":"Lagavulin","floor":13,"turns":6},{"damage":23,"enemies":"Hexaghost","floor":16,"turns":10},{"damage":17,"enemies":"Chosen","floor":18,"turns":4}],"seed_played":"2821734006864644395","potions_obtained":[{"floor":1,"key":"Block Potion"},{"floor":4,"key":"Block Potion"},{"floor":5,"key":"Explosive Potion"},{"floor":13,"key":"DistilledChaos"}],"is_trial":false,"path_per_floor":["M","M","M","M","M","R","?","R","T","?","R","M","E","$","R","B",null,"M"],"character_chosen":"THE_SILENT","items_purchased":["Snake Skull","Noxious Fumes+1","Flying Knee"],"campfire_rested":0,"item_purchase_floors":[14,14,14],"current_hp_per_floor":[60,59,59,53,52,52,41,41,41,41,41,41,46,46,46,28,61,44,44],"gold":75,"neow_bonus":"TEN_PERCENT_HP_BONUS","is_daily":false,"chose_seed":false,"campfire_upgraded":4,"win_rate":0.0,"timestamp":1614141175,"path_taken":["M","M","M","M","?","R","?","R","T","?","R","M","E","$","R","BOSS","M"],"items_purchased_type":["Relic","Card","Card"],"build_version":"2020-12-22","purchased_purges":0,"victory":false,"max_hp_per_floor":[72,72,72,72,72,72,72,72,72,72,72,72,72,72,72,72,72,72,72],"card_choices":[{"not_picked":["Blur","Deflect"],"picked":"Blade Dance","floor":1},{"not_picked":["Bane","Distraction","Catalyst"],"picked":"SKIP","floor":2},{"not_picked":["Prepared","Masterful Stab"],"picked":"Underhanded Strike","floor":3},{"not_picked":["Dodge and Roll","Calculated Gamble"],"picked":"Escape Plan","floor":4},{"not_picked":["Bouncing Flask","Distraction"],"picked":"Backflip","floor":5},{"not_picked":["Flechettes","Grand Finale"],"picked":"Leg Sweep","floor":12},{"not_picked":["Flying Knee","Quick Slash"],"picked":"Dagger Spray","floor":13},{"not_picked":["Doppelganger","Malaise"],"picked":"Phantasmal Killer","floor":16}],"player_experience":1204382,"relics_obtained":[{"floor":9,"key":"Frozen Egg 2"},{"floor":13,"key":"PreservedInsect"}],"event_choices":[{"damage_healed":0,"gold_gain":0,"player_choice":"Relic ","damage_taken":11,"max_hp_gain":0,"max_hp_loss":0,"event_name":"betterThird:BetterScrap","floor":7,"gold_loss":0,"cards_obtained":["LessonLearned"]},{"damage_healed":0,"gold_gain":50,"player_choice":"Pray","damage_taken":0,"max_hp_gain":0,"max_hp_loss":0,"event_name":"Golden Shrine","floor":10,"gold_loss":0}],"is_beta":false,"boss_relics":[{"not_picked":["reliquary:RustamsPendant","Velvet Choker"],"picked":"reliquary:ThirdArm"}],"items_purged_floors":[],"is_endless":false,"potions_floor_spawned":[1,4,5,13],"killed_by":"Chosen","ascension_level":19}}