{"host":"ga4s3hj9m6nkn6gp","time":1614210546,"event":{"mods":["AchievementEnabler","BaseMod","Bestiary","Colored Powertips","Highlight Path","Minty Spire (QoL Compilation)","Relic Stats","everything is the same but u backflip on backflip"],"gold_per_floor":[111,128,62,62,11,44,44,69,69,98,109,171,171,96,96,170,170,184,184,184,184,204,234,234,266,266,294,344,344,363,396,396,473,473,489,268,268,268,284,313,347,380,380,422,442,442,182,202,202,202,202,202,202,15,48,48,48],"floor_reached":56,"language":"ENG","playtime":2661,"items_purged":["Strike_G"],"score":2410,"play_id":"aae2cfe7-4294-47ab-b787-04202659356b","local_time":"20210225004906","is_ascension_mode":true,"campfire_choices":[{"floor":7.0,"key":"REST"},{"floor":13,"key":"REST"},{"data":"Terror","floor":15,"key":"SMITH"},{"floor":24,"key":"REST"},{"floor":29,"key":"RECALL"},{"floor":32,"key":"REST"},{"floor":46,"key":"REST"},{"floor":49,"key":"REST"},{"floor":53,"key":"REST"}],"circlet_count":0,"master_deck":["AscendersBane","Strike_G+1","Strike_G+1","Defend_G+1","Defend_G+1","Defend_G+1","Defend_G+1","Defend_G+1","Survivor","Neutralize+1","Dash+1","Terror+1","Blade Dance+1","Crippling Poison+1","Leg Sweep+1","Prepared+1","Die Die Die+1","Dagger Spray+1","Phantasmal Killer+1","Poisoned Stab+1","Blade Dance+1","Blade Dance+1","Riddle With Holes+1","PiercingWail+1","Wraith Form v2","CurseOfTheBell","Well Laid Plans+1","Calculated Gamble+1","Adrenaline+1","Well Laid Plans+1","PiercingWail+1","Flash of Steel+1","Thinking Ahead+1","Prepared+1","Acrobatics+1","Cloak And Dagger+1","Calculated Gamble+1","Dramatic Entrance+1","Blade Dance+1","PanicButton+1"],"relics":["Ring of the Snake","Art of War","Toxic Egg 2","Molten Egg 2","Shuriken","Vajra","Matryoshka","Fusion Hammer","Akabeko","Oddly Smooth Stone","Bag of Preparation","Calipers","Tingsha","Thread and Needle","Calling Bell","Bag of Marbles","Mummified Hand","WingedGreaves","Orrery","White Beast Statue","CeramicFish","Juzu Bracelet","HornCleat","Eternal Feather","TwistedFunnel","Whetstone"],"acts_visited":["Exordium","TheCity","TheBeyond","TheEnding"],"potions_floor_usage":[23,23,42,50,50,56,56],"damage_taken":[{"damage":8.0,"enemies":"Jaw Worm","floor":1.0,"turns":6.0},{"damage":8.0,"enemies":"Cultist","floor":2.0,"turns":4.0},{"damage":29.0,"enemies":"Lagavulin","floor":6.0,"turns":7.0},{"damage":43.0,"enemies":"3 Sentries","floor":8.0,"turns":14.0},{"damage":2,"enemies":"Gremlin Nob","floor":10,"turns":3},{"damage":0,"enemies":"Small Slimes","floor":11,"turns":2},{"damage":8,"enemies":"The Guardian","floor":16,"turns":12},{"damage":11,"enemies":"Shell Parasite","floor":18,"turns":4},{"damage":0,"enemies":"Chosen","floor":22,"turns":3},{"damage":2,"enemies":"Slavers","floor":23,"turns":2},{"damage":0,"enemies":"Book of Stabbing","floor":25,"turns":2},{"damage":5,"enemies":"Slavers","floor":27,"turns":2},{"damage":0,"enemies":"Shelled Parasite and Fungi","floor":30,"turns":2},{"damage":18,"enemies":"Gremlin Leader","floor":31,"turns":3},{"damage":15,"enemies":"Champ","floor":33,"turns":6},{"damage":0,"enemies":"3 Darklings","floor":35,"turns":2},{"damage":0,"enemies":"Orb Walker","floor":39,"turns":1},{"damage":2,"enemies":"Reptomancer","floor":40,"turns":3},{"damage":0,"enemies":"Nemesis","floor":41,"turns":3},{"damage":0,"enemies":"Reptomancer","floor":42,"turns":2},{"damage":0,"enemies":"Nemesis","floor":44,"turns":3},{"damage":0,"enemies":"Maw","floor":45,"turns":2},{"damage":0,"enemies":"3 Darklings","floor":48,"turns":1},{"damage":36,"enemies":"Time Eater","floor":50,"turns":7},{"damage":4,"enemies":"Donu and Deca","floor":51,"turns":6},{"damage":1,"enemies":"Shield and Spear","floor":55,"turns":3},{"damage":66,"enemies":"The Heart","floor":56,"turns":6}],"seed_played":"-5492003327412064090","potions_obtained":[{"floor":6.0,"key":"FairyPotion"},{"floor":8.0,"key":"Strength Potion"},{"floor":11,"key":"Swift Potion"},{"floor":23,"key":"Regen Potion"},{"floor":25,"key":"FearPotion"},{"floor":39,"key":"DuplicationPotion"},{"floor":42,"key":"ColorlessPotion"},{"floor":45,"key":"GamblersBrew"},{"floor":55,"key":"Poison Potion"}],"is_trial":false,"path_per_floor":["M","M","?","$","$","E","R","E","T","E","M","?","R","$","R","B",null,"M","?","?","?","M","E","R","E","T","E","?","R","M","E","R","B",null,"M","$","?","?","M","E","E","E","T","E","M","R","$","M","R","B","B",null,"R","$","E","B"],"character_chosen":"THE_SILENT","items_purchased":["Blade Dance+1","Orrery","PiercingWail+1","TwistedFunnel","Dramatic Entrance+1","Blade Dance+1","PanicButton+1","Dexterity Potion"],"campfire_rested":7,"item_purchase_floors":[5,36,36,47,47,54,54,54],"current_hp_per_floor":[51,43,43,43,43,14,33,9,9,7,7,7,26,26,26,18,54,43,43,43,43,43,41,60,60,60,55,55,55,55,37,56,41,60,60,60,60,50,50,48,48,53,53,53,53,66,66,66,66,30,26,56,66,66,65,0,0],"gold":48,"neow_bonus":"RANDOM_COMMON_RELIC","is_daily":false,"chose_seed":false,"campfire_upgraded":1,"win_rate":0.0,"timestamp":1614210546,"path_taken":["M","M","?","?","$","E","R","E","T","E","M","?","R","?","R","BOSS","M","?","?","?","M","E","R","E","T","E","?","R","M","E","R","BOSS","M","$","?","?","M","E","E","E","T","E","M","R","$","M","R","BOSS","BOSS","R","$","E","BOSS"],"items_purchased_type":["Card","Relic","Card","Relic","Card","Card","Card","Potion"],"build_version":"2020-12-22","purchased_purges":1,"victory":false,"max_hp_per_floor":[66,66,66,66,66,66,66,66,66,66,66,66,66,66,66,66,66,66,66,66,66,66,66,66,66,66,66,66,66,66,66,66,66,66,66,66,66,66,66,66,66,66,66,66,66,66,66,66,66,66,66,66,66,66,66,66,66],"relic_stats":{"counters":[27,111],"Shuriken":[82],"Mummified Hand":[11],"CeramicFish":45,"Tingsha":[211],"Eternal Feather":23,"Art of War":[14],"Bag of Preparation":[32],"Juzu Bracelet":0,"Whetstone":["Neutralize","Dash"],"obtain_stats":[{"TwistedFunnel":47,"Calipers":26,"CeramicFish":41,"Vajra":9,"Bag of Preparation":26,"Juzu Bracelet":42,"Whetstone":55,"Matryoshka":10,"HornCleat":43,"Mummified Hand":34,"Fusion Hammer":17,"WingedGreaves":34,"Toxic Egg 2":3,"Ring of the Snake":0,"Oddly Smooth Stone":25,"Tingsha":27,"Thread and Needle":31,"Eternal Feather":44,"Akabeko":23,"White Beast Statue":40,"Calling Bell":34,"Shuriken":8,"Orrery":36,"Molten Egg 2":6,"Art of War":0,"Bag of Marbles":34},{"TwistedFunnel":22,"Calipers":11,"CeramicFish":19,"Vajra":4,"Bag of Preparation":11,"Juzu Bracelet":20,"Whetstone":26,"Matryoshka":5,"HornCleat":20,"Mummified Hand":15,"Fusion Hammer":7,"WingedGreaves":15,"Toxic Egg 2":2,"Ring of the Snake":0,"Oddly Smooth Stone":11,"Tingsha":12,"Thread and Needle":14,"Eternal Feather":21,"Akabeko":10,"White Beast Statue":18,"Calling Bell":15,"Shuriken":4,"Orrery":16,"Molten Egg 2":3,"Art of War":0,"Bag of Marbles":15},{"TwistedFunnel":88,"Calipers":59,"CeramicFish":81,"Vajra":31,"Bag of Preparation":59,"Juzu Bracelet":83,"Whetstone":105,"Matryoshka":34,"HornCleat":83,"Mummified Hand":72,"Fusion Hammer":48,"WingedGreaves":72,"Toxic Egg 2":10,"Ring of the Snake":0,"Oddly Smooth Stone":59,"Tingsha":61,"Thread and Needle":66,"Eternal Feather":86,"Akabeko":57,"White Beast Statue":78,"Calling Bell":72,"Shuriken":31,"Orrery":74,"Molten Egg 2":17,"Art of War":0,"Bag of Marbles":72}],"Ring of the Snake":[54]},"card_choices":[{"not_picked":["Outmaneuver","Acrobatics"],"picked":"Dash","floor":1.0},{"not_picked":["Acrobatics","Quick Slash"],"picked":"Terror","floor":2.0},{"not_picked":["Cloak And Dagger+1","Well Laid Plans"],"picked":"Crippling Poison+1","floor":6.0},{"not_picked":["Infinite Blades","Corpse Explosion+1","Well Laid Plans"],"picked":"SKIP","floor":8.0},{"not_picked":["Prepared+1","Crippling Poison+1"],"picked":"Leg Sweep+1","floor":10},{"not_picked":["Bane+1","Deflect+1"],"picked":"Prepared+1","floor":11},{"not_picked":["Grand Finale+1","Envenom"],"picked":"Die Die Die+1","floor":16},{"not_picked":["Expertise+1","Underhanded Strike+1"],"picked":"Dagger Spray+1","floor":18},{"not_picked":["Escape Plan+1","Prepared+1"],"picked":"Blade Dance+1","floor":22},{"not_picked":["Prepared+1","Blur+1"],"picked":"Blade Dance+1","floor":23},{"not_picked":["Skewer+1","Caltrops"],"picked":"Riddle With Holes+1","floor":25},{"not_picked":["Escape Plan+1","Noxious Fumes","Dagger Throw+1"],"picked":"SKIP","floor":27},{"not_picked":["Dagger Throw+1","Dash+1"],"picked":"PiercingWail+1","floor":30},{"not_picked":["Poisoned Stab+1","Die Die Die+1","Deflect+1"],"picked":"SKIP","floor":31},{"not_picked":["Storm of Steel+1","Glass Knife+1"],"picked":"Wraith Form v2","floor":33},{"not_picked":["Slice+1","Cloak And Dagger+1"],"picked":"Well Laid Plans+1","floor":35},{"not_picked":["Escape Plan+1","Outmaneuver+1"],"picked":"Calculated Gamble+1","floor":36},{"not_picked":["Distraction+1","Blur+1"],"picked":"Adrenaline+1","floor":36},{"not_picked":["Bane+1","Choke+1"],"picked":"Well Laid Plans+1","floor":36},{"not_picked":["Magnetism","The Bomb+1"],"picked":"Flash of Steel+1","floor":38},{"not_picked":["The Bomb+1","HandOfGreed+1"],"picked":"Thinking Ahead+1","floor":38},{"not_picked":["Dagger Spray+1","Dodge and Roll+1"],"picked":"Prepared+1","floor":39},{"not_picked":["Poisoned Stab+1","Burst+1"],"picked":"Acrobatics+1","floor":40},{"not_picked":["Quick Slash+1","Expertise+1"],"picked":"Cloak And Dagger+1","floor":41},{"not_picked":["Crippling Poison+1","Infinite Blades","Heel Hook+1"],"picked":"SKIP","floor":42},{"not_picked":["Dagger Spray+1","Unload+1"],"picked":"Calculated Gamble+1","floor":44},{"not_picked":["Distraction+1","Quick Slash+1","Dagger Spray+1"],"picked":"SKIP","floor":45},{"not_picked":["Quick Slash+1","Deadly Poison+1","Sucker Punch+1"],"picked":"SKIP","floor":48},{"not_picked":["Flechettes+1","Slice+1","Heel Hook+1"],"picked":"SKIP","floor":55}],"player_experience":806265,"relics_obtained":[{"floor":6.0,"key":"Molten Egg 2"},{"floor":8.0,"key":"Shuriken"},{"floor":9.0,"key":"Vajra"},{"floor":10,"key":"Matryoshka"},{"floor":23,"key":"Akabeko"},{"floor":25,"key":"Oddly Smooth Stone"},{"floor":26,"key":"Bag of Preparation"},{"floor":26,"key":"Calipers"},{"floor":27,"key":"Tingsha"},{"floor":31,"key":"Thread and Needle"},{"floor":34,"key":"Bag of Marbles"},{"floor":34,"key":"Mummified Hand"},{"floor":34,"key":"WingedGreaves"},{"floor":40,"key":"White Beast Statue"},{"floor":41,"key":"CeramicFish"},{"floor":42,"key":"Juzu Bracelet"},{"floor":43,"key":"HornCleat"},{"floor":44,"key":"Eternal Feather"},{"floor":55,"key":"Whetstone"}],"event_choices":[{"damage_healed":0.0,"max_hp_gain":0.0,"max_hp_loss":0.0,"gold_gain":0.0,"event_name":"WeMeetAgain","player_choice":"Paid Gold","floor":3.0,"gold_loss":66.0,"damage_taken":0.0,"relics_obtained":["Toxic Egg 2"]},{"damage_healed":0,"gold_gain":62,"player_choice":"Gained Gold","damage_taken":0,"max_hp_gain":0,"max_hp_loss":0,"event_name":"Golden Wing","floor":12,"gold_loss":0},{"damage_healed":0,"gold_gain":0,"player_choice":"Ignored","damage_taken":0,"max_hp_gain":0,"max_hp_loss":0,"event_name":"Cursed Tome","floor":19,"gold_loss":0},{"damage_healed":0,"gold_gain":0,"player_choice":"Simplicity","damage_taken":0,"max_hp_gain":0,"max_hp_loss":0,"event_name":"Back to Basics","floor":20,"gold_loss":0,"cards_upgraded":["Strike_G","Strike_G","Strike_G","Strike_G","Defend_G","Defend_G","Defend_G","Defend_G","Defend_G"]},{"damage_healed":0,"gold_gain":0,"cards_transformed":["Strike_G","Strike_G"],"player_choice":"Became Test Subject","damage_taken":0,"max_hp_gain":0,"max_hp_loss":0,"event_name":"Drug Dealer","floor":21,"gold_loss":0,"cards_obtained":["Phantasmal Killer","Poisoned Stab"]},{"damage_healed":0,"gold_gain":50,"player_choice":"Stole From Cult","damage_taken":0,"max_hp_gain":0,"max_hp_loss":0,"event_name":"Nest","floor":28,"gold_loss":0},{"damage_healed":0,"gold_gain":0,"player_choice":"Ignored","damage_taken":0,"max_hp_gain":0,"max_hp_loss":0,"event_name":"Tomb of Lord Red Mask","floor":37,"gold_loss":0},{"damage_healed":0,"gold_gain":0,"player_choice":"Memory 3","damage_taken":10,"max_hp_gain":0,"max_hp_loss":0,"event_name":"SensoryStone","floor":38,"gold_loss":0}],"is_beta":false,"boss_relics":[{"not_picked":["Astrolabe","Tiny House"],"picked":"Fusion Hammer"},{"not_picked":["Empty Cage","Snecko Eye"],"picked":"Calling Bell"}],"items_purged_floors":[14],"is_endless":false,"potions_floor_spawned":[6,8,11,16,22,23,25,33,39,40,41,42,44,45,48,55],"killed_by":"The Heart","ascension_level":20}}