{"host":"fxrgx7wt2cpkbhka","time":1614144908,"event":{"mods":["AchievementEnabler","BaseMod","Colored Powertips","Dark Map","Minty Spire (QoL Compilation)","Permanent Neow","Quick Restart","Slay-I","StSLib","Waifu the Spire"],"gold_per_floor":[117,117,128,139,139,139,178,178,203,203,4,4,40,65,65,158,158,183,183,219,219,134,155,155,173,173,18,443,443,3,27,27,116,116,136,136,136,156,175,175,211,211,211,211,229,254,272,340,340,340,340,340,46,82,82,82],"floor_reached":55,"language":"ENG","playtime":1824,"items_purged":["Injury","Evolve"],"score":1330,"play_id":"3ee9a907-8550-45d1-af35-06df8214249a","local_time":"20210223213508","is_ascension_mode":true,"campfire_choices":[{"data":"Flame Barrier","floor":6,"key":"SMITH"},{"data":"Clash","floor":10,"key":"SMITH"},{"data":"1","floor":15,"key":"LIFT"},{"data":"2","floor":24,"key":"LIFT"},{"data":"3","floor":29,"key":"LIFT"},{"data":"Spot Weakness","floor":32,"key":"SMITH"},{"floor":40,"key":"RECALL"},{"floor":44,"key":"REST"},{"data":"Uppercut","floor":49,"key":"SMITH"},{"floor":52,"key":"REST"}],"circlet_count":0,"master_deck":["AscendersBane","Strike_R","Strike_R","Strike_R+1","Strike_R","Strike_R","Defend_R","Defend_R","Defend_R","Defend_R","Bash+1","Flame Barrier+1","Clash+1","Clash","Cleave","Reaper","Uppercut+1","Clash","Spot Weakness+1","Inflame+1","Reaper"],"relics":["Burning Blood","NeowsBlessing","Golden Idol","Pen Nib","Blood Vial","Vajra","Girya","Thread and Needle","Sozu","Nilry\u0027s Codex","Red Mask","MutagenicStrength","Frozen Egg 2","Turnip","Old Coin","The Courier","Strawberry","ClockworkSouvenir","StrikeDummy","Busted Crown","Smiling Mask","CeramicFish","StoneCalendar","Medical Kit","Lantern","Whetstone"],"acts_visited":["Exordium","TheCity","TheBeyond","TheEnding"],"potions_floor_usage":[7,13,16,20,55],"damage_taken":[{"damage":0,"enemies":"2 Louse","floor":1,"turns":1},{"damage":0,"enemies":"Cultist","floor":3,"turns":1},{"damage":0,"enemies":"Small Slimes","floor":4,"turns":1},{"damage":32,"enemies":"Lagavulin","floor":7,"turns":10},{"damage":21,"enemies":"3 Sentries","floor":13,"turns":9},{"damage":2,"enemies":"Looter","floor":14,"turns":3},{"damage":0,"enemies":"The Guardian","floor":16,"turns":15},{"damage":4,"enemies":"3 Byrds","floor":18,"turns":5},{"damage":50,"enemies":"Masked Bandits","floor":20,"turns":4},{"damage":0,"enemies":"Chosen","floor":23,"turns":4},{"damage":9,"enemies":"Snecko","floor":25,"turns":4},{"damage":4,"enemies":"Colosseum Slavers","floor":28,"turns":4},{"damage":1,"enemies":"Colosseum Nobs","floor":28,"turns":3},{"damage":1,"enemies":"3 Cultists","floor":31,"turns":4},{"damage":68,"enemies":"Champ","floor":33,"turns":7},{"damage":17,"enemies":"3 Shapes","floor":35,"turns":2},{"damage":0,"enemies":"Orb Walker","floor":38,"turns":2},{"damage":27,"enemies":"Writhing Mass","floor":39,"turns":3},{"damage":76,"enemies":"Reptomancer","floor":41,"turns":5},{"damage":3,"enemies":"3 Darklings","floor":45,"turns":4},{"damage":0,"enemies":"Jaw Worm Horde","floor":46,"turns":2},{"damage":7,"enemies":"Sphere and 2 Shapes","floor":47,"turns":4},{"damage":24,"enemies":"2 Orb Walkers","floor":48,"turns":3},{"damage":59,"enemies":"Time Eater","floor":50,"turns":6},{"damage":64,"enemies":"Shield and Spear","floor":54,"turns":6},{"damage":77,"enemies":"The Heart","floor":55,"turns":3}],"seed_played":"-3262152041280985294","potions_obtained":[{"floor":1,"key":"AttackPotion"},{"floor":2,"key":"SpeedPotion"},{"floor":7,"key":"ColorlessPotion"},{"floor":14,"key":"EssenceOfSteel"},{"floor":16,"key":"AttackPotion"}],"is_trial":false,"path_per_floor":["M","?","M","M","?","R","E","?","T","R","$","T","E","M","R","B",null,"M","?","?","?","?","M","R","M","T","$","?","R","$","M","R","B",null,"M","?","$","M","M","R","E","$","T","R","M","M","M","?","R","B",null,"R","$","E","B"],"character_chosen":"IRONCLAD","items_purchased":["Vajra","Clash","Spot Weakness","Strawberry","ClockworkSouvenir","StrikeDummy","Medical Kit","Lantern"],"campfire_rested":2,"item_purchase_floors":[11,11,27,30,30,30,53,53],"current_hp_per_floor":[74,74,75,75,75,75,49,49,49,49,49,49,36,42,42,50,69,75,54,30,30,30,56,56,65,65,65,75,75,82,82,82,20,67,82,82,82,82,79,79,25,25,25,49,82,82,82,76,76,38,71,82,82,53,0,0],"gold":82,"neow_bonus":"THREE_ENEMY_KILL","is_daily":false,"chose_seed":false,"campfire_upgraded":4,"win_rate":0.0,"timestamp":1614144908,"path_taken":["M","?","M","?","?","R","E","?","T","R","$","?","E","M","R","BOSS","M","?","?","?","?","?","R","M","T","?","?","R","$","M","R","BOSS","M","?","$","M","M","R","E","$","T","R","M","M","?","?","R","BOSS","R","$","E","BOSS"],"items_purchased_type":["Relic","Card","Card","Relic","Relic","Relic","Relic","Relic"],"build_version":"2020-12-22","purchased_purges":2,"victory":false,"max_hp_per_floor":[75,75,75,75,75,75,75,75,75,75,75,75,75,75,75,75,75,75,75,75,75,75,75,75,75,75,75,75,75,82,82,82,82,82,82,82,82,82,82,82,82,82,82,82,82,82,82,82,82,82,82,82,82,82,82,82],"card_choices":[{"not_picked":["Carnage","Rupture"],"picked":"Evolve","floor":1},{"not_picked":["Burning Pact","Blood for Blood"],"picked":"Flame Barrier","floor":3},{"not_picked":["Headbutt","Havoc"],"picked":"Clash","floor":4},{"not_picked":["Power Through","Sever Soul","Burning Pact"],"picked":"SKIP","floor":7},{"not_picked":["Havoc","Headbutt","Sever Soul"],"picked":"SKIP","floor":13},{"not_picked":["Armaments","Perfected Strike"],"picked":"Cleave","floor":14},{"not_picked":["Berserk","Demon Form"],"picked":"Reaper","floor":16},{"not_picked":["Wild Strike+1","Sword Boomerang"],"picked":"Uppercut","floor":18},{"not_picked":["Reaper","Armaments"],"picked":"Clash","floor":23},{"not_picked":["Sword Boomerang","Heavy Blade","Cleave"],"picked":"SKIP","floor":25},{"not_picked":["Disarm","Shrug It Off"],"picked":"Inflame+1","floor":28},{"not_picked":["Flex","Cleave","Power Through"],"picked":"SKIP","floor":31},{"not_picked":["Feed","Bludgeon"],"picked":"Reaper","floor":33},{"not_picked":["Headbutt"],"picked":"SKIP","floor":35},{"not_picked":["Havoc+1"],"picked":"SKIP","floor":38},{"not_picked":["Power Through"],"picked":"SKIP","floor":39},{"not_picked":["Fiend Fire"],"picked":"SKIP","floor":41},{"not_picked":["Shrug It Off"],"picked":"SKIP","floor":45},{"not_picked":["Havoc"],"picked":"SKIP","floor":46},{"not_picked":["Thunderclap"],"picked":"SKIP","floor":47},{"not_picked":["Demon Form+1"],"picked":"SKIP","floor":54}],"player_experience":807114,"relics_obtained":[{"floor":7,"key":"Pen Nib"},{"floor":12,"key":"Girya"},{"floor":13,"key":"Thread and Needle"},{"floor":19,"key":"Nilry\u0027s Codex"},{"floor":20,"key":"Red Mask"},{"floor":26,"key":"Turnip"},{"floor":28,"key":"Old Coin"},{"floor":28,"key":"The Courier"},{"floor":41,"key":"Smiling Mask"},{"floor":43,"key":"CeramicFish"},{"floor":48,"key":"StoneCalendar"},{"floor":54,"key":"Whetstone"}],"event_choices":[{"damage_healed":0,"gold_gain":0,"player_choice":"Got Potions","damage_taken":0,"max_hp_gain":0,"max_hp_loss":0,"event_name":"Lab","floor":2,"gold_loss":0},{"damage_healed":0,"gold_gain":0,"player_choice":"Take Wound","damage_taken":0,"relics_obtained":["Golden Idol"],"max_hp_gain":0,"max_hp_loss":0,"event_name":"Golden Idol","floor":5,"gold_loss":0,"cards_obtained":["Injury"]},{"damage_healed":0,"gold_gain":0,"player_choice":"Searched \u00271\u0027 times","damage_taken":0,"relics_obtained":["Blood Vial"],"max_hp_gain":0,"max_hp_loss":0,"event_name":"Dead Adventurer","floor":8,"gold_loss":0},{"damage_healed":0,"gold_gain":0,"player_choice":"Obtained Book","damage_taken":21,"max_hp_gain":0,"max_hp_loss":0,"event_name":"Cursed Tome","floor":19,"gold_loss":0},{"damage_healed":0,"gold_gain":0,"player_choice":"Fought Bandits","damage_taken":0,"max_hp_gain":0,"max_hp_loss":0,"event_name":"Masked Bandits","floor":20,"gold_loss":0},{"damage_healed":0,"gold_gain":0,"player_choice":"Inject Mutagens","damage_taken":0,"relics_obtained":["MutagenicStrength"],"max_hp_gain":0,"max_hp_loss":0,"event_name":"Drug Dealer","floor":21,"gold_loss":0},{"damage_healed":0,"gold_gain":0,"player_choice":"Obtained Relic","damage_taken":0,"relics_obtained":["Frozen Egg 2"],"max_hp_gain":0,"max_hp_loss":0,"event_name":"Addict","floor":22,"gold_loss":85},{"damage_healed":0,"gold_gain":0,"player_choice":"Fight","damage_taken":0,"max_hp_gain":0,"max_hp_loss":0,"event_name":"Colosseum","floor":28,"gold_loss":0},{"damage_healed":0,"gold_gain":0,"player_choice":"Fought Nobs","damage_taken":0,"max_hp_gain":0,"max_hp_loss":0,"event_name":"Colosseum","floor":28,"gold_loss":0},{"damage_healed":0,"gold_gain":0,"player_choice":"0 cards matched","damage_taken":0,"max_hp_gain":0,"max_hp_loss":0,"event_name":"Match and Keep!","floor":36,"gold_loss":0,"cards_obtained":[]},{"damage_healed":0,"gold_gain":0,"player_choice":"Fight","damage_taken":0,"max_hp_gain":0,"max_hp_loss":0,"event_name":"Mysterious Sphere","floor":48,"gold_loss":0}],"is_beta":false,"boss_relics":[{"not_picked":["Cursed Key","Mark of Pain"],"picked":"Sozu"},{"not_picked":["Velvet Choker","Tiny House"],"picked":"Busted Crown"}],"items_purged_floors":[27,53],"is_endless":false,"potions_floor_spawned":[1,3,7,14,16,20,28,28,33,38,39,41,45],"killed_by":"The Heart","ascension_level":15}}