{"host":"8e3sp1tozjyrh64l","time":1614139425,"event":{"mods":["Act Like it!","BaseMod","Better Altar","Better Match","Better Note","Better Sensory Stone","Better Silent Start","Better Skull","Better Third Choice","BetterRewards","Conspire","Curses Come First","Defuse TimeMaze Blight","Infinite Spire","Minty Spire (QoL Compilation)","Permanent Neow","Rare Cards Sparkle","Relic Sorter","Reliquary","Replay The Spire","Shop Mod","Spicy Shops","StSLib","SuperFastMode","The Jungle","The Mystic","The Necromancer","Wandering Minibosses"],"gold_per_floor":[120,149,161,161,181,181,218,218,218,218,20,46,46,75,75,186,186,157,157,86,86,100,109,109,109,180,180,210,238,238,238],"floor_reached":30,"language":"ENG","playtime":786,"items_purged":["Voices"],"score":260,"play_id":"e0c112c7-cb00-422a-80d7-41a7835a4abe","local_time":"20210223210345","is_ascension_mode":true,"campfire_choices":[{"data":"Dagger Spray","floor":6,"key":"SMITH"},{"data":"Flechettes","floor":8,"key":"SMITH"},{"data":"Neutralize","floor":10,"key":"SMITH"},{"data":"Noxious Fumes","floor":15,"key":"SMITH"},{"data":"Well Laid Plans","floor":24,"key":"SMITH"},{"data":"Escape Plan","floor":27,"key":"SMITH"}],"circlet_count":0,"master_deck":["Strike_G","Strike_G","Strike_G","Strike_G","Defend_G","Defend_G","Defend_G","Defend_G","Survivor","Neutralize+1","Escape Plan+1","Flechettes+1","Dagger Spray+1","Noxious Fumes+1","Escape Plan","Well Laid Plans+1","After Image"],"relics":["Ring of the Snake","CeramicFish","Tiny Chest","Replay:Kaleidoscope","conspire:SlowCooker","reliquary:BoilingFlask","Toolbox","The Specimen","Ring of Fury","Ring of Panic","Vampiric Spirits","Question Card","Iron Hammer"],"acts_visited":["Exordium","TheCity"],"potions_floor_usage":[7,7,16,30],"damage_taken":[{"damage":0,"enemies":"Jaw Worm","floor":1,"turns":6},{"damage":6,"enemies":"Cultist","floor":2,"turns":8},{"damage":0,"enemies":"2 Louse","floor":3,"turns":3},{"damage":7,"enemies":"Looter","floor":5,"turns":3},{"damage":23,"enemies":"Lagavulin","floor":7,"turns":8},{"damage":0,"enemies":"Exordium Wildlife","floor":12,"turns":2},{"damage":0,"enemies":"Large Slime","floor":14,"turns":4},{"damage":2,"enemies":"The Guardian","floor":16,"turns":8},{"damage":21,"enemies":"2 Thieves","floor":18,"turns":5},{"damage":10,"enemies":"Chosen","floor":22,"turns":5},{"damage":12,"enemies":"Centurion and Healer","floor":28,"turns":4},{"damage":24,"enemies":"conspire:SneckoGhost","floor":29,"turns":6},{"damage":37,"enemies":"Shelled Parasite and Fungi","floor":30,"turns":3}],"seed_played":"-4281619649091714997","potions_obtained":[{"floor":3,"key":"Energy Potion"},{"floor":5,"key":"Reflective Coating"},{"floor":12,"key":"Fire Potion"},{"floor":18,"key":"EssenceOfSteel"},{"floor":29,"key":"GamblersBrew"}],"is_trial":false,"path_per_floor":["M","M","M","?","M","R","E","R","T","R","$","M","?","M","R","B",null,"M","T","$","?","M","?","R","AVR","T","R","M","E","M"],"character_chosen":"THE_SILENT","items_purchased":["Noxious Fumes","Toolbox"],"campfire_rested":0,"item_purchase_floors":[11,20],"current_hp_per_floor":[70,64,64,64,57,57,34,34,34,34,34,34,34,34,34,32,70,49,49,49,49,39,39,39,39,39,39,40,16,0,0],"gold":238,"neow_bonus":"RANDOM_COMMON_RELIC","is_daily":false,"chose_seed":false,"campfire_upgraded":6,"win_rate":0.0,"timestamp":1614139425,"path_taken":["M","M","M","?","M","R","E","R","T","R","$","?","?","?","R","BOSS","M","?","$","?","M","?","R","AVR","T","R","M","E","M"],"items_purchased_type":["Card","Relic"],"build_version":"2020-12-22","purchased_purges":1,"victory":false,"max_hp_per_floor":[70,70,70,70,70,70,70,70,70,70,70,70,70,70,70,70,70,70,70,70,70,70,70,70,70,70,70,70,70,70,70],"card_choices":[{"not_picked":["Quick Slash","Escape Plan","Acrobatics"],"picked":"SKIP","floor":1},{"not_picked":["Quick Slash","Acrobatics"],"picked":"Escape Plan","floor":1},{"not_picked":["Deflect","PiercingWail"],"picked":"Flechettes","floor":2},{"not_picked":["Finisher","Outmaneuver","Endless Agony"],"picked":"SKIP","floor":3},{"not_picked":["Hidden Blade","Bane"],"picked":"Dagger Spray","floor":5},{"not_picked":["Dagger Throw","Finisher"],"picked":"ReplayTheSpireMod:Scrap Shanks","floor":7},{"not_picked":["Well Laid Plans","Underhanded Strike"],"picked":"Escape Plan","floor":12},{"not_picked":["Finisher","Well Laid Plans","Quick Slash"],"picked":"SKIP","floor":14},{"not_picked":["Finisher","Quick Slash"],"picked":"Well Laid Plans","floor":14},{"not_picked":["Venomology","Corpse Explosion"],"picked":"After Image","floor":16},{"not_picked":["Dagger Spray+1","Cloak And Dagger","Bane"],"picked":"SKIP","floor":18},{"not_picked":["Sneak Up+1","Deadly Poison","Underhanded Strike"],"picked":"SKIP","floor":22},{"not_picked":["Sneak Up","Dodge and Roll","Bane","Blade Dance"],"picked":"SKIP","floor":28},{"not_picked":["Sneak Up","Unload","Quick Slash+1","Bane+1"],"picked":"SKIP","floor":29}],"player_experience":966038,"relics_obtained":[{"floor":7,"key":"Tiny Chest"},{"floor":19,"key":"reliquary:BoilingFlask"},{"floor":23,"key":"Ring of Fury"},{"floor":23,"key":"Ring of Panic"},{"floor":26,"key":"Question Card"},{"floor":29,"key":"Iron Hammer"}],"event_choices":[{"damage_healed":0,"gold_gain":0,"player_choice":"Ignored","damage_taken":0,"max_hp_gain":0,"max_hp_loss":0,"event_name":"betterNote:BetterNote","floor":4,"gold_loss":0,"cards_obtained":["Trip"]},{"cards_removed":["ReplayTheSpireMod:Scrap Shanks"],"damage_healed":0,"gold_gain":0,"player_choice":"Gave Card","damage_taken":0,"relics_obtained":["Replay:Kaleidoscope"],"max_hp_gain":0,"max_hp_loss":0,"event_name":"WeMeetAgain","floor":13,"gold_loss":0},{"damage_healed":0,"gold_gain":0,"player_choice":"Opened","damage_taken":0,"relics_obtained":["The Specimen"],"max_hp_gain":0,"max_hp_loss":0,"event_name":"The Mausoleum","floor":21,"gold_loss":0}],"is_beta":false,"boss_relics":[{"not_picked":["reliquary:WritOfMandamus","ChewingGum"],"picked":"conspire:SlowCooker"}],"items_purged_floors":[25],"is_endless":false,"potions_floor_spawned":[3,5,12,18,29],"killed_by":"Shelled Parasite and Fungi","ascension_level":1}}