{"host":"v9yiptmoyyuggqjj","time":1614150749,"event":{"mods":["AchievementEnabler","BaseMod","BetterRewards","Card Forge","Colored Map","Colored Powertips","DeckTracker","Highlight Path","Infinite Spire","Minty Spire (QoL Compilation)","Quick Restart","Shop Mod","StSLib","Swap Starting Deck Mod"],"gold_per_floor":[119,129,54,54,66,93,110,110,110,125,125,158,158,233,233,329,329,340,340,340,357,357,357,376,376,376,392,392,418,437,450,450,546,546,558,573,573,573,14,14,14],"floor_reached":40,"language":"ENG","playtime":2866,"items_purged":["ThirdEye","Worship"],"score":593,"play_id":"4adda8fb-5e7a-47f2-bf78-95caad81731d","local_time":"20210224001229","is_ascension_mode":true,"campfire_choices":[{"data":"Nirvana","floor":8,"key":"SMITH"},{"data":"Wish","floor":11,"key":"SMITH"},{"floor":15,"key":"REST"},{"data":"infinitespire:Execution","floor":23,"key":"SMITH"},{"floor":28,"key":"REST"},{"floor":32,"key":"REST"},{"data":"Alpha","floor":32,"key":"SMITH"}],"circlet_count":0,"master_deck":["CutThroughFate","CutThroughFate","CutThroughFate","ThirdEye+1","ThirdEye+1","ThirdEye","Nirvana+1","PathToVictory","Wish+1","infinitespire:Execution+1","Alpha+1","SashWhip+1","Worship+1","Wireheading","DevaForm"],"relics":["PureWater","Hammer of Thor","Seething Fire","Anvil of the Gods","swapstartingdeckmod:DeadBlossom","Pen Nib","HornCleat","Pear","Nunchaku","Philosopher\u0027s Stone","Enchiridion","Singing Bowl","infinitespire:Magic Flask","Runic Pyramid","Lantern","War Paint","Sling"],"acts_visited":["TheCity","TheBeyond"],"potions_floor_usage":[24,30,30,33,33],"damage_taken":[{"damage":6,"enemies":"Small Slimes","floor":1,"turns":3},{"damage":0,"enemies":"Jaw Worm","floor":2,"turns":4},{"damage":2,"enemies":"2 Louse","floor":5,"turns":2},{"damage":6,"enemies":"3 Sentries","floor":6,"turns":9},{"damage":2,"enemies":"Exordium Thugs","floor":7,"turns":5},{"damage":0,"enemies":"3 Louse","floor":10,"turns":4},{"damage":0,"enemies":"Gremlin Nob","floor":12,"turns":5},{"damage":23,"enemies":"Slime Boss","floor":16,"turns":5},{"damage":8,"enemies":"Shell Parasite","floor":18,"turns":5},{"damage":0,"enemies":"Chosen","floor":21,"turns":5},{"damage":23,"enemies":"Snake Plant","floor":24,"turns":3},{"damage":0,"enemies":"Centurion and Healer","floor":27,"turns":4},{"damage":0,"enemies":"Book of Stabbing","floor":29,"turns":5},{"damage":20,"enemies":"Cultist and Chosen","floor":30,"turns":4},{"damage":5,"enemies":"Chosen and Byrds","floor":31,"turns":5},{"damage":0,"enemies":"Automaton","floor":33,"turns":7},{"damage":44,"enemies":"3 Shapes","floor":35,"turns":4},{"damage":4,"enemies":"Orb Walker","floor":36,"turns":5},{"damage":20,"enemies":"Reptomancer","floor":40,"turns":2}],"seed_played":"-2802879116031966333","potions_obtained":[{"floor":6,"key":"BottledMiracle"},{"floor":12,"key":"SteroidPotion"},{"floor":16,"key":"Regen Potion"},{"floor":21,"key":"Explosive Potion"},{"floor":27,"key":"Regen Potion"},{"floor":31,"key":"Dexterity Potion"},{"floor":33,"key":"Regen Potion"},{"floor":35,"key":"SteroidPotion"}],"is_trial":false,"path_per_floor":["M","M","$","?","M","E","M","R","T","M","R","E","?","?","R","B",null,"M","?","?","M","?","R","M","?","T","M","R","E","M","M","R","B",null,"M","M","?","?","$","E"],"character_chosen":"WATCHER","items_purchased":["Lantern","War Paint","Sling"],"campfire_rested":3,"item_purchase_floors":[39,39,39],"current_hp_per_floor":[66,66,66,54,52,46,44,44,49,49,49,49,29,18,30,7,48,40,24,24,24,24,24,6,9,9,10,23,23,9,5,18,18,62,19,16,16,16,16,0,0],"gold":14,"neow_bonus":"","is_daily":false,"chose_seed":false,"campfire_upgraded":4,"win_rate":0.0,"timestamp":1614150749,"path_taken":["M","M","$","?","M","E","M","R","T","M","R","E","?","?","R","BOSS","M","?","?","?","?","R","M","?","T","M","R","E","M","M","R","BOSS","M","?","?","?","$","E"],"items_purchased_type":["Relic","Relic","Relic"],"build_version":"2020-12-22","purchased_purges":2,"victory":false,"max_hp_per_floor":[72,72,72,72,72,72,72,72,82,82,82,82,82,82,82,82,82,82,82,82,82,82,82,82,82,82,84,84,84,86,88,88,88,88,90,92,87,87,87,87,87],"card_choices":[{"not_picked":["Study","Pray","EmptyFist"],"picked":"SKIP","floor":1},{"not_picked":["EmptyBody","FearNoEvil","ReachHeaven"],"picked":"SKIP","floor":2},{"not_picked":["FlurryOfBlows","FlyingSleeves"],"picked":"PathToVictory","floor":5},{"not_picked":["EmptyFist","Crescendo"],"picked":"Wish","floor":6},{"not_picked":["CarveReality","Halt","TalkToTheHand"],"picked":"SKIP","floor":7},{"not_picked":["CarveReality","Halt","TalkToTheHand"],"picked":"SKIP","floor":7},{"not_picked":["Collect","BattleHymn","EmptyBody"],"picked":"SKIP","floor":10},{"not_picked":["Prostrate","Establishment","BattleHymn"],"picked":"SKIP","floor":12},{"not_picked":["infinitespire:TheBestDefense","infinitespire:Menacing"],"picked":"infinitespire:Execution","floor":13},{"not_picked":["DeusExMachina","SpiritShield"],"picked":"Alpha","floor":16},{"not_picked":["SandsOfTime","EmptyFist"],"picked":"SashWhip+1","floor":18},{"not_picked":["SignatureMove","Protect"],"picked":"Worship+1","floor":21},{"not_picked":["EmptyBody","Halt","DeceiveReality"],"picked":"SKIP","floor":24},{"not_picked":["InnerPeace","CrushJoints+1","Protect"],"picked":"Singing Bowl","floor":27},{"not_picked":["ClearTheMind","Meditate+1"],"picked":"Wireheading","floor":29},{"not_picked":["ForeignInfluence","FollowUp+1","BowlingBash"],"picked":"Singing Bowl","floor":30},{"not_picked":["JustLucky+1","CrushJoints","Collect"],"picked":"Singing Bowl","floor":31},{"not_picked":["Devotion","Omniscience"],"picked":"DevaForm","floor":33},{"not_picked":["BattleHymn+1","FlurryOfBlows","InnerPeace"],"picked":"Singing Bowl","floor":35},{"not_picked":["FlurryOfBlows","EmptyBody+1","MentalFortress+1"],"picked":"Singing Bowl","floor":36}],"player_experience":624299,"relics_obtained":[{"floor":6,"key":"HornCleat"},{"floor":9,"key":"Pear"},{"floor":12,"key":"Nunchaku"},{"floor":19,"key":"Enchiridion"},{"floor":26,"key":"Singing Bowl"},{"floor":29,"key":"infinitespire:Magic Flask"}],"event_choices":[{"damage_healed":0,"gold_gain":0,"player_choice":"Success","damage_taken":12,"relics_obtained":["Pen Nib"],"max_hp_gain":0,"max_hp_loss":0,"event_name":"Scrap Ooze","floor":4,"gold_loss":0},{"damage_healed":0,"gold_gain":75,"player_choice":"Gather Gold","damage_taken":11,"max_hp_gain":0,"max_hp_loss":0,"event_name":"World of Goop","floor":14,"gold_loss":0},{"damage_healed":0,"gold_gain":0,"player_choice":"Obtained Book","damage_taken":16,"max_hp_gain":0,"max_hp_loss":0,"event_name":"Cursed Tome","floor":19,"gold_loss":0},{"damage_healed":0,"gold_gain":0,"player_choice":"Read","damage_taken":0,"max_hp_gain":0,"max_hp_loss":0,"event_name":"The Library","floor":20,"gold_loss":0,"cards_obtained":["Worship"]},{"cards_removed":["CutThroughFate"],"damage_healed":0,"gold_gain":0,"player_choice":"Elegance","damage_taken":0,"max_hp_gain":0,"max_hp_loss":0,"event_name":"Back to Basics","floor":22,"gold_loss":0},{"cards_removed":["CutThroughFate"],"damage_healed":5,"gold_gain":0,"player_choice":"Offered Common","damage_taken":0,"max_hp_gain":0,"max_hp_loss":0,"event_name":"Bonfire Elementals","floor":25,"gold_loss":0},{"cards_removed":["CutThroughFate"],"damage_healed":5,"gold_gain":0,"player_choice":"Offered Special","damage_taken":0,"max_hp_gain":0,"max_hp_loss":0,"event_name":"Bonfire Elementals","floor":25,"gold_loss":0},{"damage_healed":0,"gold_gain":0,"player_choice":"Max HP","damage_taken":0,"max_hp_gain":0,"max_hp_loss":5,"event_name":"Winding Halls","floor":37,"gold_loss":0}],"is_beta":false,"boss_relics":[{"not_picked":["SacredBark","Black Star"],"picked":"Philosopher\u0027s Stone"},{"not_picked":["Calling Bell","Astrolabe"],"picked":"Runic Pyramid"}],"items_purged_floors":[3,39],"is_endless":false,"potions_floor_spawned":[6,12,16,21,27,31,33,35],"killed_by":"Reptomancer","ascension_level":2}}