{"host":"o9lehcdjc4u6j9un","time":1614201590,"event":{"mods":["Aspiration","BaseMod","Better-Laid Plans","Bossed Relics","Colored Map","Koishi","Marisa£®ÏF”Í°°ƒß¿Ì…≥£©","Minty Spire (QoL Compilation)","Reimu£®≤©¿ˆ¡È√Œ£©","Remilia£®¿Ÿ√◊¿Ú—«£©","StSLib","The Senshi","The Servant 0.9.4","Yakumo Yukari mod","Youmu£®ªÍ∆«—˝√Œ£©"],"gold_per_floor":[111,126,140,215,140,167,167,181,181,81,81,81,115,135,135,239,239,256,95,110,110,129,129,158,158,211,236,186,195,203,231,231,325,325,332,302,152,159,170,185,185,192,245,245,47,57,69,85,85,80,80,80,30,52,47,47],"floor_reached":55,"language":"ZHS","playtime":4321,"items_purged":["Koishi:BasicStrike","Koishi:BasicStrike","Injury","Koishi:BasicStrike","Koishi:BasicStrike"],"score":691,"play_id":"305c18ec-1a31-4d9a-ad83-19f408fc147c","local_time":"20210225051950","is_ascension_mode":false,"campfire_choices":[{"floor":7,"key":"REST"},{"floor":11,"key":"REST"},{"data":"Koishi:UnconsciousUrges","floor":15,"key":"SMITH"},{"floor":23,"key":"REST"},{"floor":25,"key":"REST"},{"floor":32,"key":"RECALL"},{"data":"Koishi:EmbersOfLove","floor":41,"key":"SMITH"},{"floor":44,"key":"REST"},{"floor":49,"key":"REST"},{"data":"Koishi:PredatoryInstincts","floor":52,"key":"SMITH"}],"circlet_count":0,"master_deck":["Koishi:BasicDefend","Koishi:BasicDefend","Koishi:BasicDefend","Koishi:BasicDefend","Koishi:Provoke","Koishi:HauntingSlash","Koishi:UnconsciousUrges+1","Koishi:ParalyzingFear","Koishi:EmbersOfLove+1","Koishi:PhantomBarrier","Koishi:StrangeCloudFist","Koishi:PhantomBarrier","Koishi:BloodcurdlingScream+1","Koishi:PhantomBarrier","Koishi:TraumaticStroke+1","Koishi:PhantomStrike+1","Koishi:SpiritedAway+1","Koishi:RollingInRichesHeart","Koishi:ApparitionsStalkTheNight","Koishi:PredatoryInstincts+1","Koishi:GrowingPain+1","Koishi:HeartfeltFancy+1","Koishi:SpiritedAway+1","Koishi:PhilosophyOfTheDespised","Koishi:SpiritedAway+1","Koishi:Untouchable+1","Koishi:ApparitionsStalkTheNight","Koishi:PredatoryInstincts+1"],"relics":["Koishi:ImaginaryFriend","Pen Nib","aspiration:ChemicalBlood","Molten Egg 2","PreservedInsect","Philosopher\u0027s Stone","Incense Burner","Ancient Tea Set","Mummified Hand","Koishi:ColorfulDays","Dream Catcher","theSenshi:SailorFukuRelic"],"acts_visited":["Exordium","TheCity","TheBeyond","TheEnding"],"potions_floor_usage":[8,18,24,27,31,33,33,35,35,47,48,50,50,50,50,50,54,55,55,55],"damage_taken":[{"damage":1,"enemies":"2 Louse","floor":1,"turns":3},{"damage":0,"enemies":"Small Slimes","floor":2,"turns":5},{"damage":1,"enemies":"Cultist","floor":3,"turns":4},{"damage":40,"enemies":"Gremlin Nob","floor":6,"turns":6},{"damage":2,"enemies":"Red Slaver","floor":8,"turns":4},{"damage":15,"enemies":"3 Sentries","floor":13,"turns":10},{"damage":6,"enemies":"Lots of Slimes","floor":14,"turns":5},{"damage":13,"enemies":"Hexaghost","floor":16,"turns":10},{"damage":17,"enemies":"2 Thieves","floor":18,"turns":4},{"damage":0,"enemies":"Shell Parasite","floor":20,"turns":4},{"damage":22,"enemies":"Cultist and Chosen","floor":22,"turns":6},{"damage":20,"enemies":"Slavers","floor":24,"turns":5},{"damage":14,"enemies":"Book of Stabbing","floor":27,"turns":3},{"damage":11,"enemies":"Snecko","floor":29,"turns":4},{"damage":7,"enemies":"Chosen and Byrds","floor":30,"turns":5},{"damage":37,"enemies":"Slavers","floor":31,"turns":4},{"damage":29,"enemies":"Automaton","floor":33,"turns":10},{"damage":5,"enemies":"Orb Walker","floor":35,"turns":3},{"damage":5,"enemies":"3 Shapes","floor":38,"turns":3},{"damage":21,"enemies":"Sphere and 2 Shapes","floor":39,"turns":5},{"damage":3,"enemies":"Spire Growth","floor":40,"turns":5},{"damage":48,"enemies":"4 Shapes","floor":42,"turns":5},{"damage":6,"enemies":"Sphere and 2 Shapes","floor":46,"turns":4},{"damage":25,"enemies":"Jaw Worm Horde","floor":47,"turns":4},{"damage":10,"enemies":"4 Shapes","floor":48,"turns":4},{"damage":35,"enemies":"Donu and Deca","floor":50,"turns":9},{"damage":46,"enemies":"Shield and Spear","floor":54,"turns":7},{"damage":58,"enemies":"The Heart","floor":55,"turns":2}],"seed_played":"-9123504918163684658","potions_obtained":[{"floor":2,"key":"BlessingOfTheForge"},{"floor":6,"key":"DistilledChaos"},{"floor":14,"key":"Block Potion"},{"floor":22,"key":"FairyPotion"},{"floor":31,"key":"BlessingOfTheForge"},{"floor":31,"key":"ZuzhouPotion:ReiMu"},{"floor":33,"key":"EssenceOfSteel"},{"floor":35,"key":"Ancient Potion"},{"floor":36,"key":"Explosive Potion"},{"floor":39,"key":"GamblersBrew"},{"floor":39,"key":"Fire Potion"},{"floor":42,"key":"Energy Potion"},{"floor":47,"key":"ColorlessPotion"}],"is_trial":false,"path_per_floor":["M","M","M","?","$","E","R","M","T","$","R","?","E","M","R","B",null,"M","$","M","?","M","R","E","R","T","E","?","M","M","E","R","B",null,"M","?","$","M","M","M","R","M","T","R","$","M","M","M","R","B",null,"R","$","E","B"],"character_chosen":"KOISHI","items_purchased":["Koishi:TraumaticStroke+1","Koishi:SpiritedAway+1","BlessingOfTheForge"],"campfire_rested":6,"item_purchase_floors":[19,45,53],"current_hp_per_floor":[65,66,66,55,55,18,37,37,37,37,56,56,42,37,37,27,66,49,49,50,50,30,49,29,48,48,35,35,25,19,11,11,19,66,62,62,62,66,45,47,47,16,16,35,35,37,31,34,53,18,66,66,66,21,0,0],"gold":47,"neow_bonus":"TEN_PERCENT_HP_BONUS","is_daily":false,"chose_seed":false,"campfire_upgraded":3,"win_rate":0.0,"timestamp":1614201590,"path_taken":["M","M","M","?","$","E","R","M","T","$","R","?","E","M","R","BOSS","M","$","M","?","M","R","E","R","T","E","?","M","?","E","R","BOSS","M","?","$","M","M","M","R","M","T","R","$","?","M","M","R","BOSS","R","$","E","BOSS"],"items_purchased_type":["Card","Card","Potion"],"build_version":"2020-12-22","purchased_purges":5,"victory":false,"max_hp_per_floor":[66,66,66,66,66,66,66,66,66,66,66,66,66,66,66,66,66,66,66,66,66,66,66,66,66,66,66,66,66,66,66,66,66,66,66,66,66,66,66,66,66,66,66,66,66,66,66,66,66,66,66,66,66,66,66,66],"card_choices":[{"not_picked":["Koishi:UnansweredLove","Koishi:StingingMind"],"picked":"Koishi:UnconsciousUrges","floor":1},{"not_picked":["Koishi:BramblyRoseGarden","Koishi:Bloodlust"],"picked":"Koishi:ParalyzingFear","floor":2},{"not_picked":["Koishi:FreudianInstinct","Koishi:GhostParty"],"picked":"Koishi:EmbersOfLove","floor":3},{"not_picked":["Koishi:JumpScare","Koishi:MindStellarRelief"],"picked":"Koishi:PhantomBarrier","floor":6},{"not_picked":["Koishi:FleetingPhantom","Koishi:PhantomStrike"],"picked":"Koishi:StrangeCloudFist","floor":8},{"not_picked":["Koishi:RoseHell","Koishi:DNAsFlaw"],"picked":"Koishi:PhantomBarrier","floor":13},{"not_picked":["Koishi:UnconsciousUprising","Koishi:FreudianInstinct"],"picked":"Koishi:BloodcurdlingScream+1","floor":14},{"not_picked":["Koishi:UnansweredLove+1","Koishi:UnconsciousUprising"],"picked":"Koishi:PhantomBarrier","floor":18},{"not_picked":["Koishi:UnseenTerror+1","Koishi:BloodcurdlingScream+1"],"picked":"Koishi:PhantomStrike+1","floor":20},{"not_picked":["Koishi:UnansweredLove","Koishi:RacingHeart+1"],"picked":"Koishi:SpiritedAway+1","floor":22},{"not_picked":["Koishi:StrangeCloudFist+1","Koishi:Bloodlust"],"picked":"Koishi:RollingInRichesHeart","floor":24},{"not_picked":["Koishi:FreudianInstinct+1","Koishi:UnconsciousUprising","Koishi:ParalyzingFear+1"],"picked":"SKIP","floor":27},{"not_picked":["Koishi:ParalyzingFear+1","Koishi:CatchAndRose","Koishi:Prune+1"],"picked":"SKIP","floor":29},{"not_picked":["Koishi:CatchAndRose","Koishi:EmbryosDream"],"picked":"Koishi:ApparitionsStalkTheNight","floor":30},{"not_picked":["Koishi:MassHysteria","Koishi:Jaunt+1"],"picked":"Koishi:PredatoryInstincts","floor":31},{"not_picked":["Koishi:MindStellarRelief","Koishi:FormlessExistence"],"picked":"Koishi:GrowingPain+1","floor":33},{"not_picked":["Koishi:ReleaseOfTheId","Koishi:TraumaticStroke+1","Koishi:SubterraneanRose"],"picked":"SKIP","floor":35},{"not_picked":["Koishi:UnansweredLove","Koishi:CatchAndRose+1"],"picked":"Koishi:HeartfeltFancy+1","floor":38},{"not_picked":["Koishi:GhostParty","Koishi:UnconsciousUprising","Koishi:UnconsciousUrges"],"picked":"SKIP","floor":39},{"not_picked":["Koishi:Jaunt+1","Koishi:UnconsciousUprising"],"picked":"Koishi:SpiritedAway+1","floor":40},{"not_picked":["Koishi:FidgetySnatcher","Koishi:EmbryosDream+1","Koishi:DNAsFlaw"],"picked":"SKIP","floor":42},{"not_picked":["Koishi:DreadfulBlow+1","Koishi:ParalyzingFear+1"],"picked":"Koishi:PhilosophyOfTheDespised","floor":44},{"not_picked":["Koishi:TremblingHands+1","Koishi:LastRemote+1"],"picked":"Koishi:Untouchable+1","floor":46},{"not_picked":["Koishi:MindNumbingTerror+1","Koishi:RorschachInDanmaku","Koishi:RacingHeart+1"],"picked":"SKIP","floor":47},{"not_picked":["Koishi:Jaunt+1","Koishi:SpiritedAway+1"],"picked":"Koishi:ApparitionsStalkTheNight","floor":48},{"not_picked":["Koishi:MassHysteria+1","Koishi:StingingMind+1"],"picked":"Koishi:PredatoryInstincts+1","floor":54}],"player_experience":210814,"relics_obtained":[{"floor":6,"key":"Pen Nib"},{"floor":9,"key":"aspiration:ChemicalBlood"},{"floor":13,"key":"PreservedInsect"},{"floor":24,"key":"Incense Burner"},{"floor":27,"key":"Ancient Tea Set"},{"floor":31,"key":"Mummified Hand"},{"floor":43,"key":"Dream Catcher"},{"floor":54,"key":"theSenshi:SailorFukuRelic"}],"event_choices":[{"damage_healed":0,"gold_gain":75,"player_choice":"Gather Gold","damage_taken":11,"max_hp_gain":0,"max_hp_loss":0,"event_name":"World of Goop","floor":4,"gold_loss":0},{"damage_healed":0,"gold_gain":0,"player_choice":"Ignored","damage_taken":0,"max_hp_gain":0,"max_hp_loss":0,"event_name":"Vampires","floor":21,"gold_loss":0},{"damage_healed":0,"gold_gain":0,"player_choice":"Bet on Owner","damage_taken":0,"max_hp_gain":0,"max_hp_loss":0,"event_name":"The Joust","floor":28,"gold_loss":50},{"damage_healed":0,"gold_gain":0,"player_choice":"Bought 2 Potions","damage_taken":0,"max_hp_gain":0,"max_hp_loss":0,"event_name":"The Woman in Blue","floor":36,"gold_loss":0}],"is_beta":false,"boss_relics":[{"not_picked":["aspiration:RunicSpoon","Velvet Choker"],"picked":"Philosopher\u0027s Stone"},{"not_picked":["Fusion Hammer","RedLine:ReiMu"],"picked":"Koishi:ColorfulDays"}],"items_purged_floors":[5,10,19,37,45],"is_endless":false,"potions_floor_spawned":[2,6,14,16,18,20,31,33,35,46],"killed_by":"The Heart","ascension_level":0}}