{"host":"c2vfa5qespm6wpw2","time":1614131797,"event":{"mods":["AchievementEnabler","BaseMod","Colored Map","Colored Powertips","Downfall","Googly Eyes","Hermit","Highlight Path","Infinite Spire","Marisa????????","Minty Spire (QoL Compilation)","Replay The Spire","Robot Space Explorer","StSLib","The Bug Knight","The Cursed","The Necromancer","The Servant 0.9.4"],"gold_per_floor":[99,111,125,125,232,232,257,257,277,311,325,400,500,510,524,627,627,427,438,451,469,24,24,47,47,47,247,276,287,287,287,300,300,300,300],"floor_reached":33,"language":"ENG","playtime":2415,"items_purged":[],"score":342,"play_id":"226526f8-3fa4-4fc7-a37e-551b27428f7a","local_time":"20210223175637","is_ascension_mode":false,"campfire_choices":[{"floor":1,"key":"RECALL"},{"data":"Slimebound:Grow","floor":6,"key":"SMITH"},{"data":"Slimebound:CorrosiveSpit","floor":8,"key":"SMITH"},{"data":"Slimebound:LeadByExample","floor":18,"key":"SMITH"},{"data":"Slimebound:RainOfGoop","floor":27,"key":"SMITH"}],"circlet_count":0,"master_deck":["Slimebound:Strike_Slimebound","Slimebound:Strike_Slimebound","Slimebound:Strike_Slimebound","Slimebound:Tackle","Slimebound:Defend_Slimebound+1","Slimebound:Defend_Slimebound","Slimebound:Defend_Slimebound","Slimebound:Defend_Slimebound","Slimebound:Split","Slimebound:CorrosiveSpit+1","Slimebound:Prepare","Slimebound:SamplingLick","infinitespire:Starlight+1","ReplayTheSpireMod:Splinters","Slimebound:Grow+1","Slimebound:WasteNot","Slimebound:SplitBruiser","Slimebound:AcidTongue","Slimebound:PressTheAttack","Slimebound:Repurpose","Slimebound:LeadByExample+1","Slimebound:LeechLife","Slimebound:Grow","Slimebound:RollThrough","Slimebound:HauntingLick","Slimebound:MegaLick","Slimebound:Gluttony","Slimebound:RainOfGoop+1","Slimebound:FlameTackle","Slimebound:PressTheAttack","expansioncontent:Chronoboost","The Bomb","Pride","Slimebound:ProtectTheBoss","Slimebound:GoopTackle+1","infinitespire:Starlight","Slimebound:SamplingLick"],"relics":["Slimebound:AbsorbEndCombat","infinitespire:Satchel","War Paint","downfall:GremlinWheel","Slimebound:TarBlob","downfall:HeartBlessingRed","downfall:HeartBlessingBlue","BargainBundle","Onion Ring","Smiling Mask","Replay:Baseball","Unceasing Top","Eternal Feather","Membership Card"],"acts_visited":["Exordium","TheCity"],"potions_floor_usage":[13,16,16,22,22,28,28,29,33,33],"damage_taken":[{"damage":3,"enemies":"Small Slimes","floor":2,"turns":4},{"damage":9,"enemies":"Jaw Worm","floor":3,"turns":5},{"damage":12,"enemies":"2 Louse","floor":9,"turns":3},{"damage":21,"enemies":"Lagavulin","floor":10,"turns":8},{"damage":15,"enemies":"Gremlin Gang","floor":11,"turns":4},{"damage":26,"enemies":"Gremlin Gang","floor":13,"turns":3},{"damage":0,"enemies":"downfall:LooterAlt","floor":14,"turns":3},{"damage":3,"enemies":"Red Slaver","floor":15,"turns":4},{"damage":39,"enemies":"DF_ARCHETYPE_STREAMLINE","floor":16,"turns":7},{"damage":21,"enemies":"downfall:LooterAlt2","floor":19,"turns":4},{"damage":7,"enemies":"Chosen","floor":20,"turns":5},{"damage":30,"enemies":"Centurion and Healer","floor":21,"turns":10},{"damage":0,"enemies":"downfall:FleeingMerchant","floor":22,"turns":4},{"damage":57,"enemies":"Book of Stabbing","floor":28,"turns":5},{"damage":25,"enemies":"Sentry and Sphere","floor":29,"turns":6},{"damage":17,"enemies":"Cultist and Chosen","floor":32,"turns":4},{"damage":78,"enemies":"IC_MUSHROOM_ARCHETYPE","floor":33,"turns":9}],"seed_played":"-4322039858840928183","potions_obtained":[{"floor":2,"key":"Death Potion"},{"floor":3,"key":"DistilledChaos"},{"floor":11,"key":"LifebloodPotion"},{"floor":13,"key":"BlessingOfTheForge"},{"floor":16,"key":"LifebloodPotion"},{"floor":20,"key":"Fire Potion"},{"floor":28,"key":"Block Potion"},{"floor":29,"key":"infinitespire:BlackPotion"}],"is_trial":false,"path_per_floor":["R_BF","M","M","?","?","R","T","R","M","E","M","?","?","M","M","B",null,"R","M","M","M","$","?","T","T","?","R","E","M","T","AVR","M","B"],"character_chosen":"SLIMEBOUND","items_purchased":["Slimebound:Gluttony","Slimebound:RainOfGoop","BargainBundle","Slimebound:FlameTackle","Slimebound:PressTheAttack","expansioncontent:Chronoboost","champ:CounterPotion","SpeedPotion","The Bomb"],"campfire_rested":0,"item_purchase_floors":[22,22,22,22,22,22,22,22,22],"current_hp_per_floor":[71,70,65,47,47,47,47,47,47,42,31,31,22,39,53,37,71,81,67,77,70,81,81,81,81,81,81,41,35,35,35,34,0,0,0],"gold":300,"neow_bonus":"TEN_PERCENT_HP_BONUS","is_daily":false,"chose_seed":false,"campfire_upgraded":4,"win_rate":0.0,"timestamp":1614131797,"path_taken":["R_BF","M","M","?","?","R","T","R","?","E","M","?","?","?","M","BOSS","R","M","M","M","$","?","T","?","?","R","E","M","?","AVR","M","BOSS"],"items_purchased_type":["Card","Card","Relic","Card","Card","Card","Potion","Potion","Card"],"build_version":"2020-12-22","purchased_purges":0,"victory":false,"max_hp_per_floor":[71,71,71,71,71,71,71,71,71,71,71,71,71,71,71,71,71,81,81,81,81,81,81,81,81,81,81,81,81,81,81,81,81,81,81],"card_choices":[{"not_picked":["Slimebound:SlimeTap","Slimebound:GoopTackle"],"picked":"Slimebound:Prepare","floor":2},{"not_picked":["Slimebound:ProtectTheBoss","Slimebound:GoopTackle"],"picked":"Slimebound:SamplingLick","floor":3},{"not_picked":["infinitespire:FutureSight","infinitespire:Gouge"],"picked":"infinitespire:Starlight","floor":4},{"not_picked":["Slimebound:ViciousTackle","Slimebound:GoopTackle"],"picked":"Slimebound:Grow","floor":5},{"not_picked":["Slimebound:LivingWall","Slimebound:SplitLeeching"],"picked":"Slimebound:WasteNot","floor":5},{"not_picked":["Slimebound:LeechEnergy","Slimebound:RollThrough"],"picked":"Slimebound:SplitBruiser","floor":9},{"not_picked":["Slimebound:GoopSpray","Slimebound:LivingWall"],"picked":"Slimebound:AcidTongue","floor":10},{"not_picked":["Slimebound:GoopTackle","Slimebound:FormOfPuddle"],"picked":"Slimebound:PressTheAttack","floor":11},{"not_picked":["Slimebound:FlameTackle","Slimebound:MassFeed"],"picked":"Slimebound:Repurpose","floor":14},{"not_picked":["Slimebound:SpikyOuterGoop","Slimebound:SamplingLick"],"picked":"Slimebound:LeadByExample","floor":15},{"not_picked":["Slimebound:Overexert","Slimebound:FirmFortitude"],"picked":"Slimebound:LeechLife","floor":16},{"not_picked":["Slimebound:Dissolve","Slimebound:HauntingLick"],"picked":"Slimebound:Grow","floor":19},{"not_picked":["Slimebound:Prepare+1","Slimebound:SplitMire"],"picked":"Slimebound:RollThrough","floor":20},{"not_picked":["Slimebound:Replication+1","Slimebound:SlimeSlap"],"picked":"Slimebound:HauntingLick","floor":21},{"not_picked":["Slimebound:FlameTackle","Slimebound:PressTheAttack"],"picked":"Slimebound:MegaLick","floor":22},{"not_picked":["Slimebound:Equalize","Slimebound:SlimeTap"],"picked":"Slimebound:ProtectTheBoss","floor":28},{"not_picked":["Slimebound:PressTheAttack","Slimebound:RollThrough"],"picked":"Slimebound:GoopTackle+1","floor":29},{"not_picked":["Slimebound:DisruptingSlam","Slimebound:LeechEnergy"],"picked":"Slimebound:SamplingLick","floor":32}],"player_experience":110732,"relics_obtained":[{"floor":5,"key":"infinitespire:Satchel"},{"floor":10,"key":"War Paint"},{"floor":13,"key":"downfall:GremlinWheel"},{"floor":24,"key":"Smiling Mask"},{"floor":25,"key":"Replay:Baseball"},{"floor":28,"key":"Unceasing Top"},{"floor":30,"key":"Eternal Feather"}],"event_choices":[{"damage_healed":0,"gold_gain":0,"player_choice":"Stole Relic","damage_taken":0,"relics_obtained":["Onion Ring"],"max_hp_gain":0,"max_hp_loss":0,"event_name":"Addict","floor":23,"gold_loss":0,"cards_obtained":["Pride"]},{"damage_healed":0,"gold_gain":0,"player_choice":"Ignored","damage_taken":0,"max_hp_gain":0,"max_hp_loss":0,"event_name":"Ghosts","floor":26,"gold_loss":0},{"damage_healed":0,"gold_gain":200,"player_choice":"Gold","damage_taken":0,"max_hp_gain":0,"max_hp_loss":0,"event_name":"Wheel of Change","floor":27,"gold_loss":0}],"is_beta":false,"boss_relics":[{"not_picked":["Coffee Dripper","ReplayTheSpireMod:DimensionalGlitch"],"picked":"Slimebound:TarBlob"}],"items_purged_floors":[],"is_endless":false,"potions_floor_spawned":[2,3,11,13,16,20,28,29],"killed_by":"IC_MUSHROOM_ARCHETYPE","ascension_level":0}}