{"host":"oigynbtg272c19pw","time":1614159486,"event":{"mods":["BaseMod","Colored Map","Minty Spire (QoL Compilation)","Relic Stats","Slay the Relics Exporter","StSLib"],"gold_per_floor":[110,130,55,55,55,55,87,104,104,104,179,192,29,55,55,132,132,152,52,52,70,88,88,98,98,123,141,141,141],"floor_reached":28,"playtime":963,"items_purged":["Regret","Strike_R"],"score":506,"play_id":"a2913a85-8a0a-4e4e-a969-0455e6ab4066","local_time":"20210224103806","is_ascension_mode":true,"campfire_choices":[{"data":"Rampage","floor":6.0,"key":"SMITH"},{"data":"Shockwave","floor":15,"key":"SMITH"},{"data":"Armaments","floor":23,"key":"SMITH"},{"floor":25,"key":"REST"}],"circlet_count":0,"master_deck":["AscendersBane","Strike_R","Strike_R","Defend_R","Defend_R","Defend_R","Bash","Intimidate","Rampage+1","Sword Boomerang","Shockwave+1","Thunderclap","Inflame+1","Dark Embrace+1","Feed","Blood for Blood","Armaments+1","Second Wind","Evolve+1","Anger+1","Flex+1","Decay","Shockwave"],"relics":["Burning Blood","NeowsBlessing","Frozen Egg 2","Peace Pipe","Paper Frog","HornCleat","Nunchaku","Cursed Key","Bronze Scales"],"acts_visited":["Exordium","TheCity"],"potions_floor_usage":[14,16,16,16,18,28],"damage_taken":[{"damage":0.0,"enemies":"2 Louse","floor":1.0,"turns":1.0},{"damage":0.0,"enemies":"Small Slimes","floor":2.0,"turns":1.0},{"damage":0.0,"enemies":"Lagavulin","floor":7.0,"turns":1.0},{"damage":0,"enemies":"Jaw Worm","floor":8,"turns":3},{"damage":10,"enemies":"Looter","floor":12,"turns":3},{"damage":34,"enemies":"3 Sentries","floor":14,"turns":8},{"damage":15,"enemies":"The Guardian","floor":16,"turns":10},{"damage":14,"enemies":"2 Thieves","floor":18,"turns":5},{"damage":26,"enemies":"Shell Parasite","floor":21,"turns":7},{"damage":19,"enemies":"Centurion and Healer","floor":22,"turns":6},{"damage":20,"enemies":"Shelled Parasite and Fungi","floor":24,"turns":4},{"damage":27,"enemies":"Snake Plant","floor":27,"turns":5},{"damage":13,"enemies":"Colosseum Slavers","floor":28,"turns":3}],"seed_played":"-1595401758531053945","potions_obtained":[{"floor":1.0,"key":"EntropicBrew"},{"floor":12,"key":"FearPotion"},{"floor":16,"key":"ColorlessPotion"},{"floor":18,"key":"PowerPotion"}],"is_trial":false,"path_per_floor":["M","M","?","$","?","R","E","M","T","?","?","M","$","E","R","B",null,"M","$","?","M","M","R","M","R","T","M","?"],"character_chosen":"IRONCLAD","items_purchased":["Inflame+1"],"campfire_rested":1,"item_purchase_floors":[13],"current_hp_per_floor":[74,75,75,75,75,75,75,75,75,64,53,49,49,21,21,12,59,54,54,54,37,27,27,16,42,42,21,8,8],"gold":141,"neow_bonus":"THREE_ENEMY_KILL","is_daily":false,"chose_seed":false,"campfire_upgraded":3,"win_rate":0.0,"timestamp":1614159486,"path_taken":["M","M","?","$","?","R","E","M","T","?","?","M","$","E","R","BOSS","M","$","?","M","M","R","M","R","T","M","?"],"items_purchased_type":["Card"],"build_version":"2020-12-13","purchased_purges":2,"victory":false,"max_hp_per_floor":[75,75,75,75,75,75,75,75,75,75,75,75,75,75,75,75,75,78,78,78,81,84,84,87,87,87,87,87,87],"relic_stats":{"Peace Pipe":0,"Nunchaku":[5],"counters":[13,57],"Bronze Scales":[30],"Cursed Key":1,"obtain_stats":[{"Peace Pipe":7,"Nunchaku":14,"HornCleat":10,"NeowsBlessing":0,"Bronze Scales":26,"Frozen Egg 2":5,"Cursed Key":17,"Burning Blood":0,"Paper Frog":9},{"Peace Pipe":3,"Nunchaku":6,"HornCleat":4,"NeowsBlessing":0,"Bronze Scales":11,"Frozen Egg 2":2,"Cursed Key":7,"Burning Blood":0,"Paper Frog":4},{"Peace Pipe":3,"Nunchaku":17,"HornCleat":6,"NeowsBlessing":0,"Bronze Scales":49,"Frozen Egg 2":2,"Cursed Key":27,"Burning Blood":0,"Paper Frog":6}],"Burning Blood":55},"card_choices":[{"not_picked":["Blood for Blood","Anger"],"picked":"Intimidate","floor":1.0},{"not_picked":["Clash","Headbutt"],"picked":"Rampage","floor":2.0},{"not_picked":["Wild Strike","Seeing Red","Sword Boomerang"],"picked":"SKIP","floor":7.0},{"not_picked":["Wild Strike","Seeing Red"],"picked":"Sword Boomerang","floor":7.0},{"not_picked":["Iron Wave","Combust+1"],"picked":"Shockwave","floor":8},{"not_picked":["Brutality+1","Heavy Blade"],"picked":"Thunderclap","floor":12},{"not_picked":["Pommel Strike","Shrug It Off"],"picked":"Dark Embrace+1","floor":14},{"not_picked":["Berserk+1","Demon Form+1"],"picked":"Feed","floor":16},{"not_picked":["Sentinel","Body Slam"],"picked":"Blood for Blood","floor":18},{"not_picked":["Infernal Blade","Havoc"],"picked":"Evolve+1","floor":21},{"not_picked":["Iron Wave","Perfected Strike"],"picked":"Anger+1","floor":22},{"not_picked":["Perfected Strike","Rupture+1"],"picked":"Flex+1","floor":24},{"not_picked":["Rage","Entrench"],"picked":"Shockwave","floor":27}],"player_experience":1652490,"relics_obtained":[{"floor":7.0,"key":"Peace Pipe"},{"floor":9,"key":"Paper Frog"},{"floor":14,"key":"Nunchaku"},{"floor":26,"key":"Bronze Scales"}],"event_choices":[{"cards_removed":["Strike_R"],"damage_healed":0.0,"max_hp_gain":0.0,"max_hp_loss":0.0,"gold_gain":0.0,"event_name":"The Cleric","player_choice":"Card Removal","floor":3.0,"gold_loss":75.0,"damage_taken":0.0},{"damage_healed":0.0,"max_hp_gain":0.0,"max_hp_loss":0.0,"gold_gain":0.0,"event_name":"Big Fish","player_choice":"Box","floor":5.0,"gold_loss":0.0,"damage_taken":0.0,"relics_obtained":["Frozen Egg 2"],"cards_obtained":["Regret"]},{"damage_healed":0,"gold_gain":0,"player_choice":"Success","damage_taken":11,"relics_obtained":["HornCleat"],"max_hp_gain":0,"max_hp_loss":0,"event_name":"Scrap Ooze","floor":10,"gold_loss":0},{"damage_healed":0,"gold_gain":75,"player_choice":"Gather Gold","damage_taken":11,"max_hp_gain":0,"max_hp_loss":0,"event_name":"World of Goop","floor":11,"gold_loss":0},{"damage_healed":0,"gold_gain":0,"cards_transformed":["Strike_R","Defend_R"],"player_choice":"Became Test Subject","damage_taken":0,"max_hp_gain":0,"max_hp_loss":0,"event_name":"Drug Dealer","floor":20,"gold_loss":0,"cards_obtained":["Armaments","Second Wind"]},{"damage_healed":0,"gold_gain":0,"player_choice":"Fight","damage_taken":0,"max_hp_gain":0,"max_hp_loss":0,"event_name":"Colosseum","floor":28,"gold_loss":0}],"is_beta":false,"boss_relics":[{"not_picked":["Busted Crown","Coffee Dripper"],"picked":"Cursed Key"}],"items_purged_floors":[13,19],"is_endless":false,"potions_floor_spawned":[1,12,16,18],"killed_by":"Colosseum Slavers","ascension_level":20}}