{"host":"24v1ah7r3aqtqu7r","time":1614173821,"event":{"mods":["BaseMod","Minty Spire (QoL Compilation)","StSLib","[IsaacMod]ÒÔÈö¼âËþ"],"gold_per_floor":[129,78,78,153,153,198,228,228,253,253,268,283,313,353,353,468,468,483,498,498,528,528,528,558,78,78,116,131,162,199,230,230,358,358,394,394,423,494,204,204,248,257,307,338,382,412,412,434,434,441],"floor_reached":51,"language":"ZHS","playtime":3201,"items_purged":["Strike_R+1"],"score":1043,"play_id":"e7df34ab-742e-4411-85ec-0a1011c378e9","local_time":"20210224213701","daily_mods":["Heirloom","Colorless Cards","DeadlyEvents"],"is_ascension_mode":false,"campfire_choices":[{"floor":8,"key":"REST"},{"data":"Apotheosis","floor":10,"key":"SMITH"},{"data":"Panacea","floor":15,"key":"SMITH"},{"floor":23,"key":"REST"},{"data":"EpicFetus","floor":32,"key":"SMITH"},{"floor":40,"key":"DIG"},{"floor":47,"key":"DIG"},{"floor":49,"key":"DIG"}],"circlet_count":0,"master_deck":["Strike_R+1","Strike_R+1","Strike_R+1","Strike_R+1","Defend_R+1","Defend_R+1","Defend_R+1","Defend_R+1","Bash","BettingIsNotGood","Panacea+1","Headbutt","Flex","Apotheosis+1","Thunderclap","Cleave","BettingIsNotGood","Panacea","Sword Boomerang","Flash of Steel","Secret Weapon","CurseOfTheBell","Warcry+1","Heavy Blade","Sword Boomerang","Pommel Strike","Flex","Impatience","EpicFetus+1","Heavy Blade","Headbutt","Enlightenment","Heavy Blade"],"relics":["Burning Blood","HushsDoor","DoctorsRemote","Prayer Wheel","Bottled Lightning","Matryoshka","CaptainsWheel","The Courier","Ancient Tea Set","DeadEye","Calling Bell","Pen Nib","White Beast Statue","Bottled Lightning","Strawberry","Mummified Hand","Smiling Mask","Toolbox","Akabeko","CeramicFish","Blood Vial","Omamori","SalivaCoin","Ice Cream","Coffee Dripper","Leech","Shovel","Happy Flower","Mercury Hourglass","Bag of Marbles","BelialBook","D4","Charon\u0027s Ashes","BookOfRevelations"],"acts_visited":["Exordium","TheCity","TheBeyond"],"potions_floor_usage":[12,13,19,21,29,31,35,50,50],"damage_taken":[{"damage":10,"enemies":"Cultist","floor":1,"turns":4},{"damage":20,"enemies":"Lagavulin","floor":6,"turns":5},{"damage":28,"enemies":"Gremlin Nob","floor":7,"turns":5},{"damage":0,"enemies":"Jaw Worm","floor":11,"turns":3},{"damage":13,"enemies":"2 Louse","floor":12,"turns":2},{"damage":6,"enemies":"Lagavulin","floor":13,"turns":5},{"damage":17,"enemies":"Blue Slaver","floor":14,"turns":4},{"damage":25,"enemies":"The Guardian","floor":16,"turns":5},{"damage":10,"enemies":"Spheric Guardian","floor":18,"turns":3},{"damage":9,"enemies":"2 Thieves","floor":19,"turns":2},{"damage":30,"enemies":"Book of Stabbing","floor":21,"turns":3},{"damage":0,"enemies":"Slavers","floor":24,"turns":1},{"damage":14,"enemies":"Snecko","floor":27,"turns":3},{"damage":0,"enemies":"Centurion and Healer","floor":28,"turns":1},{"damage":6,"enemies":"Snake Plant","floor":29,"turns":2},{"damage":4,"enemies":"Book of Stabbing","floor":30,"turns":2},{"damage":2,"enemies":"Cultist and Chosen","floor":31,"turns":2},{"damage":34,"enemies":"Automaton","floor":33,"turns":5},{"damage":11,"enemies":"3 Shapes","floor":35,"turns":2},{"damage":0,"enemies":"3 Darklings","floor":37,"turns":2},{"damage":5,"enemies":"Giant Head","floor":38,"turns":5},{"damage":18,"enemies":"Reptomancer","floor":41,"turns":2},{"damage":5,"enemies":"Maw","floor":44,"turns":3},{"damage":19,"enemies":"Giant Head","floor":45,"turns":4},{"damage":0,"enemies":"Reptomancer","floor":46,"turns":1},{"damage":3,"enemies":"Jaw Worm Horde","floor":48,"turns":2},{"damage":0,"enemies":"Time Eater","floor":50,"turns":2}],"seed_played":"1986488565424594500","potions_obtained":[{"floor":11,"key":"BloodPotion"},{"floor":12,"key":"Block Potion"},{"floor":14,"key":"EssenceOfSteel"},{"floor":18,"key":"DistilledChaos"},{"floor":19,"key":"AttackPotion"},{"floor":21,"key":"BlessingOfTheForge"},{"floor":24,"key":"ColorlessPotion"},{"floor":27,"key":"Regen Potion"},{"floor":28,"key":"Energy Potion"},{"floor":29,"key":"Strength Potion"},{"floor":31,"key":"Fruit Juice"},{"floor":33,"key":"DistilledChaos"},{"floor":35,"key":"BloodPotion"}],"is_trial":false,"path_per_floor":["M","$","?","T","?","E","E","R","T","R","M","M","E","M","R","B",null,"M","M","?","E","?","R","E","$","T","M","M","M","E","M","R","B",null,"M","?","M","E","$","R","E","?","T","M","E","E","R","M","R","B",null],"character_chosen":"IRONCLAD","items_purchased":["Flex","Toolbox","Akabeko","CeramicFish","Blood Vial","Shovel"],"campfire_rested":2,"item_purchase_floors":[2,25,25,25,25,39],"current_hp_per_floor":[76,76,61,61,45,31,9,33,33,33,44,53,63,52,52,33,80,76,77,69,45,45,71,77,77,77,71,79,81,85,92,92,64,92,87,87,92,92,92,92,80,80,80,85,77,85,85,92,92,92],"gold":441,"neow_bonus":"","is_daily":true,"chose_seed":false,"campfire_upgraded":3,"win_rate":0.0,"timestamp":1614173821,"path_taken":["M","?","?","?","?","E","?","R","T","R","?","M","E","M","R","BOSS","M","M","?","?","?","R","E","$","T","M","M","M","?","M","R","BOSS","M","?","?","?","$","R","E","?","T","M","?","E","R","M","R","BOSS"],"items_purchased_type":["Card","Relic","Relic","Relic","Relic","Relic"],"build_version":"2020-12-22","purchased_purges":1,"victory":true,"max_hp_per_floor":[80,80,80,80,80,80,80,80,80,80,80,80,80,80,80,80,80,80,80,87,87,87,87,87,87,87,87,87,87,87,92,92,92,92,92,92,92,92,92,92,92,92,92,92,92,92,92,92,92,92],"card_choices":[{"not_picked":[],"picked":"BettingIsNotGood","floor":0},{"not_picked":["BettingIsNotGood","Anger"],"picked":"Panacea","floor":1},{"not_picked":["Twin Strike","Metallicize"],"picked":"Headbutt","floor":1},{"not_picked":["Disarm","Flex"],"picked":"Apotheosis","floor":6},{"not_picked":["Headbutt","Ghostly Armor"],"picked":"Clothesline","floor":7},{"not_picked":["Clothesline","Warcry"],"picked":"Thunderclap","floor":11},{"not_picked":["True Grit","Rampage"],"picked":"Cleave","floor":11},{"not_picked":["Metallicize","Combust"],"picked":"BettingIsNotGood","floor":12},{"not_picked":["Clash","Deep Breath"],"picked":"Panacea","floor":12},{"not_picked":["Rampage","Anger","Combust"],"picked":"SKIP","floor":13},{"not_picked":["Headbutt","Clothesline"],"picked":"Sword Boomerang","floor":14},{"not_picked":["Bomb","Discovery"],"picked":"Flash of Steel","floor":14},{"not_picked":["SuicideKing","Metamorphosis"],"picked":"Secret Weapon","floor":16},{"not_picked":["Pommel Strike","Sever Soul"],"picked":"Warcry+1","floor":18},{"not_picked":["Burning Pact","Iron Wave"],"picked":"Heavy Blade","floor":18},{"not_picked":["Infernal Blade","Perfected Strike"],"picked":"Sword Boomerang","floor":19},{"not_picked":["Perfected Strike","Ghostly Armor","Disarm"],"picked":"SKIP","floor":19},{"not_picked":["PanicButton","Blood for Blood"],"picked":"Pommel Strike","floor":21},{"not_picked":["Pommel Strike","Cleave"],"picked":"Flex","floor":24},{"not_picked":["Metallicize","True Grit"],"picked":"Impatience","floor":27},{"not_picked":["Reckless Charge","Perfected Strike","Wild Strike"],"picked":"SKIP","floor":27},{"not_picked":["Cleave","Battery","Perfected Strike+1"],"picked":"SKIP","floor":28},{"not_picked":["Armaments","Wild Strike","Body Slam"],"picked":"SKIP","floor":28},{"not_picked":["Headbutt","Thunderclap"],"picked":"EpicFetus","floor":29},{"not_picked":["Clothesline","Shrug It Off","Battle Trance"],"picked":"SKIP","floor":29},{"not_picked":["Sentinel","Impatience","Power Through"],"picked":"SKIP","floor":30},{"not_picked":["Clothesline+1","Flex"],"picked":"Heavy Blade","floor":31},{"not_picked":["Twin Strike","Power Through","Havoc"],"picked":"SKIP","floor":31},{"not_picked":["Disarm+1","Pommel Strike","Perfected Strike"],"picked":"SKIP","floor":35},{"not_picked":["Pommel Strike+1","Combust+1","Disarm"],"picked":"SKIP","floor":35},{"not_picked":["Clash+1","Sword Boomerang+1","Headbutt"],"picked":"SKIP","floor":37},{"not_picked":["Shrug It Off","Cleave","Havoc"],"picked":"SKIP","floor":37},{"not_picked":["Wild Strike+1","Havoc"],"picked":"Headbutt","floor":38},{"not_picked":["Dropkick","DoctorFetus","Fire Breathing"],"picked":"SKIP","floor":41},{"not_picked":["Purity","Dark Shackles"],"picked":"Enlightenment","floor":42},{"not_picked":["Rupture+1","Sever Soul"],"picked":"Heavy Blade","floor":44},{"not_picked":["Blood for Blood","Iron Wave+1","Cleave+1"],"picked":"SKIP","floor":44},{"not_picked":["Bloodletting","True Grit","Armaments"],"picked":"SKIP","floor":45},{"not_picked":["Perfected Strike+1","Body Slam+1","Secret Weapon"],"picked":"SKIP","floor":46},{"not_picked":["Wild Strike","Body Slam","Perfected Strike"],"picked":"SKIP","floor":48},{"not_picked":["HandOfGreed","Hemokinesis","Body Slam"],"picked":"SKIP","floor":48}],"player_experience":1602285,"relics_obtained":[{"floor":4,"key":"Bottled Lightning"},{"floor":6,"key":"Matryoshka"},{"floor":7,"key":"CaptainsWheel"},{"floor":9,"key":"The Courier"},{"floor":9,"key":"Ancient Tea Set"},{"floor":13,"key":"DeadEye"},{"floor":17,"key":"Pen Nib"},{"floor":17,"key":"White Beast Statue"},{"floor":17,"key":"Diplopia"},{"floor":21,"key":"Mummified Hand"},{"floor":24,"key":"Smiling Mask"},{"floor":26,"key":"Omamori"},{"floor":26,"key":"SalivaCoin"},{"floor":30,"key":"Ice Cream"},{"floor":38,"key":"Leech"},{"floor":40,"key":"Happy Flower"},{"floor":41,"key":"Mercury Hourglass"},{"floor":43,"key":"Bag of Marbles"},{"floor":45,"key":"BelialBook"},{"floor":46,"key":"D4"},{"floor":47,"key":"Charon\u0027s Ashes"},{"floor":49,"key":"BookOfRevelations"}],"event_choices":[{"damage_healed":0,"gold_gain":0,"player_choice":"Entered Light","damage_taken":16,"max_hp_gain":0,"max_hp_loss":0,"event_name":"Shining Light","floor":5,"gold_loss":0,"cards_upgraded":["Defend_R","Defend_R"]},{"damage_healed":0,"gold_gain":0,"player_choice":"Simplicity","damage_taken":0,"max_hp_gain":0,"max_hp_loss":0,"event_name":"Back to Basics","floor":22,"gold_loss":0,"cards_upgraded":["Strike_R","Strike_R","Strike_R","Strike_R","Strike_R","Defend_R","Defend_R"]},{"cards_removed":["Clothesline"],"damage_healed":0,"gold_gain":0,"player_choice":"Removed Attack","damage_taken":0,"max_hp_gain":0,"max_hp_loss":0,"event_name":"Falling","floor":36,"gold_loss":0},{"damage_healed":0,"gold_gain":0,"player_choice":"Memory 1","damage_taken":0,"max_hp_gain":0,"max_hp_loss":0,"event_name":"SensoryStone","floor":42,"gold_loss":0}],"is_beta":false,"boss_relics":[{"not_picked":["Black Blood","Busted Crown"],"picked":"Calling Bell"},{"not_picked":[]},{"not_picked":["Sozu","Runic Dome"],"picked":"Coffee Dripper"},{"not_picked":[]}],"items_purged_floors":[39],"is_endless":false,"potions_floor_spawned":[11,12,14,18,19,21,24,27,28,29,30,31,33,35,37,38,41,44,45,46,48],"ascension_level":0}}