{"host":"qp7xs8nuzfsyommi","time":1614125987,"event":{"mods":["2.2 Compatiblity","BaseMod","Colored Powertips","DeckTracker","Highlight Path","Minty Spire (QoL Compilation)","Permanent Neow","Quick Restart","StSLib","Weighted Paths"],"gold_per_floor":[17,28,47,122,134,134,162,162,162,172,172,2,2,22,22,95,95,113,38,29,40,40,40,40],"floor_reached":23,"language":"ENG","playtime":1217,"items_purged":["Strike_B"],"score":386,"play_id":"7bbf9422-1506-4485-b261-e1a88d208d91","local_time":"20210223191947","is_ascension_mode":true,"campfire_choices":[{"data":"Zap","floor":6.0,"key":"SMITH"},{"floor":11.0,"key":"REST"},{"data":"Dualcast","floor":13.0,"key":"SMITH"},{"floor":15.0,"key":"REST"}],"circlet_count":0,"master_deck":["AscendersBane","Strike_B","Strike_B","Defend_B+1","Defend_B","Defend_B","Defend_B","Zap+1","Dualcast+1","All For One","Coolheaded","Streamline","BootSequence+1","Rebound","Redo","Finesse","Fission","Echo Form","Turbo+1","Force Field"],"relics":["Cracked Core","Bag of Marbles","Shuriken","Snecko Eye"],"acts_visited":["Exordium","TheCity"],"potions_floor_usage":[],"damage_taken":[{"damage":0.0,"enemies":"2 Louse","floor":1.0,"turns":2.0},{"damage":2.0,"enemies":"Jaw Worm","floor":2.0,"turns":3.0},{"damage":1.0,"enemies":"Small Slimes","floor":3.0,"turns":3.0},{"damage":1.0,"enemies":"2 Fungi Beasts","floor":5.0,"turns":3.0},{"damage":18.0,"enemies":"Lagavulin","floor":7.0,"turns":5.0},{"damage":0.0,"enemies":"Exordium Wildlife","floor":10.0,"turns":3.0},{"damage":9.0,"enemies":"Lots of Slimes","floor":14.0,"turns":3.0},{"damage":35.0,"enemies":"The Guardian","floor":16.0,"turns":14.0},{"damage":11.0,"enemies":"3 Byrds","floor":18.0,"turns":6.0},{"damage":22.0,"enemies":"2 Thieves","floor":20.0,"turns":4.0},{"damage":16.0,"enemies":"Centurion and Healer","floor":21.0,"turns":13.0},{"damage":27,"enemies":"Sentry and Sphere","floor":23,"turns":5}],"seed_played":"5548483876976466414","potions_obtained":[{"floor":5.0,"key":"FearPotion"},{"floor":14.0,"key":"Dexterity Potion"},{"floor":20.0,"key":"Swift Potion"}],"is_trial":false,"path_per_floor":["M","M","M","?","M","R","E","?","T","M","R","$","R","M","R","B",null,"M","?","M","M","?","M"],"character_chosen":"DEFECT","items_purchased":["Finesse"],"campfire_rested":2,"item_purchase_floors":[12],"current_hp_per_floor":[64,62,61,50,49,49,31,10,10,10,31,31,31,22,43,8,55,44,44,22,6,20,0,0],"gold":40,"neow_bonus":"THREE_RARE_CARDS","is_daily":false,"chose_seed":false,"campfire_upgraded":2,"win_rate":0.0,"timestamp":1614125987,"path_taken":["M","M","M","?","M","R","E","?","T","M","R","$","R","M","R","BOSS","M","?","M","M","?","M"],"items_purchased_type":["Card"],"build_version":"2020-12-22","purchased_purges":1,"victory":false,"max_hp_per_floor":[71,71,71,71,71,71,71,71,71,71,71,71,71,71,71,71,71,71,71,71,71,71,71,71],"card_choices":[{"not_picked":["Biased Cognition","Reboot"],"picked":"All For One","floor":0.0},{"not_picked":["Ball Lightning","BootSequence"],"picked":"Coolheaded","floor":1.0},{"not_picked":["Conserve Battery","Sweeping Beam"],"picked":"Streamline","floor":2.0},{"not_picked":["Thunder Strike","Sweeping Beam"],"picked":"BootSequence","floor":3.0},{"not_picked":["Defragment","Lockon"],"picked":"Rebound","floor":5.0},{"not_picked":["Lockon","Barrage","Rebound"],"picked":"SKIP","floor":7.0},{"not_picked":["Coolheaded","Conserve Battery"],"picked":"Redo","floor":10.0},{"not_picked":["Leap","Coolheaded"],"picked":"Fission","floor":14.0},{"not_picked":["Multi-Cast","Thunder Strike"],"picked":"Echo Form","floor":16.0},{"not_picked":["Rebound+1","Beam Cell"],"picked":"Turbo+1","floor":18.0},{"not_picked":["Reinforced Body","Steam Power"],"picked":"Force Field","floor":20.0},{"not_picked":["Go for the Eyes","Barrage","Redo+1"],"picked":"SKIP","floor":21.0}],"player_experience":1491251,"relics_obtained":[{"floor":7.0,"key":"Bag of Marbles"},{"floor":9.0,"key":"Shuriken"}],"event_choices":[{"damage_healed":0.0,"max_hp_gain":0.0,"max_hp_loss":0.0,"gold_gain":75.0,"event_name":"World of Goop","player_choice":"Gather Gold","floor":4.0,"gold_loss":0.0,"damage_taken":11.0},{"damage_healed":0.0,"max_hp_gain":0.0,"max_hp_loss":0.0,"gold_gain":0.0,"event_name":"Shining Light","player_choice":"Entered Light","floor":8.0,"gold_loss":0.0,"damage_taken":21.0,"cards_upgraded":["Defend_B","BootSequence"]},{"cards_removed":["Strike_B"],"damage_healed":0.0,"max_hp_gain":0.0,"max_hp_loss":0.0,"gold_gain":0.0,"event_name":"Beggar","player_choice":"Gave Gold","floor":19.0,"gold_loss":75.0,"damage_taken":0.0},{"damage_healed":14.0,"max_hp_gain":0.0,"max_hp_loss":0.0,"gold_gain":0.0,"event_name":"The Library","player_choice":"Heal","floor":22.0,"gold_loss":0.0,"damage_taken":0.0}],"is_beta":false,"boss_relics":[{"not_picked":["Empty Cage","SlaversCollar"],"picked":"Snecko Eye"}],"items_purged_floors":[12],"is_endless":false,"potions_floor_spawned":[5,14,20],"killed_by":"Sentry and Sphere","ascension_level":20}}