{"host":"flm17o2q7bfjyna6","time":1614205134,"event":{"mods":["2.2 Compatiblity","Act Like it!","BaseMod","Better Altar","Better Match","Better Note","Better Sensory Stone","Better Skull","Better Third Choice","Better Vampires","Colored Map","Colored Powertips","DeckTracker","Downfall","Fox Events","Minty Spire (QoL Compilation)","Quick Restart","Reworked Bosses","Spicy Shops","StSLib","TheSwordswoman","Wandering Minibosses"],"gold_per_floor":[99,113,123,123,137,137,137,137,137,172,191,191,219,248,261,363,440,440,407,417,20,20,20,20],"floor_reached":22,"language":"ENG","playtime":928,"items_purged":[],"score":233,"play_id":"90ffdd4c-2e21-49f5-a2ac-499156544f32","local_time":"20210224171854","is_ascension_mode":true,"campfire_choices":[{"data":"champ:Taunt","floor":1,"key":"SMITH"},{"data":"champ:Lariat","floor":6,"key":"SMITH"},{"data":"champ:PerfectedStrike","floor":9,"key":"SMITH"},{"data":"champ:PerfectedStrike","floor":18,"key":"SMITH"}],"circlet_count":0,"master_deck":["champ:Strike","champ:Strike","champ:Strike","champ:Strike","champ:Defend","champ:Defend","champ:Defend","champ:Execute+1","champ:Taunt+1","champ:PerfectedStrike+1","champ:EnGarde","champ:Lariat+1","Regret","champ:FanOfKnives","champ:PerfectedStrike+1","Flame Barrier","champ:FaceSlap","champ:StrikeOfGenius","champ:Shatter","champ:ShieldSigil","champ:AdrenalArmor","Regret"],"relics":["Singing Bowl","Sundial","Tiny Chest","champ:DefensiveTrainingManual","Bottled Lightning","foxEvents:LuckyCharm","bronze:MakeshiftBattery","Pantograph","Guardian:PocketSentry","champ:Barbells"],"acts_visited":["Exordium","TheCity"],"potions_floor_usage":[14,16,16,19],"damage_taken":[{"damage":23,"enemies":"Jaw Worm","floor":2,"turns":5},{"damage":10,"enemies":"Cultist","floor":3,"turns":3},{"damage":17,"enemies":"2 Louse","floor":5,"turns":3},{"damage":23,"enemies":"Gremlin Nob","floor":10,"turns":3},{"damage":27,"enemies":"Large Slime","floor":11,"turns":4},{"damage":22,"enemies":"Lagavulin","floor":13,"turns":5},{"damage":21,"enemies":"Colosseum Slavers","floor":14,"turns":4},{"damage":37,"enemies":"Exordium Thugs","floor":15,"turns":4},{"damage":32,"enemies":"SI_SHIV_ARCHETYPE","floor":16,"turns":7},{"damage":53,"enemies":"Shell Parasite","floor":19,"turns":6},{"damage":30,"enemies":"downfall:LooterAlt2","floor":20,"turns":3},{"damage":32,"enemies":"downfall:FleeingMerchant","floor":21,"turns":4},{"damage":52,"enemies":"downfall:FleeingMerchant","floor":22,"turns":4}],"seed_played":"3433693666873495731","potions_obtained":[{"floor":2,"key":"Energy Potion"},{"floor":3,"key":"EssenceOfSteel"},{"floor":11,"key":"Block Potion"},{"floor":16,"key":"LiquidMemories"},{"floor":20,"key":"Ancient Potion"}],"is_trial":false,"path_per_floor":["R","M","M","?","M","R","T","?","R","E","M","?","E","?","M","B",null,"R","M","M","$","?"],"character_chosen":"THE_CHAMP","items_purchased":["Pantograph","Guardian:PocketSentry","champ:Barbells"],"campfire_rested":0,"item_purchase_floors":[21,21,21],"current_hp_per_floor":[90,77,77,77,75,75,75,75,75,62,60,51,34,33,28,21,92,92,59,49,37,0,0,0],"gold":20,"neow_bonus":"UPGRADE_CARD","is_daily":false,"chose_seed":false,"campfire_upgraded":4,"win_rate":0.0,"timestamp":1614205134,"path_taken":["R","M","M","?","?","R","T","?","R","E","M","?","E","?","M","BOSS","R","M","M","$","?"],"items_purchased_type":["Relic","Relic","Relic"],"build_version":"2020-12-22","purchased_purges":0,"victory":false,"max_hp_per_floor":[90,90,90,90,90,90,90,90,90,90,90,90,90,90,92,92,92,92,92,92,92,92,92,92],"card_choices":[{"not_picked":["champ:Shatter","champ:GladiatorStyle"],"picked":"champ:PerfectedStrike","floor":2},{"not_picked":["champ:Circumvent","champ:TornadoPunch"],"picked":"champ:EnGarde","floor":3},{"not_picked":["champ:Backstep","champ:SkillfulDodge"],"picked":"champ:Lariat","floor":5},{"not_picked":["champ:HoldFirm","champ:TornadoPunch"],"picked":"champ:FanOfKnives","floor":10},{"not_picked":["champ:Shatter","champ:BerserkersShout"],"picked":"champ:PerfectedStrike","floor":11},{"not_picked":["champ:Circumvent","champ:FocusedDefense"],"picked":"champ:FaceSlap","floor":13},{"not_picked":["champ:Endure","champ:PreemptiveStrike","champ:DefensiveShout"],"picked":"Singing Bowl","floor":15},{"not_picked":["champ:DancingMaster","champ:Devastate"],"picked":"champ:StrikeOfGenius","floor":16},{"not_picked":["champ:Circumvent","champ:FanOfKnives"],"picked":"champ:Shatter","floor":19},{"not_picked":["champ:CrookedStrike","champ:BerserkerStyle+1"],"picked":"champ:ShieldSigil","floor":20},{"not_picked":["champ:Endure","champ:IronFortress"],"picked":"champ:AdrenalArmor","floor":21}],"player_experience":2006390,"relics_obtained":[{"floor":7,"key":"Singing Bowl"},{"floor":10,"key":"Tiny Chest"},{"floor":13,"key":"Bottled Lightning"},{"floor":14,"key":"foxEvents:LuckyCharm"}],"event_choices":[{"damage_healed":0,"gold_gain":0,"player_choice":"Box","damage_taken":0,"relics_obtained":["Sundial"],"max_hp_gain":0,"max_hp_loss":0,"event_name":"Big Fish","floor":8,"gold_loss":0,"cards_obtained":["Regret"]}],"is_beta":false,"boss_relics":[{"not_picked":["Tiny House","Fusion Hammer"],"picked":"bronze:MakeshiftBattery"}],"items_purged_floors":[],"is_endless":false,"potions_floor_spawned":[2,3,11,16,20],"killed_by":"downfall:FleeingMerchant","ascension_level":4}}