{"host":"imy0w7zcgpxryx7c","time":1614141756,"event":{"mods":["AchievementEnabler","BaseMod","Colored Powertips","Minty Spire (QoL Compilation)","Relic Sorter","StSLib"],"gold_per_floor":[415,227,227,247,265,265,190,190,190,219,219,219,250,267,267,363,363,379,379,68,88,103,103,133,133,157,157,191,191,203,230,230,332,382,399,419,419,419,430,464,479,489,489,489,489],"floor_reached":44,"language":"ENG","playtime":5741,"items_purged":["ClearTheMind"],"score":842,"play_id":"547466da-c8d8-4497-a801-ed30f80fa446","local_time":"20210223234236","daily_mods":["SealedDeck","Heirloom"],"is_ascension_mode":true,"campfire_choices":[{"data":"PathToVictory","floor":6,"key":"SMITH"},{"data":"PathToVictory","floor":8,"key":"SMITH"},{"data":"Perseverance","floor":12,"key":"SMITH"},{"data":"Weave","floor":15,"key":"SMITH"},{"data":"WaveOfTheHand","floor":23,"key":"SMITH"},{"data":"LessonLearned","floor":25,"key":"SMITH"},{"data":"Sanctity","floor":27,"key":"SMITH"},{"floor":32,"key":"REST"}],"circlet_count":0,"master_deck":["ThirdEye+1","Weave+1","Nirvana+1","Consecrate+1","Perseverance+1","WaveOfTheHand+1","ClearTheMind+1","LikeWater","LikeWater","JustLucky","PathToVictory+1","Wireheading+1","PathToVictory+1","Sanctity+1","LessonLearned+1","PathToVictory+1","CrushJoints+1"],"relics":["PureWater","Old Coin","Oddly Smooth Stone","HornCleat","Peace Pipe","Busted Crown","Nloth\u0027s Gift","Bottled Tornado","Pen Nib","Boot","Happy Flower","Akabeko","Tiny House","Thread and Needle","Gremlin Horn"],"acts_visited":["Exordium","TheCity","TheBeyond"],"potions_floor_usage":[10,16,22,24,28,31,31,35,36,40,40,42],"damage_taken":[{"damage":0,"enemies":"Jaw Worm","floor":1,"turns":9},{"damage":3,"enemies":"Small Slimes","floor":4,"turns":4},{"damage":0,"enemies":"Cultist","floor":5,"turns":4},{"damage":0,"enemies":"Gremlin Nob","floor":10,"turns":3},{"damage":0,"enemies":"Lagavulin","floor":13,"turns":5},{"damage":0,"enemies":"Large Slime","floor":14,"turns":3},{"damage":7,"enemies":"Hexaghost","floor":16,"turns":6},{"damage":1,"enemies":"3 Byrds","floor":18,"turns":5},{"damage":0,"enemies":"Shell Parasite","floor":21,"turns":4},{"damage":0,"enemies":"Chosen and Byrds","floor":22,"turns":4},{"damage":0,"enemies":"Book of Stabbing","floor":24,"turns":5},{"damage":26,"enemies":"Slavers","floor":28,"turns":4},{"damage":11,"enemies":"Snake Plant","floor":30,"turns":3},{"damage":19,"enemies":"Gremlin Leader","floor":31,"turns":5},{"damage":18,"enemies":"Champ","floor":33,"turns":6},{"damage":9,"enemies":"Orb Walker","floor":35,"turns":3},{"damage":18,"enemies":"3 Shapes","floor":36,"turns":3},{"damage":11,"enemies":"Jaw Worm Horde","floor":39,"turns":4},{"damage":22,"enemies":"Reptomancer","floor":40,"turns":6},{"damage":10,"enemies":"4 Shapes","floor":41,"turns":5},{"damage":0,"enemies":"Spire Growth","floor":42,"turns":3},{"damage":9,"enemies":"3 Darklings","floor":44,"turns":1}],"seed_played":"3140761883572991309","potions_obtained":[{"floor":5,"key":"Swift Potion"},{"floor":10,"key":"ColorlessPotion"},{"floor":13,"key":"Block Potion"},{"floor":14,"key":"Block Potion"},{"floor":18,"key":"PowerPotion"},{"floor":24,"key":"PowerPotion"},{"floor":28,"key":"EssenceOfSteel"},{"floor":30,"key":"Regen Potion"},{"floor":31,"key":"GamblersBrew"},{"floor":34,"key":"Regen Potion"},{"floor":35,"key":"SteroidPotion"},{"floor":40,"key":"SkillPotion"},{"floor":41,"key":"FearPotion"}],"is_trial":true,"path_per_floor":["M","$","?","M","M","R","$","R","T","E","?","R","E","M","R","B",null,"M","?","$","M","M","R","E","R","T","R","E","?","M","E","R","B",null,"M","M","?","?","M","E","M","M","T","M"],"character_chosen":"WATCHER","items_purchased":["Oddly Smooth Stone","PathToVictory","Bottled Tornado","Sanctity"],"campfire_rested":1,"item_purchase_floors":[2,2,20,20],"current_hp_per_floor":[65,65,51,48,48,48,48,48,48,48,72,72,72,72,72,65,70,69,69,69,69,69,69,69,69,69,69,43,43,32,27,48,30,67,58,45,45,45,34,12,2,2,2,0,0],"gold":489,"neow_bonus":"","is_daily":false,"chose_seed":false,"campfire_upgraded":7,"win_rate":0.0,"timestamp":1614141756,"path_taken":["M","$","?","M","M","R","$","R","T","E","?","R","E","M","R","BOSS","M","?","$","?","M","R","E","R","T","R","E","?","M","E","R","BOSS","M","M","?","?","?","E","M","?","T","?"],"items_purchased_type":["Relic","Card","Relic","Card"],"build_version":"2020-12-22","purchased_purges":1,"victory":false,"max_hp_per_floor":[72,72,72,72,72,72,72,72,72,72,72,72,72,72,72,72,72,72,72,72,72,72,72,72,72,72,72,72,72,72,72,72,72,77,77,77,77,77,77,77,77,77,77,77,77],"card_choices":[{"not_picked":["Evaluate","ClearTheMind"],"picked":"JustLucky","floor":1},{"not_picked":["ClearTheMind","FlyingSleeves"],"picked":"Wireheading","floor":4},{"not_picked":["Meditate","MentalFortress"],"picked":"PathToVictory","floor":5},{"not_picked":["Consecrate","ForeignInfluence","SandsOfTime"],"picked":"SKIP","floor":10},{"not_picked":["WaveOfTheHand","Prostrate","FlurryOfBlows"],"picked":"SKIP","floor":13},{"not_picked":["CutThroughFate","ForeignInfluence","BowlingBash"],"picked":"SKIP","floor":14},{"not_picked":["FlyingSleeves","Crescendo","Pray"],"picked":"SKIP","floor":14},{"not_picked":["LessonLearned","Brilliance"],"picked":"DeusExMachina","floor":16},{"not_picked":["Consecrate"],"picked":"SKIP","floor":18},{"not_picked":["Halt+1"],"picked":"SKIP","floor":18},{"not_picked":["BowlingBash"],"picked":"SKIP","floor":21},{"not_picked":["CutThroughFate"],"picked":"SKIP","floor":22},{"not_picked":[],"picked":"LessonLearned","floor":24},{"not_picked":["Consecrate+1"],"picked":"SKIP","floor":28},{"not_picked":["Fasting2"],"picked":"SKIP","floor":30},{"not_picked":["ReachHeaven"],"picked":"SKIP","floor":31},{"not_picked":["CarveReality+1"],"picked":"SKIP","floor":35},{"not_picked":["SashWhip+1"],"picked":"SKIP","floor":36},{"not_picked":[],"picked":"CrushJoints+1","floor":39},{"not_picked":["Conclude"],"picked":"SKIP","floor":40},{"not_picked":["EmptyFist"],"picked":"SKIP","floor":41},{"not_picked":["Wireheading"],"picked":"SKIP","floor":42}],"player_experience":486122,"relics_obtained":[{"floor":9,"key":"HornCleat"},{"floor":10,"key":"Prayer Wheel"},{"floor":13,"key":"Peace Pipe"},{"floor":24,"key":"Pen Nib"},{"floor":26,"key":"Boot"},{"floor":28,"key":"Happy Flower"},{"floor":31,"key":"Akabeko"},{"floor":40,"key":"Thread and Needle"},{"floor":43,"key":"Gremlin Horn"}],"event_choices":[{"damage_healed":0,"gold_gain":0,"player_choice":"Entered Light","damage_taken":14,"max_hp_gain":0,"max_hp_loss":0,"event_name":"Shining Light","floor":3,"gold_loss":0,"cards_upgraded":["ClearTheMind","Consecrate"]},{"damage_healed":24,"gold_gain":0,"player_choice":"Banana","damage_taken":0,"max_hp_gain":0,"max_hp_loss":0,"event_name":"Big Fish","floor":11,"gold_loss":0},{"damage_healed":0,"gold_gain":0,"player_choice":"Traded Relic","damage_taken":0,"relics_obtained":["Nloth\u0027s Gift"],"max_hp_gain":0,"max_hp_loss":0,"event_name":"N\u0027loth","floor":19,"relics_lost":["Prayer Wheel"],"gold_loss":0},{"damage_healed":0,"gold_gain":0,"player_choice":"0 cards matched","damage_taken":0,"max_hp_gain":0,"max_hp_loss":0,"event_name":"Match and Keep!","floor":29,"gold_loss":0,"cards_obtained":[]},{"cards_removed":["DeusExMachina"],"damage_healed":0,"gold_gain":0,"player_choice":"Removed Skill","damage_taken":0,"max_hp_gain":0,"max_hp_loss":0,"event_name":"Falling","floor":37,"gold_loss":0},{"damage_healed":0,"gold_gain":0,"player_choice":"Copied","damage_taken":0,"max_hp_gain":0,"max_hp_loss":0,"event_name":"Duplicator","floor":38,"gold_loss":0,"cards_obtained":["PathToVictory"]}],"is_beta":false,"boss_relics":[{"not_picked":["SacredBark","SlaversCollar"],"picked":"Busted Crown"},{"not_picked":["Cursed Key","HolyWater"],"picked":"Tiny House"}],"items_purged_floors":[7],"is_endless":true,"potions_floor_spawned":[5,10,13,14,18,24,28,30,31,35,40,41],"killed_by":"3 Darklings","ascension_level":9}}