{"host":"50per11302020","time":1614154027,"event":{"mods":["AchievementEnabler","BaseMod","Colored Map","Minty Spire (QoL Compilation)","Relic Stats","StSLib"],"gold_per_floor":[116,41,41,54,74,74,90,116,195,195,37,37,47,12,12,111,111,130,130,130,130,163,163],"floor_reached":22,"language":"ENG","playtime":1075,"items_purged":[],"score":216,"play_id":"f9bce081-4b86-4512-8cb3-0eb2e18db806","local_time":"20210224000707","is_ascension_mode":true,"campfire_choices":[{"data":"Sweeping Beam","floor":6,"key":"SMITH"},{"data":"Coolheaded","floor":10,"key":"SMITH"},{"data":"Creative AI","floor":12,"key":"SMITH"},{"data":"Capacitor","floor":15,"key":"SMITH"}],"circlet_count":0,"master_deck":["Strike_B","Strike_B","Strike_B","Strike_B","Defend_B","Defend_B","Defend_B","Zap","Dualcast","Conserve Battery","Capacitor+1","Sweeping Beam+1","Coolheaded+1","FTL","Creative AI+1","Creative AI","Doom and Gloom","Ghostly","Ghostly","Ghostly","Ghostly","Ghostly","Cold Snap"],"relics":["Coffee Dripper","Red Mask"],"acts_visited":["Exordium","TheCity"],"potions_floor_usage":[],"damage_taken":[{"damage":1,"enemies":"Jaw Worm","floor":1,"turns":3},{"damage":0,"enemies":"Cultist","floor":4,"turns":3},{"damage":3,"enemies":"Small Slimes","floor":5,"turns":2},{"damage":0,"enemies":"Looter","floor":7,"turns":3},{"damage":13,"enemies":"3 Sentries","floor":8,"turns":8},{"damage":11,"enemies":"2 Fungi Beasts","floor":13,"turns":3},{"damage":14,"enemies":"Slime Boss","floor":16,"turns":5},{"damage":23,"enemies":"Spheric Guardian","floor":18,"turns":8},{"damage":13,"enemies":"Masked Bandits","floor":22,"turns":7}],"seed_played":"-515219325882017947","potions_obtained":[{"floor":4,"key":"LiquidMemories"},{"floor":7,"key":"AttackPotion"},{"floor":18,"key":"DuplicationPotion"}],"is_trial":false,"path_per_floor":["M","$","?","M","M","R","M","E","T","R","$","R","M","?","R","B",null,"M","?","?","$","?"],"character_chosen":"DEFECT","items_purchased":["Capacitor","Creative AI"],"campfire_rested":0,"item_purchase_floors":[2,11],"current_hp_per_floor":[74,74,74,74,71,71,71,58,58,58,58,58,47,65,65,51,75,52,52,37,37,24,24],"gold":163,"neow_bonus":"BOSS_RELIC","is_daily":false,"chose_seed":false,"campfire_upgraded":4,"win_rate":0.0,"timestamp":1614154027,"path_taken":["M","$","?","?","M","R","M","E","T","R","$","R","M","?","R","BOSS","M","?","?","$","?"],"items_purchased_type":["Card","Card"],"build_version":"2020-12-18","purchased_purges":0,"victory":false,"max_hp_per_floor":[75,75,75,75,75,75,75,75,75,75,75,75,75,75,75,75,75,75,75,37,37,37,37],"relic_stats":{"counters":[9,42],"obtain_stats":[{"Coffee Dripper":0,"Red Mask":22,"Cracked Core":0},{"Coffee Dripper":0,"Red Mask":9,"Cracked Core":0},{"Coffee Dripper":0,"Red Mask":42,"Cracked Core":0}]},"card_choices":[{"not_picked":["Redo","Stack"],"picked":"Conserve Battery","floor":1},{"not_picked":["Redo","Storm"],"picked":"Sweeping Beam","floor":4},{"not_picked":["Storm","Steam"],"picked":"Coolheaded","floor":5},{"not_picked":["Streamline","Beam Cell"],"picked":"FTL","floor":7},{"not_picked":["Undo","Steam","Go for the Eyes"],"picked":"SKIP","floor":8},{"not_picked":["Steam Power","Sweeping Beam","Tempest"],"picked":"SKIP","floor":13},{"not_picked":["All For One","Buffer"],"picked":"Creative AI","floor":16},{"not_picked":["Static Discharge","Steam Power"],"picked":"Doom and Gloom","floor":18},{"not_picked":["Beam Cell+1","Stack+1"],"picked":"Cold Snap","floor":22}],"player_experience":452353,"relics_obtained":[{"floor":22,"key":"Red Mask"}],"event_choices":[{"cards_removed":["Defend_B"],"damage_healed":0,"gold_gain":0,"player_choice":"Purged","damage_taken":0,"max_hp_gain":0,"max_hp_loss":0,"event_name":"Purifier","floor":3,"gold_loss":0},{"damage_healed":18,"gold_gain":0,"player_choice":"Healed","damage_taken":0,"max_hp_gain":0,"max_hp_loss":0,"event_name":"The Cleric","floor":14,"gold_loss":35},{"damage_healed":0,"gold_gain":0,"player_choice":"Became a Ghost","damage_taken":0,"max_hp_gain":0,"max_hp_loss":38,"event_name":"Ghosts","floor":20,"gold_loss":0,"cards_obtained":["Ghostly","Ghostly","Ghostly","Ghostly","Ghostly"]},{"damage_healed":0,"gold_gain":0,"player_choice":"Fought Bandits","damage_taken":0,"max_hp_gain":0,"max_hp_loss":0,"event_name":"Masked Bandits","floor":22,"gold_loss":0}],"is_beta":true,"boss_relics":[{"not_picked":["Busted Crown","Nuclear Battery","Inserter"]}],"items_purged_floors":[],"is_endless":false,"potions_floor_spawned":[4,7,18],"killed_by":"Masked Bandits","ascension_level":1}}