{"host":"9rxgn077cyjlend4","time":1614180347,"event":{"mods":["BaseMod","Minty Spire (QoL Compilation)","StSLib"],"gold_per_floor":[119,119,137,150,225,259,259,38,38,38,52,80,97,115,115,211,211,222,222,222,222,222,251,268,268,313,343,32,44,44,61,61,156,156,169,169,169,186,203,234,250,277,301,343,374,414,26,39,39,39,39,39,5,34,34],"floor_reached":56,"language":"ENG","playtime":3149,"items_purged":["Strike_P+1","Strike_P+1"],"score":2210,"play_id":"a9888c84-f537-4e9d-aca2-180d636f093c","local_time":"20210224152547","is_ascension_mode":true,"campfire_choices":[{"data":"CrushJoints","floor":7.0,"key":"SMITH"},{"data":"Pray","floor":10.0,"key":"SMITH"},{"data":"Prostrate","floor":15.0,"key":"SMITH"},{"data":"Alpha","floor":30.0,"key":"SMITH"},{"data":"WheelKick","floor":32.0,"key":"SMITH"},{"floor":49.0,"key":"RECALL"},{"data":"TalkToTheHand","floor":52.0,"key":"SMITH"}],"circlet_count":0,"master_deck":["Strike_P+1","Defend_P+1","Defend_P+1","Defend_P+1","Defend_P+1","Eruption+1","Vigilance+1","CrushJoints+1","DeceiveReality+1","Prostrate+1","EmptyFist+1","WheelKick+1","Pray+1","BattleHymn+1","FlurryOfBlows+1","CutThroughFate+1","Blasphemy+1","Ghostly+1","Ghostly+1","Ghostly+1","Ghostly+1","Ghostly+1","Alpha+1","DeusExMachina+1","Prostrate+1","Establishment+1","TalkToTheHand+1","EmptyMind+1","ReachHeaven+1","DeusExMachina","Worship+1","TalkToTheHand+1","Nirvana"],"relics":["PureWater","NeowsBlessing","Bag of Preparation","Omamori","Coffee Dripper","Necronomicon","Mummified Hand","Ancient Tea Set","Pen Nib","Blood Vial","SlaversCollar","Mark of the Bloom","Darkstone Periapt","Calipers","MawBank","Bottled Flame","Gremlin Horn","Melange","Damaru","InkBottle"],"acts_visited":["Exordium","TheCity","TheBeyond","TheEnding"],"potions_floor_usage":[55,55],"damage_taken":[{"damage":0.0,"enemies":"Jaw Worm","floor":1.0,"turns":1.0},{"damage":0.0,"enemies":"Cultist","floor":3.0,"turns":1.0},{"damage":0.0,"enemies":"Small Slimes","floor":4.0,"turns":1.0},{"damage":24.0,"enemies":"Lagavulin","floor":6.0,"turns":10.0},{"damage":0.0,"enemies":"2 Fungi Beasts","floor":11.0,"turns":3.0},{"damage":10.0,"enemies":"Gremlin Nob","floor":12.0,"turns":3.0},{"damage":8.0,"enemies":"Exordium Wildlife","floor":13.0,"turns":3.0},{"damage":0.0,"enemies":"Large Slime","floor":14.0,"turns":4.0},{"damage":0.0,"enemies":"Hexaghost","floor":16.0,"turns":6.0},{"damage":0.0,"enemies":"Spheric Guardian","floor":18.0,"turns":3.0},{"damage":2.0,"enemies":"Slavers","floor":23.0,"turns":5.0},{"damage":3.0,"enemies":"Chosen","floor":24.0,"turns":5.0},{"damage":3.0,"enemies":"Gremlin Leader","floor":27.0,"turns":4.0},{"damage":1.0,"enemies":"Sentry and Sphere","floor":29.0,"turns":5.0},{"damage":0.0,"enemies":"Snake Plant","floor":31.0,"turns":3.0},{"damage":1.0,"enemies":"Automaton","floor":33.0,"turns":6.0},{"damage":0.0,"enemies":"3 Shapes","floor":35.0,"turns":7.0},{"damage":1.0,"enemies":"Orb Walker","floor":38.0,"turns":3.0},{"damage":1.0,"enemies":"Maw","floor":39.0,"turns":5.0},{"damage":0.0,"enemies":"Reptomancer","floor":40.0,"turns":3.0},{"damage":0.0,"enemies":"Sphere and 2 Shapes","floor":41.0,"turns":3.0},{"damage":0.0,"enemies":"Nemesis","floor":42.0,"turns":3.0},{"damage":6.0,"enemies":"Reptomancer","floor":44.0,"turns":3.0},{"damage":0.0,"enemies":"Jaw Worm Horde","floor":45.0,"turns":3.0},{"damage":0.0,"enemies":"Nemesis","floor":46.0,"turns":3.0},{"damage":8.0,"enemies":"Writhing Mass","floor":48.0,"turns":4.0},{"damage":0.0,"enemies":"Awakened One","floor":50.0,"turns":8.0},{"damage":0,"enemies":"Shield and Spear","floor":54,"turns":5},{"damage":4,"enemies":"The Heart","floor":55,"turns":7}],"seed_played":"2732826138811798047","potions_obtained":[{"floor":1.0,"key":"GamblersBrew"},{"floor":3.0,"key":"Regen Potion"},{"floor":12.0,"key":"Swift Potion"},{"floor":13.0,"key":"Energy Potion"},{"floor":16.0,"key":"DuplicationPotion"},{"floor":24.0,"key":"DistilledChaos"},{"floor":33.0,"key":"GamblersBrew"},{"floor":44.0,"key":"BottledMiracle"},{"floor":54,"key":"GamblersBrew"}],"is_trial":false,"path_per_floor":["M","?","M","M","?","E","R","$","T","R","M","E","M","M","R","B",null,"M","?","?","?","?","E","M","?","T","E","$","M","R","M","R","B",null,"M","?","?","M","M","E","M","E","T","E","M","E","$","M","R","B",null,"R","$","E","B",null],"character_chosen":"WATCHER","items_purchased":["WheelKick","Pray","BattleHymn","DeusExMachina","Blood Vial","Melange","Damaru","Nirvana"],"campfire_rested":0,"item_purchase_floors":[8,8,8,28,28,47,47,53],"current_hp_per_floor":[65,65,65,65,54,39,39,39,39,39,39,29,21,21,21,21,59,59,72,56,43,38,36,33,33,33,30,30,31,31,33,33,34,37,38,38,38,37,36,36,36,36,36,30,30,30,30,22,22,22,22,22,22,22,18],"gold":34,"neow_bonus":"THREE_ENEMY_KILL","is_daily":false,"chose_seed":false,"campfire_upgraded":6,"win_rate":0.0,"timestamp":1614180347,"path_taken":["M","?","?","?","?","E","R","$","T","R","M","E","M","M","R","BOSS","M","?","?","?","?","E","?","?","T","E","$","M","R","M","R","BOSS","M","?","?","?","M","E","M","E","T","E","M","E","$","M","R","BOSS","R","$","E","BOSS"],"items_purchased_type":["Card","Card","Card","Card","Relic","Relic","Relic","Card"],"build_version":"2020-12-22","purchased_purges":2,"victory":true,"max_hp_per_floor":[72,72,72,72,72,72,72,72,72,72,72,72,72,72,72,72,72,72,72,72,77,38,38,38,38,38,38,38,38,38,38,38,38,38,38,38,38,38,38,38,38,38,38,38,38,38,38,38,38,38,38,38,38,38,38],"card_choices":[{"not_picked":["Meditate","LikeWater"],"picked":"CrushJoints","floor":1.0},{"not_picked":["CrushJoints","Protect"],"picked":"Prostrate","floor":3.0},{"not_picked":["FearNoEvil","MentalFortress"],"picked":"EmptyFist","floor":4.0},{"not_picked":["CrushJoints","EmptyBody","BowlingBash"],"picked":"SKIP","floor":6.0},{"not_picked":["EmptyFist","WheelKick"],"picked":"FlurryOfBlows","floor":11.0},{"not_picked":["Judgement","JustLucky"],"picked":"CutThroughFate","floor":12.0},{"not_picked":["ForeignInfluence","CrushJoints","Adaptation"],"picked":"SKIP","floor":13.0},{"not_picked":["Indignation","Conclude","FlyingSleeves"],"picked":"SKIP","floor":14.0},{"not_picked":["Scrawl","Establishment"],"picked":"Blasphemy","floor":16.0},{"not_picked":["CutThroughFate","EmptyFist","EmptyBody"],"picked":"SKIP","floor":18.0},{"not_picked":["Halt+1","CrushJoints","ThirdEye"],"picked":"SKIP","floor":23.0},{"not_picked":["Sanctity","CutThroughFate","JustLucky+1"],"picked":"SKIP","floor":24.0},{"not_picked":["SignatureMove+1","Prostrate"],"picked":"Alpha","floor":27.0},{"not_picked":["Crescendo","ClearTheMind+1","SignatureMove"],"picked":"SKIP","floor":29.0},{"not_picked":["EmptyBody+1","Study+1"],"picked":"Prostrate+1","floor":31.0},{"not_picked":["Scrawl","Blasphemy"],"picked":"Establishment","floor":33.0},{"not_picked":["Protect","Consecrate+1"],"picked":"TalkToTheHand+1","floor":35.0},{"not_picked":["CrushJoints","ClearTheMind+1"],"picked":"EmptyMind+1","floor":38.0},{"not_picked":["BowlingBash","Indignation","EmptyBody"],"picked":"SKIP","floor":39.0},{"not_picked":["JustLucky","FollowUp+1","Weave"],"picked":"SKIP","floor":40.0},{"not_picked":["FearNoEvil","Consecrate+1"],"picked":"ReachHeaven+1","floor":41.0},{"not_picked":["SignatureMove","BowlingBash+1"],"picked":"DeusExMachina","floor":42.0},{"not_picked":["Protect","LikeWater"],"picked":"Worship+1","floor":44.0},{"not_picked":["PathToVictory+1","Halt","JustLucky"],"picked":"SKIP","floor":45.0},{"not_picked":["PathToVictory+1","Halt","JustLucky"],"picked":"SKIP","floor":45.0},{"not_picked":["EmptyBody","Protect+1"],"picked":"TalkToTheHand","floor":46.0},{"not_picked":["Swivel","PathToVictory+1","EmptyMind"],"picked":"SKIP","floor":48.0},{"not_picked":["FlurryOfBlows","Prostrate","Evaluate"],"picked":"SKIP","floor":54}],"player_experience":691594,"relics_obtained":[{"floor":6.0,"key":"Bag of Preparation"},{"floor":12.0,"key":"Omamori"},{"floor":20.0,"key":"Necronomicon"},{"floor":23.0,"key":"Mummified Hand"},{"floor":26.0,"key":"Ancient Tea Set"},{"floor":27.0,"key":"Pen Nib"},{"floor":40.0,"key":"Darkstone Periapt"},{"floor":42.0,"key":"Calipers"},{"floor":43.0,"key":"MawBank"},{"floor":44.0,"key":"Bottled Flame"},{"floor":46.0,"key":"Gremlin Horn"},{"floor":54,"key":"InkBottle"}],"event_choices":[{"damage_healed":0.0,"max_hp_gain":0.0,"max_hp_loss":0.0,"gold_gain":0.0,"cards_transformed":["Strike_P"],"event_name":"Transmorgrifier","player_choice":"Transformed","floor":2.0,"gold_loss":0.0,"damage_taken":0.0,"cards_obtained":["DeceiveReality"]},{"damage_healed":0.0,"max_hp_gain":0.0,"max_hp_loss":0.0,"gold_gain":75.0,"event_name":"World of Goop","player_choice":"Gather Gold","floor":5.0,"gold_loss":0.0,"damage_taken":11.0},{"damage_healed":24.0,"max_hp_gain":0.0,"max_hp_loss":0.0,"gold_gain":0.0,"event_name":"The Library","player_choice":"Heal","floor":19.0,"gold_loss":0.0,"damage_taken":0.0},{"damage_healed":0.0,"max_hp_gain":0.0,"max_hp_loss":0.0,"gold_gain":0.0,"event_name":"Cursed Tome","player_choice":"Obtained Book","floor":20.0,"gold_loss":0.0,"damage_taken":16.0},{"damage_healed":0.0,"max_hp_gain":5.0,"max_hp_loss":0.0,"gold_gain":0.0,"event_name":"Forgotten Altar","player_choice":"Shed Blood","floor":21.0,"gold_loss":0.0,"damage_taken":18.0},{"damage_healed":0.0,"max_hp_gain":0.0,"max_hp_loss":39.0,"gold_gain":0.0,"event_name":"Ghosts","player_choice":"Became a Ghost","floor":22.0,"gold_loss":0.0,"damage_taken":0.0,"cards_obtained":["Ghostly","Ghostly","Ghostly","Ghostly","Ghostly"]},{"damage_healed":0.0,"max_hp_gain":0.0,"max_hp_loss":0.0,"gold_gain":0.0,"event_name":"Back to Basics","player_choice":"Simplicity","floor":25.0,"gold_loss":0.0,"damage_taken":0.0,"cards_upgraded":["Strike_P","Strike_P","Strike_P","Defend_P","Defend_P","Defend_P","Defend_P"]},{"damage_healed":0.0,"max_hp_gain":0.0,"max_hp_loss":0.0,"gold_gain":0.0,"event_name":"MindBloom","player_choice":"Upgrade","floor":36.0,"gold_loss":0.0,"damage_taken":0.0,"cards_upgraded":["Eruption","Vigilance","DeceiveReality","EmptyFist","BattleHymn","FlurryOfBlows","CutThroughFate","Blasphemy","Ghostly","Ghostly","Ghostly","Ghostly","Ghostly","DeusExMachina","Establishment"],"relics_obtained":["Mark of the Bloom"]},{"damage_healed":0.0,"max_hp_gain":0.0,"max_hp_loss":0.0,"gold_gain":0.0,"event_name":"Wheel of Change","player_choice":"Full Heal","floor":37.0,"gold_loss":0.0,"damage_taken":0.0}],"is_beta":false,"boss_relics":[{"not_picked":["Velvet Choker","SacredBark"],"picked":"Coffee Dripper"},{"not_picked":["Pandora\u0027s Box","Astrolabe"],"picked":"SlaversCollar"}],"items_purged_floors":[28,47],"is_endless":false,"potions_floor_spawned":[1,3,12,13,16,24,27,29,33,35,40,44,45,54],"ascension_level":9}}