{"host":"czzthkrvfe6r7fjf","time":1614168202,"event":{"mods":["ATMod(∞¢Ë™Mod)","Act Like it!","BaseMod","Downfall","Gensokyo","GungeonMod","Marisa£®ÏF”Í°°ƒß¿Ì…≥£©","Minty Spire (QoL Compilation)","Quick Restart","StSLib","The Servant 0.9.4","Waifu the Spire","°æπ¶ƒ‹Mod°øªÏ„Á÷Æª∑–ﬁ∏¥≤π∂°"],"gold_per_floor":[111,36,36,60,60,93,46,74,74,89,100,100,100,115,115,214,214,224,239,239,122,122,122],"floor_reached":22,"language":"ZHS","playtime":457,"items_purged":["Strike_MRS"],"score":375,"play_id":"b13801c4-b132-459e-b9af-5a8a10bcc6fa","local_time":"20210224200322","is_ascension_mode":true,"campfire_choices":[{"data":"AT_OneInchPunch","floor":13,"key":"SMITH"},{"data":"Acceleration","floor":15,"key":"SMITH"}],"circlet_count":0,"master_deck":["AscendersBane","Strike_MRS","Strike_MRS","Defend_MRS","Defend_MRS","Defend_MRS","MasterSpark","UpSweep","AT_OneInchPunch+1","PulseMagic","WitchLeyline","GasGiant","Acceleration+1","PropBag","CurseOfTheBell","EarthLightRay","Writhe","Gensokyo:Shovel","Gensokyo:LockedMedkit"],"relics":["MiniHakkero","AT_ATBox","NeowsBlessing","Bag of Marbles","Gensokyo:PortableGap","Darkstone Periapt","Vajra","DemoMod:JetPack","Gensokyo:CelestialsFlawlessClothing","Calling Bell","Bag of Preparation","DemoMod:DecoyRelic","AT_GoldPhoenixTree","Sundial"],"acts_visited":["Gensokyo:Gensokyo","Gensokyo:Gensokyoer"],"potions_floor_usage":[],"damage_taken":[{"damage":0,"enemies":"Gensokyo:Python","floor":1,"turns":1},{"damage":0,"enemies":"Gensokyo:Aya","floor":6,"turns":1},{"damage":0,"enemies":"Gensokyo:Mamizou","floor":8,"turns":2},{"damage":8,"enemies":"Gensokyo:Gryphon","floor":10,"turns":4},{"damage":0,"enemies":"Gensokyo:2_Kodama","floor":11,"turns":1},{"damage":0,"enemies":"Gensokyo:LivingMonolith","floor":14,"turns":2},{"damage":11,"enemies":"Gensokyo:Yukari","floor":16,"turns":4},{"damage":0,"enemies":"Gensokyo:2_Gloops","floor":18,"turns":3},{"damage":0,"enemies":"Gensokyo:CosmicMonolith","floor":19,"turns":1},{"damage":52,"enemies":"Gensokyo:Slime_Group","floor":22,"turns":4}],"seed_played":"-4281694158589782449","potions_obtained":[{"floor":1,"key":"Fire Potion"},{"floor":8,"key":"SpeedPotion"},{"floor":11,"key":"DuplicationPotion"}],"is_trial":false,"path_per_floor":["M","$","?","T","?","E","$","E","T","M","M","?","R","M","R","B",null,"M","M","?","COS","M"],"character_chosen":"MARISA","items_purchased":["Acceleration"],"campfire_rested":0,"item_purchase_floors":[7],"current_hp_per_floor":[68,68,68,68,68,68,68,68,68,60,60,43,43,43,43,32,65,65,65,71,71,23,23],"gold":122,"neow_bonus":"THREE_ENEMY_KILL","is_daily":false,"chose_seed":false,"campfire_upgraded":2,"win_rate":0.0,"timestamp":1614168202,"path_taken":["M","$","?","?","?","E","?","E","T","?","M","?","R","M","R","BOSS","M","?","?","COS","M"],"items_purchased_type":["Card"],"build_version":"2020-12-22","purchased_purges":1,"victory":false,"max_hp_per_floor":[75,75,75,75,68,68,68,68,68,68,68,68,68,68,68,68,74,74,74,80,80,80,80],"card_choices":[{"not_picked":["PowerUp","GalacticHalo"],"picked":"PulseMagic","floor":1},{"not_picked":["SporeBomb","GasGiant"],"picked":"WitchLeyline","floor":3},{"not_picked":["MagicChant","WitchOfGreed"],"picked":"GasGiant","floor":3},{"not_picked":["Occultation","NonDirectionalLaser","SatelliteIllusion"],"picked":"SKIP","floor":6},{"not_picked":["MachineGunSpark","GravityBeat","AsteroidBelt"],"picked":"SKIP","floor":8},{"not_picked":["DoubleSpark","DC","StarlightTyphoon"],"picked":"SKIP","floor":10},{"not_picked":["GravityBeat","RefractionSpark","AsteroidBelt"],"picked":"SKIP","floor":11},{"not_picked":["6A","NonDirectionalLaser"],"picked":"PropBag","floor":14},{"not_picked":["OpenUniverse","PowerUp","SporeBomb"],"picked":"SKIP","floor":18},{"not_picked":["AlicesGift","Acceleration"],"picked":"EarthLightRay","floor":19}],"player_experience":154828,"relics_obtained":[{"floor":4,"key":"Bag of Marbles"},{"floor":6,"key":"Darkstone Periapt"},{"floor":8,"key":"Vajra"},{"floor":9,"key":"DemoMod:JetPack"},{"floor":17,"key":"Bag of Preparation"},{"floor":17,"key":"DemoMod:DecoyRelic"},{"floor":17,"key":"AT_GoldPhoenixTree"}],"event_choices":[],"is_beta":false,"boss_relics":[{"not_picked":["Busted Crown","Fusion Hammer"],"picked":"Calling Bell"}],"items_purged_floors":[2],"is_endless":false,"potions_floor_spawned":[1,8,11,16,18,19],"killed_by":"Gensokyo:Slime_Group","ascension_level":12}}