{"host":"70zhvo5nwrhp1mbg","time":1614187247,"event":{"mods":["AchievementEnabler","BaseMod","Bestiary","Colored Map","Colored Powertips","Highlight Path","Minty Spire (QoL Compilation)","Rare Cards Sparkle","StSLib","ojb\u0027s Info Mod"],"gold_per_floor":[112,112,112,112,136,171,186,226,250,250,250,3,47,47,47,141,141,155,175,125,50,69,109,109,143,143,163,163,163,163,163],"floor_reached":30,"language":"ENG","playtime":3596,"items_purged":["Strike_R"],"score":540,"play_id":"3979318e-06d5-449e-a66d-df8d2b4843c1","local_time":"20210224122047","is_ascension_mode":true,"campfire_choices":[{"data":"Uppercut","floor":11.0,"key":"SMITH"},{"data":"Feed","floor":15.0,"key":"SMITH"},{"data":"Armaments","floor":24,"key":"SMITH"},{"data":"Ghostly Armor","floor":29,"key":"SMITH"}],"circlet_count":0,"master_deck":["AscendersBane","Strike_R","Strike_R","Strike_R","Strike_R","Defend_R+1","Defend_R","Defend_R+1","Defend_R","Bash","Carnage+1","Anger","Anger","Pommel Strike","Uppercut+1","Iron Wave","Battle Trance+1","Impervious","Perfected Strike","Immolate","Armaments+1","Feed+1","Juggernaut","Wild Strike+1","Burning Pact","Shrug It Off","Blood for Blood","Anger","Ghostly Armor+1","Warcry","Dual Wield"],"relics":["Burning Blood","Nunchaku","Golden Idol","Pen Nib","Orichalcum","Shuriken","Centennial Puzzle","Orrery","Ornamental Fan","Black Star","Bag of Preparation","War Paint","Bottled Lightning","Happy Flower","Singing Bowl"],"acts_visited":["Exordium","TheCity"],"potions_floor_usage":[22,23,25],"damage_taken":[{"damage":7.0,"enemies":"Cultist","floor":1.0,"turns":4.0},{"damage":10.0,"enemies":"2 Louse","floor":5.0,"turns":3.0},{"damage":32.0,"enemies":"Gremlin Nob","floor":6.0,"turns":4.0},{"damage":0.0,"enemies":"Small Slimes","floor":7.0,"turns":3.0},{"damage":13.0,"enemies":"3 Sentries","floor":8.0,"turns":8.0},{"damage":10.0,"enemies":"Lagavulin","floor":13.0,"turns":5.0},{"damage":44.0,"enemies":"The Guardian","floor":16.0,"turns":13.0},{"damage":7.0,"enemies":"Spheric Guardian","floor":18.0,"turns":3.0},{"damage":17.0,"enemies":"3 Byrds","floor":19.0,"turns":6.0},{"damage":33,"enemies":"Cultist and Chosen","floor":22,"turns":6},{"damage":78,"enemies":"Book of Stabbing","floor":23,"turns":7},{"damage":50,"enemies":"Slavers","floor":25,"turns":5},{"damage":42,"enemies":"Shelled Parasite and Fungi","floor":27,"turns":6},{"damage":31,"enemies":"Book of Stabbing","floor":30,"turns":4}],"seed_played":"2372153420781253575","potions_obtained":[{"floor":6.0,"key":"EssenceOfSteel"},{"floor":7.0,"key":"Regen Potion"},{"floor":8.0,"key":"Strength Potion"},{"floor":19.0,"key":"Explosive Potion"},{"floor":22,"key":"BloodPotion"}],"is_trial":false,"path_per_floor":["M","?","?","?","M","E","M","E","T","?","R","$","E","?","R","B",null,"M","M","?","$","M","E","R","E","T","M","?","R","E"],"character_chosen":"IRONCLAD","items_purchased":["Orrery","DuplicationPotion"],"campfire_rested":0,"item_purchase_floors":[12,12],"current_hp_per_floor":[67,67,49,74,70,44,50,58,58,51,51,51,47,47,47,13,63,62,55,55,55,32,17,17,67,67,31,31,31,0,0],"gold":163,"neow_bonus":"RANDOM_COMMON_RELIC","is_daily":false,"chose_seed":false,"campfire_upgraded":4,"win_rate":0.0,"timestamp":1614187247,"path_taken":["M","?","?","?","M","E","M","E","T","?","R","$","E","?","R","BOSS","M","?","?","?","M","E","R","E","T","M","?","R","E"],"items_purchased_type":["Relic","Potion"],"build_version":"2020-12-22","purchased_purges":1,"victory":false,"max_hp_per_floor":[75,75,75,75,75,75,75,75,75,75,75,75,75,75,75,79,79,79,83,83,83,87,87,87,91,91,91,91,91,91,91],"card_choices":[{"not_picked":["True Grit","Hemokinesis"],"picked":"Carnage","floor":1.0},{"not_picked":["Thunderclap","Feel No Pain"],"picked":"Anger","floor":5.0},{"not_picked":["Sentinel","Power Through"],"picked":"Anger","floor":6.0},{"not_picked":["Sword Boomerang","Second Wind"],"picked":"Pommel Strike","floor":7.0},{"not_picked":["Wild Strike","Carnage"],"picked":"Uppercut","floor":8.0},{"not_picked":["Body Slam","Sever Soul"],"picked":"Iron Wave","floor":12.0},{"not_picked":["Reckless Charge","Whirlwind"],"picked":"Battle Trance","floor":12.0},{"not_picked":["Clash","Wild Strike"],"picked":"Impervious","floor":12.0},{"not_picked":["Headbutt","Burning Pact"],"picked":"Perfected Strike","floor":12.0},{"not_picked":["Inflame","Pommel Strike"],"picked":"Immolate","floor":12.0},{"not_picked":["Power Through","Twin Strike"],"picked":"Armaments","floor":13.0},{"not_picked":["Feed","Brutality"],"picked":"Juggernaut","floor":16.0},{"not_picked":["Clothesline","Blood for Blood"],"picked":"Wild Strike+1","floor":18.0},{"not_picked":["Sword Boomerang+1","Thunderclap"],"picked":"Burning Pact","floor":19.0},{"not_picked":["Sword Boomerang","Pommel Strike"],"picked":"Shrug It Off","floor":22},{"not_picked":["Battle Trance","Reckless Charge"],"picked":"Blood for Blood","floor":23},{"not_picked":["Headbutt+1","Berserk"],"picked":"Anger","floor":25},{"not_picked":["Sword Boomerang","Carnage"],"picked":"Ghostly Armor","floor":27}],"player_experience":697299,"relics_obtained":[{"floor":6.0,"key":"Orichalcum"},{"floor":8.0,"key":"Shuriken"},{"floor":9.0,"key":"Centennial Puzzle"},{"floor":13.0,"key":"Ornamental Fan"},{"floor":23,"key":"Bag of Preparation"},{"floor":23,"key":"War Paint"},{"floor":25,"key":"Bottled Lightning"},{"floor":25,"key":"Happy Flower"},{"floor":26,"key":"Singing Bowl"}],"event_choices":[{"damage_healed":0.0,"max_hp_gain":0.0,"max_hp_loss":0.0,"gold_gain":0.0,"event_name":"Golden Idol","player_choice":"Take Wound","floor":2.0,"gold_loss":0.0,"damage_taken":0.0,"relics_obtained":["Golden Idol"],"cards_obtained":["Injury"]},{"damage_healed":0.0,"max_hp_gain":0.0,"max_hp_loss":0.0,"gold_gain":0.0,"event_name":"Scrap Ooze","player_choice":"Success","floor":3.0,"gold_loss":0.0,"damage_taken":18.0,"relics_obtained":["Pen Nib"]},{"damage_healed":25.0,"max_hp_gain":0.0,"max_hp_loss":0.0,"gold_gain":0.0,"event_name":"Big Fish","player_choice":"Banana","floor":4.0,"gold_loss":0.0,"damage_taken":0.0},{"cards_removed":["Injury"],"damage_healed":0.0,"max_hp_gain":0.0,"max_hp_loss":0.0,"gold_gain":0.0,"event_name":"Golden Wing","player_choice":"Card Removal","floor":10.0,"gold_loss":0.0,"damage_taken":7.0},{"damage_healed":0.0,"max_hp_gain":0.0,"max_hp_loss":0.0,"gold_gain":0.0,"event_name":"Match and Keep!","player_choice":"1 cards matched","floor":14.0,"gold_loss":0.0,"damage_taken":0.0,"cards_obtained":["Feed"]},{"damage_healed":0.0,"max_hp_gain":0.0,"max_hp_loss":0.0,"gold_gain":0.0,"event_name":"Designer","player_choice":"Upgraded Two","floor":20.0,"gold_loss":50.0,"damage_taken":0.0,"cards_upgraded":["Defend_R","Carnage"]},{"damage_healed":0,"gold_gain":0,"player_choice":"2 cards matched","damage_taken":0,"max_hp_gain":0,"max_hp_loss":0,"event_name":"Match and Keep!","floor":28,"gold_loss":0,"cards_obtained":["Warcry","Dual Wield"]}],"is_beta":false,"boss_relics":[{"not_picked":["Black Blood","Busted Crown"],"picked":"Black Star"}],"items_purged_floors":[21],"is_endless":false,"potions_floor_spawned":[6,7,8,19,22],"killed_by":"Book of Stabbing","ascension_level":18}}