{"host":"106a9i1yxyuuvaq3","time":1614176453,"event":{"mods":["2.2 Compatiblity","AchievementEnabler","Act Like it!","AlwaysNeverKeys","BaseMod","Better Altar","Better Match","Better Note","Better Sensory Stone","Better Skull","Better Third Choice","BetterRewards","Colored Map","Colored Powertips","Defuse TimeMaze Blight","Friendly Minions","Highlight Path","Hubris","Infinite Spire","Minty Spire (QoL Compilation)","Quick Restart","Random Character Button","Relic Filter","Relic Sorter","Replay The Spire","Spicy Shops","StSLib","SuperFastMode","The Administrix","The Animator","The Bug Knight","The Cursed","The Florist","The Gatherer","The Jungle","Unceasing Turn Reminder","Waifu the Spire"],"gold_per_floor":[28,41,60,60,60,92,92,125,125,159,279,390,254,382,382,583,583,693,270,389,389,509,639,639,639,663,679,709,726,726,743,743,842,842,853,853,863,880,605,636,636,670,670,695,711,711,724,774,774,774,774,774,519,549,549],"floor_reached":56,"language":"ENG","playtime":9247,"items_purged":["AdministrixMod:HarmonicReverence"],"score":1919,"play_id":"740be23c-11a7-405b-9429-a50084c65a7d","local_time":"20210224152053","is_ascension_mode":true,"campfire_choices":[{"floor":15.0,"key":"DIG"},{"data":"AdministrixMod:PassageOfAges","floor":25.0,"key":"SMITH"},{"data":"AdministrixMod:StarSwordSoul","floor":32.0,"key":"SMITH"},{"data":"AdministrixMod:CosmosControl","floor":41,"key":"SMITH"},{"data":"Pot Of Greed","floor":46,"key":"SMITH"},{"data":"AdministrixMod:CastOffRegrets","floor":49,"key":"SMITH"},{"data":"infinitespire:Execution","floor":52,"key":"SMITH"}],"circlet_count":0,"master_deck":["AdministrixMod:Strike_Administrix","AdministrixMod:Strike_Administrix","AdministrixMod:Strike_Administrix","AdministrixMod:Strike_Administrix","AdministrixMod:RedCloak","AdministrixMod:Defend_Administrix","AdministrixMod:Defend_Administrix","AdministrixMod:Defend_Administrix","AdministrixMod:Defend_Administrix","AdministrixMod:BlueCloak","AdministrixMod:StarSwordSoul+1","AdministrixMod:FuneraryRites","AdministrixMod:NoblePath+1","Pot Of Greed","Pot Of Greed","AdministrixMod:WickedPunishment","AdministrixMod:PassageOfAges+1","AdministrixMod:HarmonicReverence","Secret Technique","Discovery","AdministrixMod:LifeforceNet+1","AdministrixMod:PassageOfAges+1","infinitespire:Execution+1","infinitespire:Fortify","infinitespire:Starlight","Pot Of Greed+1","AdministrixMod:ShadowPlay+1","AdministrixMod:CastOffRegrets+1","AdministrixMod:CosmosControl+1"],"relics":["AdministrixMod:ConductorRitualBaton","ReplayTheSpireMod:Lightbulb","HandDrill","Replay:Kaleidoscope","Ice Cream","hubris:64BitClover","Membership Card","AdministrixMod:DragonsEyeCharm","Blue Candle","hubris:Icosahedron","Grinning Jar","Replay:Accelerometer","Onion Ring","HollowMod:LifeEnderRelic","ReplayTheSpireMod:ShopPack","Molten Egg 2","Shuriken","SacredBark","Omamori","Bottled Lightning","Thread and Needle","Mango","Vajra","Lantern","Matryoshka","Calling Bell","infinitespire:PuzzleCube","Replay:Bottled Snecko","hubris:CuriousFeather","Replay:Grab Bag","Abe\u0027s Treasure","hubris:TerracottaHorce","hubris:Backtick","Boot","hubris:TenFootPole","Bottled Tornado","PreservedInsect","Durian","Smiling Mask","hubris:MysteriousPyramids","Anchor","Turnip","Bag of Marbles","hubris:FunFungus"],"acts_visited":["Exordium","Exordium","TheBeyond","TheEnding"],"potions_floor_usage":[48,55],"damage_taken":[{"damage":2.0,"enemies":"2 Louse","floor":1.0,"turns":3.0},{"damage":9.0,"enemies":"Jaw Worm","floor":2.0,"turns":5.0},{"damage":11.0,"enemies":"Small Slimes","floor":3.0,"turns":5.0},{"damage":20.0,"enemies":"Lagavulin","floor":6.0,"turns":8.0},{"damage":34.0,"enemies":"Gremlin Nob","floor":8.0,"turns":4.0},{"damage":15.0,"enemies":"Replay:BlueRogue","floor":10.0,"turns":5.0},{"damage":22.0,"enemies":"Exordium Thugs","floor":11.0,"turns":5.0},{"damage":0.0,"enemies":"Large Slime","floor":12.0,"turns":3.0},{"damage":8.0,"enemies":"HollowMod:MossKnight","floor":14.0,"turns":5.0},{"damage":16.0,"enemies":"The Guardian","floor":16.0,"turns":7.0},{"damage":8.0,"enemies":"Shell Parasite","floor":18.0,"turns":4.0},{"damage":3.0,"enemies":"theJungle:GiantWrat","floor":20.0,"turns":5.0},{"damage":3.0,"enemies":"theJungle:JungleHuntersEncounter","floor":22.0,"turns":4.0},{"damage":53.0,"enemies":"theJungle:Cassacara","floor":23.0,"turns":6.0},{"damage":5.0,"enemies":"theJungle:Snecko_Cultist_And_Trap","floor":27.0,"turns":6.0},{"damage":0.0,"enemies":"theJungle:2_Phrogs","floor":28.0,"turns":5.0},{"damage":6.0,"enemies":"theJungle:SlimyTreeVines","floor":29.0,"turns":5.0},{"damage":22.0,"enemies":"theJungle:JungleHuntersEncounter","floor":31.0,"turns":5.0},{"damage":0.0,"enemies":"theJungle:QueenSpyder","floor":33.0,"turns":4.0},{"damage":0.0,"enemies":"Orb Walker","floor":35.0,"turns":2.0},{"damage":0.0,"enemies":"3 Shapes","floor":37.0,"turns":3.0},{"damage":10.0,"enemies":"Writhing Mass","floor":38.0,"turns":4.0},{"damage":33,"enemies":"Nemesis","floor":40,"turns":3},{"damage":0,"enemies":"Giant Head","floor":42,"turns":4},{"damage":10,"enemies":"Reptomancer","floor":44,"turns":2},{"damage":0,"enemies":"Maw","floor":45,"turns":4},{"damage":0,"enemies":"Jaw Worm Horde","floor":47,"turns":1},{"damage":0,"enemies":"Mind Bloom Boss Battle","floor":48,"turns":4},{"damage":4,"enemies":"infinitespire:MassOfShapes","floor":50,"turns":5},{"damage":23,"enemies":"Shield and Spear","floor":54,"turns":4},{"damage":128,"enemies":"The Heart","floor":55,"turns":7}],"seed_played":"7684110933696719297","potions_obtained":[{"floor":8.0,"key":"Strength Potion"},{"floor":22.0,"key":"Elixir"},{"floor":29.0,"key":"SkillPotion"},{"floor":40,"key":"Regen Potion"},{"floor":48,"key":"Fruit Juice"}],"is_trial":false,"path_per_floor":["M","M","M","?","?","E","?","E","T","E","M","M","$","E","R_BF","B",null,"M","$","M","?","M","E","?","R","T","M","E","M","AVR","M","R","B",null,"M","?","M","M","$","E","R","E","T","E","M","R","M","?","R","B",null,"R","$","E","B",null],"character_chosen":"TheAdministrix","items_purchased":["hubris:64BitClover","AdministrixMod:HarmonicReverence","Membership Card","AdministrixMod:StarSwordSoul","AdministrixMod:DragonsEyeCharm","Blue Candle","Explosive Potion","AdministrixMod:HarmonicReverence","ReplayTheSpireMod:ShopPack","Bottled Lightning","Thread and Needle","Mango","HandDrill","hubris:TenFootPole","Bottled Tornado","Turnip","Bag of Marbles","SpeedPotion"],"campfire_rested":0,"item_purchase_floors":[0,0,0,0,0,0,0,13,13,19,19,19,39,39,39,53,53,53],"current_hp_per_floor":[63,54,43,43,43,23,23,31,31,50,28,28,28,20,20,4,65,57,71,68,68,65,12,12,12,12,74,74,73,73,61,61,71,77,77,77,79,69,69,46,46,61,61,51,61,61,61,81,81,87,92,92,92,79,56],"gold":549,"neow_bonus":"","is_daily":false,"chose_seed":false,"campfire_upgraded":6,"win_rate":0.0,"timestamp":1614176453,"path_taken":["M","M","M","?","?","E","?","E","T","E","M","M","$","E","R_BF","BOSS","M","$","M","?","M","E","?","R","T","M","E","M","AVR","M","R","BOSS","M","?","?","M","$","E","R","E","T","E","M","R","M","?","R","BOSS","R","$","E","BOSS"],"items_purchased_type":["Relic","Card","Relic","Card","Relic","Relic","Potion","Card","Relic","Relic","Relic","Relic","Relic","Relic","Relic","Relic","Relic","Potion"],"build_version":"2020-12-22","purchased_purges":1,"victory":true,"max_hp_per_floor":[65,65,65,65,65,65,65,65,65,65,65,65,65,65,65,65,65,65,79,79,79,79,79,79,79,79,79,79,79,79,79,79,79,79,79,79,79,79,79,79,79,84,84,84,84,84,84,94,94,94,94,94,94,94,94],"card_choices":[{"not_picked":["AdministrixMod:CenturiesAscent","AdministrixMod:BishamonBlessing","AdministrixMod:ImmortalPurity"],"picked":"SKIP","floor":1.0},{"not_picked":["AdministrixMod:CrackingPangu","AdministrixMod:SealAway"],"picked":"AdministrixMod:FuneraryRites","floor":2.0},{"not_picked":["AdministrixMod:PassageOfAges","AdministrixMod:BloodlessSapphire"],"picked":"AdministrixMod:NoblePath","floor":3.0},{"not_picked":["AdministrixMod:GuanyinBlessing","AdministrixMod:ImmortalPurity"],"picked":"AdministrixMod:WickedPunishment","floor":6.0},{"not_picked":["AdministrixMod:TouchOfCinnabar","AdministrixMod:PlateOfAntiquity","AdministrixMod:RegentEdict"],"picked":"SKIP","floor":8.0},{"not_picked":["AdministrixMod:RegentEdict","AdministrixMod:Wuji","AdministrixMod:SealAway"],"picked":"SKIP","floor":10.0},{"not_picked":["AdministrixMod:ChooseYourEnd","AdministrixMod:TouchOfCinnabar"],"picked":"AdministrixMod:PassageOfAges","floor":11.0},{"not_picked":["AdministrixMod:CrackingPangu","AdministrixMod:LightOfYourLife","AdministrixMod:DiversionaryTactic"],"picked":"SKIP","floor":12.0},{"not_picked":["Sadistic Nature","Chrysalis"],"picked":"Secret Technique","floor":13.0},{"not_picked":["Swift Strike","Panacea"],"picked":"Discovery","floor":13.0},{"not_picked":["AdministrixMod:RebukeDesires+1","AdministrixMod:XianArts","AdministrixMod:LightOfYourLife"],"picked":"SKIP","floor":14.0},{"not_picked":["AdministrixMod:NewbornDivinity+1","AdministrixMod:TenDesires"],"picked":"AdministrixMod:LifeforceNet+1","floor":16.0},{"not_picked":["AdministrixMod:Metempsychosis+1","AdministrixMod:HiddenPower","AdministrixMod:ImmortalPurity"],"picked":"SKIP","floor":18.0},{"not_picked":["AdministrixMod:SealAway+1","AdministrixMod:SyncreticPlunge","AdministrixMod:FeastOfDew"],"picked":"SKIP","floor":20.0},{"not_picked":["AdministrixMod:ExtolVirtue+1","AdministrixMod:HiddenPower","AdministrixMod:Overdrive"],"picked":"SKIP","floor":22.0},{"not_picked":["AdministrixMod:Transition","AdministrixMod:SyncreticPlunge+1","AdministrixMod:SealAway"],"picked":"SKIP","floor":23.0},{"not_picked":["AdministrixMod:TrickOfTheLight+1","AdministrixMod:RebukeDesires+1","AdministrixMod:LuminaryPath"],"picked":"SKIP","floor":27.0},{"not_picked":["AdministrixMod:NoblePath+1","AdministrixMod:TouchOfCinnabar"],"picked":"AdministrixMod:PassageOfAges+1","floor":28.0},{"not_picked":["AdministrixMod:LightOfYourLife+1","AdministrixMod:Transition","AdministrixMod:Overdrive"],"picked":"SKIP","floor":29.0},{"not_picked":["AdministrixMod:Wuji","AdministrixMod:SealAway","AdministrixMod:Transcension"],"picked":"SKIP","floor":31.0},{"not_picked":["AdministrixMod:FeastOfDew","AdministrixMod:FuneraryRites+1"],"picked":"AdministrixMod:ShadowPlay+1","floor":35.0},{"not_picked":["AdministrixMod:DiversionaryTactic+1","AdministrixMod:ImmortalPurity+1"],"picked":"AdministrixMod:CastOffRegrets","floor":37.0},{"not_picked":["AdministrixMod:RegentEdict+1","AdministrixMod:TrickOfTheLight+1","AdministrixMod:Transition"],"picked":"SKIP","floor":38.0},{"not_picked":["AdministrixMod:ArmillarySphere+1","AdministrixMod:NoblePath+1"],"picked":"AdministrixMod:CosmosControl","floor":40},{"not_picked":["AdministrixMod:ReachToHeaven+1","AdministrixMod:SealAway+1","AdministrixMod:DiversionaryTactic+1"],"picked":"SKIP","floor":42},{"not_picked":["AdministrixMod:Wuji","AdministrixMod:SyncreticSurge+1","AdministrixMod:BegetEternity+1"],"picked":"SKIP","floor":44},{"not_picked":["AdministrixMod:PlateOfAntiquity+1","AdministrixMod:CrackingPangu+1","AdministrixMod:BloodBargain"],"picked":"SKIP","floor":45},{"not_picked":["AdministrixMod:PlateOfAntiquity+1","AdministrixMod:CrackingPangu+1","AdministrixMod:BloodBargain"],"picked":"SKIP","floor":45},{"not_picked":["AdministrixMod:PlateOfAntiquity+1","AdministrixMod:CrackingPangu+1","AdministrixMod:BloodBargain"],"picked":"SKIP","floor":45},{"not_picked":["AdministrixMod:DiversionaryTactic+1","AdministrixMod:SipOfSparks","AdministrixMod:RebukeDesires+1"],"picked":"SKIP","floor":47},{"not_picked":["AdministrixMod:CastOffRegrets+1","AdministrixMod:Transcension","AdministrixMod:MixOfMercury"],"picked":"SKIP","floor":54}],"player_experience":266726,"relics_obtained":[{"floor":6.0,"key":"Grinning Jar"},{"floor":8.0,"key":"Replay:Accelerometer"},{"floor":9.0,"key":"Onion Ring"},{"floor":10.0,"key":"HollowMod:LifeEnderRelic"},{"floor":14.0,"key":"Molten Egg 2"},{"floor":15.0,"key":"Shuriken"},{"floor":18.0,"key":"Omamori"},{"floor":23.0,"key":"ReplayTheSpireMod:Lightbulb"},{"floor":26.0,"key":"Vajra"},{"floor":28.0,"key":"Lantern"},{"floor":30.0,"key":"infinitespire:PuzzleCube"},{"floor":30.0,"key":"Replay:Bottled Snecko"},{"floor":30.0,"key":"hubris:CuriousFeather"},{"floor":35.0,"key":"Boot"},{"floor":40,"key":"PreservedInsect"},{"floor":42,"key":"Durian"},{"floor":43,"key":"Smiling Mask"},{"floor":43,"key":"hubris:MysteriousPyramids"},{"floor":44,"key":"Anchor"},{"floor":48,"key":"Replay:Kaleidoscope"},{"floor":54,"key":"hubris:FunFungus"}],"event_choices":[{"damage_healed":0.0,"max_hp_gain":0.0,"max_hp_loss":0.0,"gold_gain":0.0,"event_name":"The Cleric","player_choice":"Leave","floor":4.0,"gold_loss":0.0,"damage_taken":0.0},{"damage_healed":0.0,"max_hp_gain":0.0,"max_hp_loss":0.0,"gold_gain":0.0,"event_name":"Golden Wing","player_choice":"Ignored","floor":7.0,"gold_loss":0.0,"damage_taken":0.0},{"damage_healed":0.0,"max_hp_gain":0.0,"max_hp_loss":0.0,"gold_gain":0.0,"event_name":"betterNote:BetterNote","player_choice":"Ignored","floor":21.0,"gold_loss":0.0,"damage_taken":0.0,"cards_obtained":["hubris:InfiniteBlow"]},{"damage_healed":0.0,"max_hp_gain":0.0,"max_hp_loss":0.0,"gold_gain":0.0,"event_name":"Transmorgrifier","player_choice":"Ignored","floor":36.0,"gold_loss":0.0,"damage_taken":0.0},{"damage_healed":0,"gold_gain":0,"player_choice":"Fight","damage_taken":0,"max_hp_gain":0,"max_hp_loss":0,"event_name":"MindBloom","floor":48,"gold_loss":0}],"is_beta":false,"boss_relics":[{"not_picked":["Sozu","Replay:Wanted Poster"],"picked":"SacredBark"},{"not_picked":["Kintsugi","Ring of Chaos"],"picked":"Replay:Grab Bag"},{"not_picked":["AdministrixMod:ElixirOfImmorality","ChewingGum"],"picked":"Abe\u0027s Treasure"},{"not_picked":["Philosopher\u0027s Stone","Replay:Fungal Core"],"picked":"hubris:TerracottaHorce"},{"not_picked":["hubris:ScarierMask","AdministrixMod:BloodSoakedVeil"],"picked":"hubris:Backtick"}],"items_purged_floors":[13],"is_endless":false,"potions_floor_spawned":[8,11,12,14,20,22,29,31,40,44,48],"ascension_level":9}}