{"host":"l2onoeb0kdqo1a9y","time":1614150963,"event":{"mods":["AchievementEnabler","BaseMod","Colored Powertips","Highlight Path","Minty Spire (QoL Compilation)","Quick Restart"],"gold_per_floor":[114,39,54,69,84,114,129,129,204,204,234,249,279,294,294,394,394,409,424,424,424],"floor_reached":20,"language":"ZHS","playtime":605,"items_purged":["Strike_R"],"score":223,"play_id":"e248be3d-bf4b-424c-82aa-fdd3b33057d5","local_time":"20210224151603","daily_mods":["Heirloom","Colorless Cards","DeadlyEvents"],"is_ascension_mode":false,"campfire_choices":[{"data":"Demon Form","floor":8.0,"key":"SMITH"},{"data":"Spot Weakness","floor":10.0,"key":"SMITH"},{"floor":15.0,"key":"REST"}],"circlet_count":0,"master_deck":["Strike_R","Strike_R","Strike_R","Strike_R","Defend_R","Defend_R","Defend_R","Defend_R","Bash","Flex","Inflame","Flex","Heavy Blade","Demon Form+1","Spot Weakness+1","Seeing Red","Cleave","Armaments","Spot Weakness","Apotheosis"],"relics":["Burning Blood","Magic Flower","Gremlin Horn","Sundial","Bottled Flame","Centennial Puzzle","Black Star"],"acts_visited":["Exordium","TheCity"],"potions_floor_usage":[16],"damage_taken":[{"damage":10.0,"enemies":"Cultist","floor":1.0,"turns":4.0},{"damage":13.0,"enemies":"Jaw Worm","floor":3.0,"turns":3.0},{"damage":8.0,"enemies":"2 Louse","floor":4.0,"turns":3.0},{"damage":19.0,"enemies":"Blue Slaver","floor":5.0,"turns":3.0},{"damage":36.0,"enemies":"Lagavulin","floor":6.0,"turns":4.0},{"damage":11.0,"enemies":"3 Louse","floor":7.0,"turns":3.0},{"damage":20.0,"enemies":"Gremlin Nob","floor":11.0,"turns":4.0},{"damage":15.0,"enemies":"Looter","floor":12.0,"turns":3.0},{"damage":29.0,"enemies":"Lagavulin","floor":13.0,"turns":5.0},{"damage":11.0,"enemies":"Large Slime","floor":14.0,"turns":4.0},{"damage":42,"enemies":"The Guardian","floor":16,"turns":8},{"damage":24,"enemies":"Spheric Guardian","floor":18,"turns":5},{"damage":38,"enemies":"2 Thieves","floor":19,"turns":4},{"damage":34,"enemies":"Snecko","floor":20,"turns":5}],"seed_played":"1986488565424594500","potions_obtained":[{"floor":5.0,"key":"BloodPotion"},{"floor":6.0,"key":"Block Potion"},{"floor":11.0,"key":"EssenceOfSteel"},{"floor":13.0,"key":"DistilledChaos"},{"floor":16,"key":"SneckoOil"},{"floor":18,"key":"BlessingOfTheForge"}],"is_trial":false,"path_per_floor":["M","$","M","M","M","E","M","R","T","R","E","M","E","M","R","B",null,"M","M","M"],"character_chosen":"IRONCLAD","items_purchased":[],"campfire_rested":1,"item_purchase_floors":[],"current_hp_per_floor":[79,79,75,76,66,39,37,37,37,37,50,44,24,22,46,13,80,65,36,2,2],"gold":424,"neow_bonus":"","is_daily":true,"chose_seed":false,"campfire_upgraded":2,"win_rate":0.0,"timestamp":1614150963,"path_taken":["M","?","M","M","M","E","?","R","T","R","?","M","E","M","R","BOSS","M","M","M"],"items_purchased_type":[],"build_version":"2020-12-22","purchased_purges":1,"victory":false,"max_hp_per_floor":[80,80,80,80,80,80,80,80,80,80,80,80,80,80,80,80,80,80,80,80,80],"card_choices":[{"not_picked":["Cleave","Body Slam"],"picked":"Flex","floor":1.0},{"not_picked":["Second Wind","Flash of Steel"],"picked":"Inflame","floor":3.0},{"not_picked":["Anger","Warcry"],"picked":"Flex","floor":4.0},{"not_picked":["Cleave","Dark Embrace"],"picked":"Heavy Blade","floor":5.0},{"not_picked":["Forethought","Feel No Pain"],"picked":"Demon Form","floor":6.0},{"not_picked":["Thunderclap","Pommel Strike"],"picked":"Spot Weakness","floor":7.0},{"not_picked":["Havoc","Shrug It Off"],"picked":"Seeing Red","floor":11.0},{"not_picked":["Madness","Clothesline"],"picked":"Cleave","floor":12.0},{"not_picked":["Infernal Blade","Sever Soul"],"picked":"Armaments","floor":13.0},{"not_picked":["Headbutt","Sword Boomerang"],"picked":"Spot Weakness","floor":14.0},{"not_picked":["Secret Technique","Double Tap"],"picked":"Apotheosis","floor":16},{"not_picked":["Pommel Strike","Warcry+1","Feel No Pain"],"picked":"SKIP","floor":18},{"not_picked":["Evolve","Iron Wave","Heavy Blade"],"picked":"SKIP","floor":19}],"player_experience":151018,"relics_obtained":[{"floor":6.0,"key":"Gremlin Horn"},{"floor":9.0,"key":"Sundial"},{"floor":11.0,"key":"Bottled Flame"},{"floor":13.0,"key":"Centennial Puzzle"}],"event_choices":[],"is_beta":false,"boss_relics":[{"not_picked":["SlaversCollar","Tiny House"],"picked":"Black Star"}],"items_purged_floors":[2],"is_endless":false,"potions_floor_spawned":[5,6,11,13,16,18],"killed_by":"Snecko","ascension_level":0}}