{"host":"whe4vf9w0yuhsr02","time":1614187883,"event":{"mods":["AchievementEnabler","Act Like it!","BaseMod","Better Altar","Better Match","Better Note","Better Sensory Stone","Better Skull","Better Third Choice","Colored Map","Dark Map","Friendly Minions","Highlight Path","Hubris","Library of Ruina","Library of Ruina Extra","Minty Spire (QoL Compilation)","Poor People Problems","Quick Restart","Replay The Spire","StSLib","everything is the same but u backflip on backflip"],"gold_per_floor":[367,367,66,76,0,35,35,35,60,72,100,113,125,160,160,262,262,282,297,8,28,28,61,61,95,172,172,172,187,187,198,198,293,293,303,303,12,26,42,71,83,114,114,114,132,142,142,176,176,176,176],"floor_reached":52,"language":"ENG","playtime":2423,"items_purged":["Regret","LightAttack","LightAttack"],"score":1727,"play_id":"a3554451-d06a-4a1e-9427-0564a0bb4072","local_time":"20210224193123","is_ascension_mode":true,"campfire_choices":[{"data":"Enlightenment","floor":8.0,"key":"SMITH"},{"data":"RepressedFlesh","floor":15.0,"key":"SMITH"},{"data":"Disposal","floor":24.0,"key":"SMITH"},{"data":"DimensionalRift","floor":27.0,"key":"SMITH"},{"data":"NonstopAssault","floor":30.0,"key":"SMITH"},{"data":"Concentration","floor":47.0,"key":"SMITH"},{"floor":49.0,"key":"DIG"}],"circlet_count":0,"master_deck":["Dodge","LightAttack","LightDefense","LightDefense","LightDefense","ChargeAndCover","FocusedStrikes","LightAttack","Vigilance","DimensionalRift+1","NonstopAssault+1","RepressedFlesh+1","Enlightenment+1","Disposal+1","Commandeering+1","CoordinatedAssault","Concentration+1","Observe+1","Multislash+1","GaleKick","BattleCommand+1","GrazeTheGrass"],"relics":["PageOfLibrarian","Replay:Ringing Soul","Omamori","ReplayFunnel","Nunchaku","PageOfNothingThere","Strawberry","PageOfBlackSwan","Guide Book","PageOfWizard","Smiling Mask","Quantum Egg","Singing Bowl","Painkiller Herb","hubris:Towel","Replay:Bottled Steam","PageOfOzma","PageOfBloodbath","Onion Ring","hubris:MysteriousPyramids","Happy Flower","Centennial Puzzle"],"acts_visited":["Exordium","TheCity","TheBeyond"],"potions_floor_usage":[51,51,51],"damage_taken":[{"damage":10.0,"enemies":"Small Slimes","floor":1.0,"turns":5.0},{"damage":7.0,"enemies":"Jaw Worm","floor":4.0,"turns":3.0},{"damage":5.0,"enemies":"3 Sentries","floor":6.0,"turns":4.0},{"damage":6.0,"enemies":"2 Louse","floor":10.0,"turns":3.0},{"damage":0.0,"enemies":"Gremlin Nob","floor":11.0,"turns":3.0},{"damage":10.0,"enemies":"Exordium Thugs","floor":12.0,"turns":7.0},{"damage":3.0,"enemies":"Looter","floor":13.0,"turns":2.0},{"damage":2.0,"enemies":"Lagavulin","floor":14.0,"turns":6.0},{"damage":46.0,"enemies":"Fading Forest","floor":16.0,"turns":11.0},{"damage":2.0,"enemies":"Chosen","floor":18.0,"turns":4.0},{"damage":16.0,"enemies":"3 Byrds","floor":19.0,"turns":6.0},{"damage":0.0,"enemies":"Snecko","floor":21.0,"turns":2.0},{"damage":4.0,"enemies":"Book of Stabbing","floor":23.0,"turns":8.0},{"damage":2.0,"enemies":"Slavers","floor":25.0,"turns":5.0},{"damage":0.0,"enemies":"Shelled Parasite and Fungi","floor":29.0,"turns":6.0},{"damage":5.0,"enemies":"Centurion and Healer","floor":31.0,"turns":5.0},{"damage":1.0,"enemies":"Pondfish","floor":33.0,"turns":9.0},{"damage":7.0,"enemies":"3 Shapes","floor":35.0,"turns":3.0},{"damage":0.0,"enemies":"Orb Walker","floor":38.0,"turns":4.0},{"damage":0.0,"enemies":"3 Darklings","floor":39.0,"turns":4.0},{"damage":3.0,"enemies":"Reptomancer","floor":40.0,"turns":5.0},{"damage":0.0,"enemies":"Sphere and 2 Shapes","floor":41.0,"turns":4.0},{"damage":5.0,"enemies":"Giant Head","floor":42.0,"turns":6.0},{"damage":0.0,"enemies":"Writhing Mass","floor":45.0,"turns":4.0},{"damage":4.0,"enemies":"Transient","floor":46.0,"turns":5.0},{"damage":0.0,"enemies":"R_Hoarder","floor":48.0,"turns":5.0},{"damage":8,"enemies":"Awakened One","floor":50,"turns":9},{"damage":108,"enemies":"Awakened One","floor":51,"turns":15}],"seed_played":"4970525630559361121","potions_obtained":[{"floor":4.0,"key":"Venom Potion"},{"floor":6.0,"key":"Fruit Juice"},{"floor":12.0,"key":"Weak Potion"},{"floor":13.0,"key":"Elixir"},{"floor":21.0,"key":"Fire Potion"},{"floor":23.0,"key":"Energy Potion"},{"floor":29.0,"key":"Fruit Juice"},{"floor":33.0,"key":"FearPotion"},{"floor":35.0,"key":"Block Potion"},{"floor":38.0,"key":"Fire Potion"},{"floor":45.0,"key":"GamblersBrew"},{"floor":48.0,"key":"Flashbang"}],"is_trial":false,"path_per_floor":["M","?","$","M","?","E","?","R","T","M","E","M","M","E","R","B",null,"M","M","$","M","?","E","R","E","T","R","?","M","R","M","R","B",null,"?","?","T","?","?","E","?","E","T","T","?","?","T","E","T","B",null,null],"character_chosen":"Librarian","items_purchased":["Omamori","NonstopAssault","Guide Book","GaleKick","Replay:Bottled Steam"],"campfire_rested":0,"item_purchase_floors":[3,3,20,20,37],"current_hp_per_floor":[50,53,56,52,61,59,62,62,62,64,64,57,57,62,62,34,129,127,114,117,120,120,119,119,117,117,117,117,124,124,121,121,122,152,147,147,147,149,151,150,152,149,149,149,151,149,149,151,151,143,35],"gold":176,"neow_bonus":"TWO_FIFTY_GOLD","is_daily":false,"chose_seed":false,"campfire_upgraded":6,"win_rate":0.0,"timestamp":1614187883,"path_taken":["M","?","$","M","?","E","?","R","T","M","E","?","M","E","R","BOSS","M","M","$","M","?","E","R","E","T","R","?","M","R","M","R","BOSS","?","?","T","?","?","E","?","E","T","?","?","?","T","E","T","BOSS"],"items_purchased_type":["Relic","Card","Relic","Card","Relic"],"build_version":"2020-12-22","purchased_purges":3,"victory":true,"max_hp_per_floor":[78,81,84,87,96,99,102,102,102,116,116,119,122,129,129,129,129,129,132,135,138,138,141,141,141,141,141,141,148,148,150,150,152,152,154,154,154,156,158,160,162,164,164,164,166,168,168,170,170,170,170],"card_choices":[{"not_picked":["MultiHit","Thrust","StayCalm","AGoldenOpportunity","SpearedSweep","GuidanceOfTheGears","Struggle","YoureAHindrance"],"picked":"DimensionalRift","floor":1.0},{"not_picked":["HighKick","Outburst","FendThisOffIfYouCan","AGoldenOpportunity","WillBeTasty","Tailoring","FlowOfTheSword","EnergyStrike"],"picked":"RepressedFlesh","floor":4.0},{"not_picked":["NightInTheBackstreets","ScatteringSlash","FleetFootsteps","TimeForALittleTest","EnergyConversion","WildCard","EmotionalTurbulence","UnavoidableGaze"],"picked":"Disposal","floor":6.0},{"not_picked":["IllEndYou","Ripple","Quickness","SomberProcuration","GaleKick","ExtractFuel","Outburst","StrikeDown"],"picked":"CoordinatedAssault","floor":10.0},{"not_picked":["Zzzzzap","PreemptiveStrike","MultiHit","BizarreAttack","SinglePointStab","FierceCharge","KeepItFresh","SomberProcuration","Faith"],"picked":"SKIP","floor":11.0},{"not_picked":["Pound","TheRedNotes","RulesOfTheBackstreets","HeavyPeaks","EnergyCycle","Eliminate","Castigation","Ripple"],"picked":"Concentration","floor":12.0},{"not_picked":["Reload","EnergyCycle","QuickAttack","ViolentFlame","HiddenBlade","Wallop_lor","EndlessBattle","Feast"],"picked":"Observe","floor":13.0},{"not_picked":["UpbeatPerformance","CoordinatedAssault","ToOvercomeCrisis","DarkCloud","Faith","DefenseOrder","HiddenBlade","MultiHit","BackAttack"],"picked":"SKIP","floor":14.0},{"not_picked":["SerpentineBarrier+1","ViolentFlame","Feast","QuickAttack+1","YouOnlyLiveOnce+1","GoinFirst","Tailoring","SinglePointStab+1","WillOfThePrescript"],"picked":"SKIP","floor":18.0},{"not_picked":["SnakesPrey+1","Leap_lor","FaintMemories","DeepDrag+1","SuppressingShot","FierceCharge","GuardingStance+1","Outburst"],"picked":"Multislash+1","floor":19.0},{"not_picked":["HighKick","SpearedSweep","Slice_lor","ShrineToMusic","FleetEdge","FlowOfTheSword+1","FierceCharge","FervidEmotions"],"picked":"BattleCommand+1","floor":21.0},{"not_picked":["SinglePointStab+1","Quickness","Tailoring","AsThePrescriptOrders","FlamingDragonFist","CombatPreparation","FleetFootsteps","NightInTheBackstreets"],"picked":"GrazeTheGrass","floor":23.0},{"not_picked":["FleshFillet","CookingPrep","HandlingWork+1","FlyingSword+1","CoordinatedAssault","BackstreetsDash","FervidEmotions","DefenseOrder","PreemptiveStrike"],"picked":"SKIP","floor":25.0},{"not_picked":["UnavoidableGaze","FleshFillet","HandleRequest","SinglePointStab","SmokingPipe","Outburst","Wallop_lor+1","FrontalAssault","Rewind"],"picked":"Singing Bowl","floor":29.0},{"not_picked":["HighSpeedStabbing","SunsetBlade","PuppetBlockade","SpearedSweep+1","SmokingPipe+1","UnavoidableGaze","FieryDragonSlash","MultiBlock","EnergyCycle"],"picked":"Singing Bowl","floor":31.0},{"not_picked":["Deflect_lor","Tttonst","Observe"],"picked":"Singing Bowl","floor":33.0},{"not_picked":["PinpointShot","Clone+1","TraceOfFumes+1","NonstopAssault+1","MultiBlock+1","RhinoRam","DevastatingThrash+1","Mutilate+1","CombatPreparation+1"],"picked":"Singing Bowl","floor":35.0},{"not_picked":["DesperateStruggle+1","PinpointShot","SuppressingShot+1","UpbeatPerformance","GuardingStance+1","AsThePrescriptOrders+1","ExtractFuel","GrazeTheGrass+1","Eradication"],"picked":"Singing Bowl","floor":38.0},{"not_picked":["RatsGuideToSurvival","HighKick","Mutilate","BiAn+1","FrontalAssault+1","Pound","Clone","ReadyUp","TieShanKao"],"picked":"Singing Bowl","floor":39.0},{"not_picked":["SmokingPipe+1","Unlock1","EnergyStrike","ShrineToMusic","Commandeering","SharpSwipe+1","ScatteringSlash+1","LoosenUp+1","PinpointShot"],"picked":"Singing Bowl","floor":40.0},{"not_picked":["FieryWaltz","DefenseOrder+1","FleetFootsteps","SilentMist","GuidanceOfTheGears+1","Faith","Feast+1","SerpentSwordTechnique+1","StrongStrike+1"],"picked":"Singing Bowl","floor":41.0},{"not_picked":["HiddenBlade+1","Quickness+1","Wallop_lor","EnergyStrike+1","StructuralAnalysis","Feast","MindPrepared+1","BackAttack","CumulusWall"],"picked":"Singing Bowl","floor":42.0},{"not_picked":["DestructiveImpact+1","Ripple","WillBeTasty+1","Transpierce","Overcharge+1","TheRedNotes+1","BattleCommand","DefenseOrder+1","QuickAttack+1"],"picked":"Singing Bowl","floor":45.0},{"not_picked":["Brawl+1","CleanUp","FervidEmotions+1","SharpSwipe","HighKick","WaitUp","BladeWhirl+1","DesperateStruggle","Unlock1+1"],"picked":"Singing Bowl","floor":46.0},{"not_picked":["Juggling+1","WildCard","Wallop_lor","EmotionalTurbulence","Thrust+1","IronWall+1","HandlingWork+1","Quickness","CumulusWall+1"],"picked":"Singing Bowl","floor":48.0}],"player_experience":452365,"relics_obtained":[{"floor":6.0,"key":"ReplayFunnel"},{"floor":9.0,"key":"Nunchaku"},{"floor":11.0,"key":"PageOfNothingThere"},{"floor":14.0,"key":"Strawberry"},{"floor":23.0,"key":"Smiling Mask"},{"floor":25.0,"key":"Quantum Egg"},{"floor":26.0,"key":"Singing Bowl"},{"floor":40.0,"key":"PageOfOzma"},{"floor":42.0,"key":"PageOfBloodbath"},{"floor":43.0,"key":"Onion Ring"},{"floor":44.0,"key":"hubris:MysteriousPyramids"},{"floor":48.0,"key":"Happy Flower"},{"floor":49.0,"key":"Centennial Puzzle"}],"event_choices":[{"damage_healed":0.0,"max_hp_gain":0.0,"max_hp_loss":0.0,"gold_gain":0.0,"event_name":"Big Fish","player_choice":"Box","floor":2.0,"gold_loss":0.0,"damage_taken":0.0,"relics_obtained":["Replay:Ringing Soul"],"cards_obtained":["Regret"]},{"damage_healed":0.0,"max_hp_gain":0.0,"max_hp_loss":0.0,"gold_gain":0.0,"event_name":"betterThird:BetterSerpent","player_choice":"RENOUNCE","floor":5.0,"gold_loss":76.0,"damage_taken":76.0,"cards_obtained":["Enlightenment"]},{"damage_healed":0.0,"max_hp_gain":0.0,"max_hp_loss":0.0,"gold_gain":0.0,"cards_transformed":["LightDefense"],"event_name":"Transmorgrifier","player_choice":"Transformed","floor":7.0,"gold_loss":0.0,"damage_taken":0.0,"cards_obtained":["Commandeering"]},{"damage_healed":0.0,"max_hp_gain":0.0,"max_hp_loss":0.0,"gold_gain":0.0,"event_name":"N\u0027loth","player_choice":"Ignored","floor":28.0,"gold_loss":0.0,"damage_taken":0.0}],"is_beta":false,"boss_relics":[{"not_picked":["Philosopher\u0027s Stone","hubris:BlackHole"],"picked":"PageOfBlackSwan"},{"not_picked":["hubris:RunicObelisk","hubris:TerracottaHorce"],"picked":"Painkiller Herb"}],"items_purged_floors":[3,20,37],"is_endless":false,"potions_floor_spawned":[4,6,12,13,21,23,29,33,35,38,45,48],"ascension_level":4}}