{"host":"o4rzrhgcrsb15v7q","time":1614201759,"event":{"mods":["AchievementEnabler","BaseMod","Minty Spire (QoL Compilation)","Permanent Neow"],"gold_per_floor":[115,0,13,88,88,88,123,123,123,151,151,167,167,187,187,187,187],"floor_reached":16,"language":"ENG","playtime":1737,"items_purged":[],"score":219,"play_id":"90a97994-296a-493f-a5cb-7fef7a845246","local_time":"20210224132239","is_ascension_mode":true,"campfire_choices":[{"floor":6,"key":"REST"},{"data":"Eruption","floor":8,"key":"SMITH"},{"data":"Vigilance","floor":15,"key":"SMITH"}],"circlet_count":0,"master_deck":["AscendersBane","Strike_P","Strike_P+1","Strike_P+1","Defend_P","Defend_P","Defend_P","Defend_P","Eruption+1","Vigilance+1","Tantrum","EmptyFist","Wallop","FollowUp","CutThroughFate","EmptyFist"],"relics":["VioletLotus","Lantern","Question Card","The Courier","Mango"],"acts_visited":["Exordium"],"potions_floor_usage":[10,16],"damage_taken":[{"damage":8,"enemies":"Small Slimes","floor":1,"turns":4},{"damage":2,"enemies":"2 Louse","floor":3,"turns":3},{"damage":24,"enemies":"Lagavulin","floor":7,"turns":8},{"damage":5,"enemies":"3 Sentries","floor":10,"turns":4},{"damage":0,"enemies":"Cultist","floor":12,"turns":3},{"damage":0,"enemies":"3 Louse","floor":14,"turns":2},{"damage":25,"enemies":"The Guardian","floor":16,"turns":7}],"seed_played":"4358993204416815185","potions_obtained":[{"floor":3,"key":"DuplicationPotion"},{"floor":7,"key":"Fruit Juice"},{"floor":10,"key":"Weak Potion"},{"floor":14,"key":"StancePotion"}],"is_trial":false,"path_per_floor":["M","$","M","?","?","R","E","R","T","E","?","M","?","M","R","B"],"character_chosen":"WATCHER","items_purchased":["EmptyFist","Wallop"],"campfire_rested":1,"item_purchase_floors":[2,2],"current_hp_per_floor":[53,53,51,40,20,40,16,16,16,16,9,9,23,23,23,0,0],"gold":187,"neow_bonus":"BOSS_RELIC","is_daily":false,"chose_seed":false,"campfire_upgraded":2,"win_rate":0.0,"timestamp":1614201759,"path_taken":["M","$","M","?","?","R","E","R","T","E","?","M","?","?","R","BOSS"],"items_purchased_type":["Card","Card"],"build_version":"2020-12-22","purchased_purges":0,"victory":false,"max_hp_per_floor":[68,68,68,68,68,68,68,68,68,73,73,73,87,87,87,87,87],"card_choices":[{"not_picked":["BowlingBash","Consecrate"],"picked":"Tantrum","floor":1},{"not_picked":["CrushJoints","ThirdEye"],"picked":"FollowUp","floor":3},{"not_picked":["SashWhip","Crescendo","Vengeance"],"picked":"SKIP","floor":7},{"not_picked":["Evaluate","SashWhip","WaveOfTheHand","Weave"],"picked":"SKIP","floor":10},{"not_picked":["WheelKick","Crescendo","Study"],"picked":"CutThroughFate","floor":12},{"not_picked":["Crescendo","SashWhip","ForeignInfluence"],"picked":"EmptyFist","floor":14}],"player_experience":1939423,"relics_obtained":[{"floor":7,"key":"Lantern"},{"floor":9,"key":"Question Card"},{"floor":10,"key":"The Courier"}],"event_choices":[{"damage_healed":0,"gold_gain":75,"player_choice":"Gather Gold","damage_taken":11,"max_hp_gain":0,"max_hp_loss":0,"event_name":"World of Goop","floor":4,"gold_loss":0},{"damage_healed":0,"gold_gain":0,"player_choice":"Entered Light","damage_taken":20,"max_hp_gain":0,"max_hp_loss":0,"event_name":"Shining Light","floor":5,"gold_loss":0,"cards_upgraded":["Strike_P","Strike_P"]},{"cards_removed":["Strike_P"],"damage_healed":0,"gold_gain":0,"player_choice":"Card Removal","damage_taken":7,"max_hp_gain":0,"max_hp_loss":0,"event_name":"Golden Wing","floor":11,"gold_loss":0},{"damage_healed":0,"gold_gain":0,"player_choice":"Gave Potion","damage_taken":0,"relics_obtained":["Mango"],"max_hp_gain":0,"max_hp_loss":0,"event_name":"WeMeetAgain","floor":13,"gold_loss":0}],"is_beta":false,"boss_relics":[],"items_purged_floors":[],"is_endless":false,"potions_floor_spawned":[3,7,10,14],"killed_by":"The Guardian","ascension_level":16}}