{"host":"3c8x8j1h2jyrixpf","time":1614136184,"event":{"mods":["BaseMod","Colored Powertips","Highlight Path","Minty Spire (QoL Compilation)","StSLib"],"gold_per_floor":[369,383,393,140,154,154,154,180,180,180,43,55,83,83,83,161,161,146,146,163,174,23,23,23],"floor_reached":23,"language":"ENG","playtime":1089,"items_purged":["Pain","Strike_B","Strike_B"],"score":373,"play_id":"7da29c99-ec70-404e-b536-b0f4b608c1d4","local_time":"20210223210944","is_ascension_mode":true,"campfire_choices":[{"data":"Buffer","floor":6.0,"key":"SMITH"},{"data":"Sweeping Beam","floor":10.0,"key":"SMITH"},{"floor":15.0,"key":"REST"}],"circlet_count":0,"master_deck":["AscendersBane","Defend_B","Defend_B","Defend_B","Defend_B","Zap","Dualcast","Sweeping Beam+1","Buffer+1","Rebound","Rip and Tear","Glacier","Ball Lightning","Static Discharge","Turbo","Cold Snap","Echo Form","Steam","Barrage","Ball Lightning","Barrage"],"relics":["Cracked Core","Anchor","Kunai","Ornamental Fan","Strawberry","Inserter"],"acts_visited":["Exordium","TheCity"],"potions_floor_usage":[23],"damage_taken":[{"damage":3.0,"enemies":"Cultist","floor":1.0,"turns":3.0},{"damage":3.0,"enemies":"Small Slimes","floor":2.0,"turns":2.0},{"damage":1.0,"enemies":"2 Louse","floor":3.0,"turns":2.0},{"damage":0.0,"enemies":"Red Slaver","floor":5.0,"turns":3.0},{"damage":0.0,"enemies":"3 Sentries","floor":8.0,"turns":10.0},{"damage":7.0,"enemies":"Gremlin Gang","floor":12.0,"turns":4.0},{"damage":31.0,"enemies":"Lagavulin","floor":13.0,"turns":7.0},{"damage":41.0,"enemies":"Hexaghost","floor":16.0,"turns":13.0},{"damage":14,"enemies":"2 Thieves","floor":18,"turns":4},{"damage":1,"enemies":"Spheric Guardian","floor":20,"turns":6},{"damage":4,"enemies":"Snake Plant","floor":21,"turns":7},{"damage":47,"enemies":"Slavers","floor":23,"turns":3}],"seed_played":"6050912514202250071","potions_obtained":[{"floor":1.0,"key":"FearPotion"},{"floor":2.0,"key":"SkillPotion"},{"floor":8.0,"key":"EssenceOfSteel"},{"floor":13.0,"key":"DuplicationPotion"},{"floor":16.0,"key":"SteroidPotion"}],"is_trial":false,"path_per_floor":["M","M","M","$","M","R","?","E","T","R","$","M","E","?","R","B",null,"M","?","M","M","$","E"],"character_chosen":"DEFECT","items_purchased":["Rip and Tear","Anchor","Static Discharge","Barrage"],"campfire_rested":1,"item_purchase_floors":[4,4,11,22],"current_hp_per_floor":[65,62,61,61,61,61,54,54,54,54,54,47,23,23,47,6,63,49,49,48,44,44,0,0],"gold":23,"neow_bonus":"TWO_FIFTY_GOLD","is_daily":false,"chose_seed":false,"campfire_upgraded":2,"win_rate":0.0,"timestamp":1614136184,"path_taken":["M","M","?","$","M","R","?","E","T","R","$","M","E","?","R","BOSS","M","?","?","M","$","E"],"items_purchased_type":["Card","Relic","Card","Card"],"build_version":"2020-12-22","purchased_purges":3,"victory":false,"max_hp_per_floor":[75,75,75,75,75,75,75,75,75,75,75,75,82,82,82,82,82,82,82,82,82,82,82,82],"card_choices":[{"not_picked":["Streamline","Undo"],"picked":"Sweeping Beam","floor":1.0},{"not_picked":["Streamline","Turbo"],"picked":"Buffer","floor":2.0},{"not_picked":["Double Energy","Leap"],"picked":"Rebound","floor":3.0},{"not_picked":["Coolheaded","Hologram"],"picked":"Glacier","floor":5.0},{"not_picked":["Conserve Battery","Fission"],"picked":"Ball Lightning","floor":8.0},{"not_picked":["Reprogram","Compile Driver"],"picked":"Turbo","floor":12.0},{"not_picked":["Hologram","Rebound"],"picked":"Cold Snap","floor":13.0},{"not_picked":["Fission","Rainbow"],"picked":"Echo Form","floor":16.0},{"not_picked":["Stack","Go for the Eyes"],"picked":"Steam","floor":18},{"not_picked":["Rainbow","Redo"],"picked":"Barrage","floor":20},{"not_picked":["Go for the Eyes","Streamline"],"picked":"Ball Lightning","floor":21}],"player_experience":304290,"relics_obtained":[{"floor":8.0,"key":"Kunai"},{"floor":9.0,"key":"Ornamental Fan"},{"floor":13.0,"key":"Strawberry"}],"event_choices":[{"cards_removed":["Strike_B"],"damage_healed":0.0,"max_hp_gain":0.0,"max_hp_loss":0.0,"gold_gain":0.0,"event_name":"Golden Wing","player_choice":"Card Removal","floor":7.0,"gold_loss":0.0,"damage_taken":7.0},{"cards_removed":["Strike_B"],"damage_healed":0.0,"max_hp_gain":0.0,"max_hp_loss":0.0,"gold_gain":0.0,"event_name":"Bonfire Elementals","player_choice":"Offered Basic","floor":14.0,"gold_loss":0.0,"damage_taken":0.0},{"damage_healed":0,"gold_gain":0,"player_choice":"Ignored","damage_taken":0,"max_hp_gain":0,"max_hp_loss":0,"event_name":"N\u0027loth","floor":19,"gold_loss":0}],"is_beta":false,"boss_relics":[{"not_picked":["Empty Cage","SlaversCollar"],"picked":"Inserter"}],"items_purged_floors":[4,11,22],"is_endless":false,"potions_floor_spawned":[1,2,8,13,16],"killed_by":"Slavers","ascension_level":13}}