{"host":"7gquyva492f4udta","time":1614189037,"event":{"mods":["BaseMod","Minty Spire (QoL Compilation)"],"gold_per_floor":[150,150,180,234,285,333,13,13,13,64,115,48,48,84,84,228,228,263,296,337,352,5,5,5],"floor_reached":23,"language":"ENG","playtime":1329,"items_purged":["Strike_P","Defend_P"],"score":267,"play_id":"192ae55b-9683-4789-acd5-a1b5cb8951b0","local_time":"20210224115037","is_ascension_mode":true,"campfire_choices":[{"floor":8,"key":"REST"},{"floor":15,"key":"REST"}],"circlet_count":0,"master_deck":["Strike_P","Strike_P","Defend_P","Defend_P","Defend_P","Eruption","Vigilance","HandOfGreed","Evaluate","TalkToTheHand","ThirdEye","FollowUp","Deep Breath","Sanctity","FlurryOfBlows","Tantrum","Conclude","Establishment","Wireheading","Crescendo","Worship+1"],"relics":["PureWater","Nunchaku","Melange","Letter Opener","Gambling Chip","Golden Idol","Busted Crown","Toxic Egg 2"],"acts_visited":["Exordium","TheCity"],"potions_floor_usage":[6,10,21],"damage_taken":[{"damage":0,"enemies":"2 Louse","floor":1,"turns":4},{"damage":0,"enemies":"Cultist","floor":3,"turns":4},{"damage":5,"enemies":"Small Slimes","floor":4,"turns":5},{"damage":4,"enemies":"Exordium Wildlife","floor":5,"turns":6},{"damage":29,"enemies":"Lagavulin","floor":6,"turns":6},{"damage":8,"enemies":"Lots of Slimes","floor":10,"turns":4},{"damage":9,"enemies":"Gremlin Nob","floor":11,"turns":3},{"damage":0,"enemies":"2 Fungi Beasts","floor":14,"turns":2},{"damage":21,"enemies":"Hexaghost","floor":16,"turns":9},{"damage":0,"enemies":"Spheric Guardian","floor":18,"turns":2},{"damage":0,"enemies":"Chosen","floor":19,"turns":3},{"damage":0,"enemies":"Sentry and Sphere","floor":20,"turns":3},{"damage":34,"enemies":"Shelled Parasite and Fungi","floor":21,"turns":4},{"damage":19,"enemies":"Slavers","floor":23,"turns":1}],"seed_played":"-2879825198364317393","potions_obtained":[{"floor":1,"key":"EssenceOfSteel"},{"floor":6,"key":"Block Potion"},{"floor":18,"key":"SteroidPotion"}],"is_trial":false,"path_per_floor":["M","?","M","M","M","E","$","R","T","M","E","$","?","M","R","B",null,"M","M","M","M","$","E"],"character_chosen":"WATCHER","items_purchased":["Melange","Deep Breath","Tantrum","Toxic Egg 2"],"campfire_rested":2,"item_purchase_floors":[7,7,12,22],"current_hp_per_floor":[47,47,47,42,38,9,9,30,30,22,13,13,13,13,33,12,53,53,53,53,19,19,0,0],"gold":5,"neow_bonus":"RANDOM_COLORLESS_2","is_daily":false,"chose_seed":false,"campfire_upgraded":0,"win_rate":0.0,"timestamp":1614189037,"path_taken":["M","?","M","M","M","E","$","R","T","?","E","$","?","M","R","BOSS","M","M","M","M","$","E"],"items_purchased_type":["Relic","Card","Card","Relic"],"build_version":"2020-12-22","purchased_purges":2,"victory":false,"max_hp_per_floor":[72,72,72,72,72,72,72,72,72,72,72,72,67,67,67,67,67,67,67,67,67,67,67,67],"card_choices":[{"not_picked":["Metamorphosis","The Bomb"],"picked":"HandOfGreed","floor":0},{"not_picked":["EmptyFist","CrushJoints"],"picked":"Evaluate","floor":1},{"not_picked":["Study","ThirdEye"],"picked":"TalkToTheHand","floor":3},{"not_picked":["FlurryOfBlows","Consecrate"],"picked":"ThirdEye","floor":4},{"not_picked":["Alpha","Crescendo","Protect"],"picked":"SKIP","floor":5},{"not_picked":["Indignation","Evaluate"],"picked":"FollowUp","floor":6},{"not_picked":["CrushJoints","JustLucky"],"picked":"Sanctity","floor":10},{"not_picked":["LikeWater","Halt"],"picked":"FlurryOfBlows","floor":11},{"not_picked":["Consecrate","EmptyFist"],"picked":"Conclude","floor":14},{"not_picked":["Brilliance","Ragnarok"],"picked":"Establishment","floor":16},{"not_picked":[],"picked":"Wireheading","floor":18},{"not_picked":["PathToVictory+1"],"picked":"SKIP","floor":19},{"not_picked":[],"picked":"Crescendo","floor":20},{"not_picked":[],"picked":"Worship+1","floor":21}],"player_experience":321199,"relics_obtained":[{"floor":6,"key":"Nunchaku"},{"floor":9,"key":"Letter Opener"},{"floor":11,"key":"Gambling Chip"}],"event_choices":[{"cards_removed":["Strike_P"],"damage_healed":0,"gold_gain":0,"player_choice":"Purged","damage_taken":0,"max_hp_gain":0,"max_hp_loss":0,"event_name":"Purifier","floor":2,"gold_loss":0},{"damage_healed":0,"gold_gain":0,"player_choice":"Lose Max HP","damage_taken":0,"relics_obtained":["Golden Idol"],"max_hp_gain":0,"max_hp_loss":5,"event_name":"Golden Idol","floor":13,"gold_loss":0}],"is_beta":false,"boss_relics":[{"not_picked":["Calling Bell","HolyWater"],"picked":"Busted Crown"}],"items_purged_floors":[7,22],"is_endless":false,"potions_floor_spawned":[1,6,18],"killed_by":"Slavers","ascension_level":6}}