{"host":"c7r1zuzs2v4an8qo","time":1614185211,"event":{"mods":["BaseMod","Bestiary","Curses Come First","Minty Spire (QoL Compilation)","Relic Stats","StSLib"],"gold_per_floor":[109,9,9,26,36,36,62,62,89,117,117,136,136,7,7,85,85,96,113,80,98,116,147,147,147,147],"floor_reached":25,"language":"ENG","playtime":1149,"items_purged":["Strike_P"],"score":530,"play_id":"be4bc7d6-a7af-42df-8815-7621dcb2fe68","local_time":"20210224114651","is_ascension_mode":true,"campfire_choices":[{"data":"Eruption","floor":6,"key":"SMITH"},{"data":"Vigilance","floor":11,"key":"SMITH"},{"data":"Fasting2","floor":13,"key":"SMITH"},{"data":"BowlingBash","floor":15,"key":"SMITH"}],"circlet_count":0,"master_deck":["AscendersBane","Defend_P+1","Defend_P","Defend_P","Defend_P","Eruption+1","Vigilance+1","Tantrum+1","BowlingBash+1","CarveReality+1","BowlingBash+1","Fasting2+1","EmptyFist","LessonLearned","MentalFortress","LikeWater+1","TalkToTheHand","TalkToTheHand","Bite","Bite","Bite","Bite","Bite"],"relics":["Black Star","Akabeko","Art of War","Toy Ornithopter","Oddly Smooth Stone","Strawberry","Fusion Hammer","Bottled Flame","Omamori"],"acts_visited":["Exordium","TheCity"],"potions_floor_usage":[10,16,23,23,25],"damage_taken":[{"damage":1,"enemies":"Small Slimes","floor":1,"turns":5},{"damage":7,"enemies":"Jaw Worm","floor":4,"turns":5},{"damage":0,"enemies":"2 Louse","floor":5,"turns":2},{"damage":10,"enemies":"3 Sentries","floor":7,"turns":3},{"damage":0,"enemies":"Gremlin Nob","floor":10,"turns":2},{"damage":0,"enemies":"Gremlin Gang","floor":12,"turns":5},{"damage":0,"enemies":"Slime Boss","floor":16,"turns":5},{"damage":1,"enemies":"Spheric Guardian","floor":18,"turns":3},{"damage":19,"enemies":"3 Byrds","floor":19,"turns":4},{"damage":36,"enemies":"Snake Plant","floor":21,"turns":3},{"damage":0,"enemies":"Centurion and Healer","floor":22,"turns":7},{"damage":21,"enemies":"Book of Stabbing","floor":23,"turns":6},{"damage":14,"enemies":"Gremlin Leader","floor":25,"turns":2}],"seed_played":"-7690576785823579166","potions_obtained":[{"floor":7,"key":"Energy Potion"},{"floor":12,"key":"FearPotion"},{"floor":16,"key":"DuplicationPotion"},{"floor":23,"key":"Strength Potion"}],"is_trial":false,"path_per_floor":["M","$","?","M","M","R","E","?","T","E","R","M","R","$","R","B",null,"M","M","$","M","M","E","?","E"],"character_chosen":"WATCHER","items_purchased":["Fire Potion","BowlingBash","EmptyFist","TalkToTheHand"],"campfire_rested":0,"item_purchase_floors":[2,2,14,20],"current_hp_per_floor":[64,64,64,57,57,57,47,33,33,45,45,45,45,45,45,50,72,71,52,52,16,16,5,5,0,0],"gold":147,"neow_bonus":"BOSS_RELIC","is_daily":false,"chose_seed":false,"campfire_upgraded":4,"win_rate":0.0,"timestamp":1614185211,"path_taken":["M","$","?","M","M","R","E","?","T","E","R","M","R","$","R","BOSS","M","M","$","M","M","E","?","E"],"items_purchased_type":["Potion","Card","Card","Card"],"build_version":"2020-12-22","purchased_purges":1,"victory":false,"max_hp_per_floor":[72,72,72,72,72,72,72,72,72,79,79,79,79,79,79,79,79,79,79,79,79,79,79,55,55,55],"relic_stats":{"counters":[13,52],"Black Star":3,"Art of War":[2],"obtain_stats":[{"Bottled Flame":23,"Strawberry":10,"Oddly Smooth Stone":10,"Fusion Hammer":17,"Black Star":0,"Art of War":7,"Omamori":23,"PureWater":0,"Akabeko":7,"Toy Ornithopter":9},{"Bottled Flame":12,"Strawberry":5,"Oddly Smooth Stone":5,"Fusion Hammer":7,"Black Star":0,"Art of War":4,"Omamori":12,"PureWater":0,"Akabeko":4,"Toy Ornithopter":4},{"Bottled Flame":50,"Strawberry":17,"Oddly Smooth Stone":17,"Fusion Hammer":27,"Black Star":0,"Art of War":15,"Omamori":50,"PureWater":0,"Akabeko":15,"Toy Ornithopter":15}],"Toy Ornithopter":25},"card_choices":[{"not_picked":["Protect","Pray"],"picked":"Tantrum","floor":1},{"not_picked":["EmptyMind","PathToVictory"],"picked":"CarveReality","floor":4},{"not_picked":["CrushJoints","Meditate","JustLucky"],"picked":"SKIP","floor":5},{"not_picked":["Wireheading","Prostrate"],"picked":"BowlingBash","floor":7},{"not_picked":["CrushJoints","JustLucky","ClearTheMind"],"picked":"SKIP","floor":10},{"not_picked":["Adaptation","Wallop"],"picked":"Fasting2","floor":12},{"not_picked":["Judgement","Ragnarok"],"picked":"LessonLearned","floor":16},{"not_picked":["Study","FlyingSleeves"],"picked":"MentalFortress","floor":18},{"not_picked":["Collect","Conclude"],"picked":"LikeWater","floor":19},{"not_picked":["Evaluate","Pray+1","FollowUp"],"picked":"SKIP","floor":21},{"not_picked":["FollowUp","Collect"],"picked":"TalkToTheHand","floor":22},{"not_picked":["Pray","BowlingBash","EmptyFist"],"picked":"SKIP","floor":23}],"player_experience":1390343,"relics_obtained":[{"floor":7,"key":"Akabeko"},{"floor":7,"key":"Art of War"},{"floor":9,"key":"Toy Ornithopter"},{"floor":10,"key":"Oddly Smooth Stone"},{"floor":10,"key":"Strawberry"},{"floor":23,"key":"Bottled Flame"},{"floor":23,"key":"Omamori"}],"event_choices":[{"damage_healed":0,"gold_gain":0,"player_choice":"Grow","damage_taken":0,"max_hp_gain":0,"max_hp_loss":0,"event_name":"Living Wall","floor":3,"gold_loss":0,"cards_upgraded":["BowlingBash"]},{"damage_healed":0,"gold_gain":0,"player_choice":"Entered Light","damage_taken":14,"max_hp_gain":0,"max_hp_loss":0,"event_name":"Shining Light","floor":8,"gold_loss":0,"cards_upgraded":["Tantrum","Defend_P"]},{"damage_healed":0,"gold_gain":0,"player_choice":"Became a vampire","damage_taken":0,"max_hp_gain":0,"max_hp_loss":24,"event_name":"Vampires","floor":24,"gold_loss":0,"cards_obtained":["Bite","Bite","Bite","Bite","Bite"]}],"is_beta":false,"boss_relics":[{"not_picked":["Astrolabe","Philosopher\u0027s Stone"],"picked":"Fusion Hammer"}],"items_purged_floors":[14],"is_endless":false,"potions_floor_spawned":[7,12,16,21,23],"killed_by":"Gremlin Leader","ascension_level":13}}