{"host":"9c9syrivwe4sfpe0","time":1614136343,"event":{"mods":["AchievementEnabler","BaseMod","Colored Powertips","DeckTracker","GifTheSpireLib","Highlight Path","Minty Spire (QoL Compilation)","Quick Restart","Random Character Button","StSLib","SuperFastMode"],"gold_per_floor":[117,392,409,35,35,35,45,63,63,63,63,63,95,115,115,213,213,195,209,219,219,144,144,175,175,175,175,175,175,194,123,123,123,123],"floor_reached":33,"language":"ENG","playtime":586,"items_purged":[],"score":358,"play_id":"af81c46e-0beb-4772-a325-0b4f0f703b5c","local_time":"20210224141223","is_ascension_mode":true,"campfire_choices":[{"data":"Apotheosis","floor":6,"key":"SMITH"},{"floor":11,"key":"REST"},{"floor":15,"key":"RECALL"},{"floor":23,"key":"REST"},{"floor":25,"key":"REST"},{"floor":29,"key":"REST"},{"floor":32,"key":"REST"}],"circlet_count":0,"master_deck":["Strike_B","Strike_B","Strike_B","Strike_B","Defend_B","Defend_B","Defend_B","Defend_B","Zap+1","Dualcast","Dramatic Entrance","Barrage","Meteor Strike","Apotheosis+1","Doom and Gloom","Dramatic Entrance","Doom and Gloom","Steam","Core Surge","Leap","Electrodynamics","Blizzard","Defragment","Auto Shields","Leap","Stack","White Noise"],"relics":["FrozenCore","DollysMirror","Mummified Hand","Pear","Matryoshka","Orichalcum","Incense Burner","MutagenicStrength"],"acts_visited":["Exordium","TheCity"],"potions_floor_usage":[13,16,24,27,33],"damage_taken":[{"damage":12,"enemies":"Jaw Worm","floor":1,"turns":2},{"damage":1,"enemies":"Cultist","floor":3,"turns":4},{"damage":0,"enemies":"Small Slimes","floor":7,"turns":2},{"damage":0,"enemies":"Gremlin Gang","floor":8,"turns":1},{"damage":16,"enemies":"Gremlin Nob","floor":13,"turns":3},{"damage":3,"enemies":"Blue Slaver","floor":14,"turns":2},{"damage":36,"enemies":"Hexaghost","floor":16,"turns":7},{"damage":19,"enemies":"2 Thieves","floor":18,"turns":4},{"damage":19,"enemies":"Chosen","floor":19,"turns":5},{"damage":2,"enemies":"Sentry and Sphere","floor":20,"turns":3},{"damage":31,"enemies":"Book of Stabbing","floor":24,"turns":5},{"damage":0,"enemies":"Centurion and Healer","floor":27,"turns":1},{"damage":10,"enemies":"Shelled Parasite and Fungi","floor":30,"turns":5},{"damage":104,"enemies":"Champ","floor":33,"turns":13}],"seed_played":"-2834715827361742942","potions_obtained":[{"floor":7,"key":"Explosive Potion"},{"floor":8,"key":"FocusPotion"},{"floor":18,"key":"SmokeBomb"},{"floor":19,"key":"ColorlessPotion"},{"floor":24,"key":"Block Potion"}],"is_trial":false,"path_per_floor":["M","?","M","$","?","R","M","M","T","$","R","?","E","M","R","B",null,"M","M","M","?","?","R","E","R","T","M","?","R","M","$","R","B"],"character_chosen":"DEFECT","items_purchased":["Apotheosis","Doom and Gloom","DollysMirror","White Noise"],"campfire_rested":5,"item_purchase_floors":[4,4,4,31],"current_hp_per_floor":[56,56,55,55,55,55,55,55,55,55,75,75,69,66,66,30,71,52,33,31,31,31,56,25,50,50,50,50,75,65,65,85,0,0],"gold":123,"neow_bonus":"RANDOM_COLORLESS","is_daily":false,"chose_seed":false,"campfire_upgraded":1,"win_rate":0.0,"timestamp":1614136343,"path_taken":["M","?","M","?","?","R","?","M","T","$","R","?","E","M","R","BOSS","M","M","M","?","?","R","E","R","T","M","?","R","M","?","R","BOSS"],"items_purchased_type":["Card","Card","Relic","Card"],"build_version":"2020-12-22","purchased_purges":0,"victory":false,"max_hp_per_floor":[75,75,75,75,75,75,75,75,75,75,75,75,85,85,85,85,85,85,85,85,85,85,85,85,85,85,85,85,85,85,85,85,85,85],"card_choices":[{"not_picked":["Deep Breath","Forethought"],"picked":"Dramatic Entrance","floor":0},{"not_picked":["Gash","Turbo"],"picked":"Barrage","floor":1},{"not_picked":["Streamline","Heatsinks"],"picked":"Meteor Strike","floor":3},{"not_picked":["Chill","Coolheaded"],"picked":"Doom and Gloom","floor":7},{"not_picked":["Tempest","Streamline"],"picked":"Steam","floor":8},{"not_picked":["Lockon","Leap"],"picked":"Core Surge","floor":13},{"not_picked":["Hologram","Steam Power"],"picked":"Leap","floor":14},{"not_picked":["Buffer","Machine Learning"],"picked":"Electrodynamics","floor":16},{"not_picked":["Rebound+1","Coolheaded"],"picked":"Blizzard","floor":18},{"not_picked":["Reprogram","Leap"],"picked":"Defragment","floor":19},{"not_picked":["Redo","Recycle"],"picked":"Auto Shields","floor":20},{"not_picked":["Hologram","Rebound"],"picked":"Leap","floor":24},{"not_picked":["Go for the Eyes","FTL"],"picked":"Stack","floor":30}],"player_experience":855706,"relics_obtained":[{"floor":9,"key":"Mummified Hand"},{"floor":13,"key":"Pear"},{"floor":24,"key":"Matryoshka"},{"floor":26,"key":"Orichalcum"},{"floor":26,"key":"Incense Burner"}],"event_choices":[{"damage_healed":0,"gold_gain":275,"player_choice":"Desecrate","damage_taken":0,"max_hp_gain":0,"max_hp_loss":0,"event_name":"Golden Shrine","floor":2,"gold_loss":0,"cards_obtained":["Regret"]},{"cards_removed":["Regret"],"damage_healed":0,"gold_gain":0,"player_choice":"Removed Curses","damage_taken":0,"max_hp_gain":0,"max_hp_loss":0,"event_name":"Fountain of Cleansing","floor":5,"gold_loss":0},{"damage_healed":0,"gold_gain":0,"player_choice":"Grow","damage_taken":0,"max_hp_gain":0,"max_hp_loss":0,"event_name":"Living Wall","floor":12,"gold_loss":0,"cards_upgraded":["Zap"]},{"damage_healed":0,"gold_gain":0,"player_choice":"Smashed Altar","damage_taken":0,"max_hp_gain":0,"max_hp_loss":0,"event_name":"Forgotten Altar","floor":21,"gold_loss":0,"cards_obtained":["Decay"]},{"cards_removed":["Decay"],"damage_healed":0,"gold_gain":0,"player_choice":"Gave Gold","damage_taken":0,"max_hp_gain":0,"max_hp_loss":0,"event_name":"Beggar","floor":22,"gold_loss":75},{"damage_healed":0,"gold_gain":0,"player_choice":"Inject Mutagens","damage_taken":0,"relics_obtained":["MutagenicStrength"],"max_hp_gain":0,"max_hp_loss":0,"event_name":"Drug Dealer","floor":28,"gold_loss":0}],"is_beta":false,"boss_relics":[{"not_picked":["SlaversCollar","Busted Crown"],"picked":"FrozenCore"}],"items_purged_floors":[],"is_endless":false,"potions_floor_spawned":[7,8,18,19,24],"killed_by":"Champ","ascension_level":7}}