{"host":"5n1fl7z5i1vf7jan","time":1614146103,"event":{"mods":["BaseMod","Minty Spire (QoL Compilation)","Quick Restart","Relic Stats"],"gold_per_floor":[119,135,135,1,21,21,56,67,114,139,157,169,196,121,121,194,194,212,212,223,59,78,78,89,89,114,140,140,155,4,4,4,75,75,91,91,106,121,121,148,158,172,223,248,248,282,282,312,312,312,312,312,312,14,46,46,46],"floor_reached":56,"language":"ENG","playtime":3469,"items_purged":["Pain","Strike_B"],"score":2104,"play_id":"20ed6692-4ecb-4469-9a3c-bdb4fe986ce2","local_time":"20210223215503","is_ascension_mode":true,"campfire_choices":[{"data":"Streamline","floor":6.0,"key":"SMITH"},{"data":"Zap","floor":15.0,"key":"SMITH"},{"floor":23.0,"key":"REST"},{"data":"Biased Cognition","floor":25.0,"key":"SMITH"},{"data":"Electrodynamics","floor":28.0,"key":"SMITH"},{"data":"Go for the Eyes","floor":32.0,"key":"SMITH"},{"data":"Double Energy","floor":45.0,"key":"SMITH"},{"floor":47.0,"key":"RECALL"},{"data":"Electrodynamics","floor":49.0,"key":"SMITH"},{"data":"Reboot","floor":53.0,"key":"SMITH"}],"circlet_count":0,"master_deck":["AscendersBane","Strike_B","Defend_B","Defend_B","Defend_B","Defend_B","Zap+1","Dualcast","Go for the Eyes+1","Streamline+1","Ball Lightning","Self Repair","Biased Cognition+1","Conserve Battery","Cold Snap","Compile Driver","Sweeping Beam","Reboot+1","Doom and Gloom","Electrodynamics+1","Steam+1","Leap","Electrodynamics+1","Coolheaded+1","Coolheaded+1","Cold Snap","Double Energy+1","Leap+1","Static Discharge","Barrage","Seek"],"relics":["Inserter","WarpedTongs","Eternal Feather","Bag of Preparation","Vajra","Pantograph","SlaversCollar","Nilry\u0027s Codex","DataDisk","Incense Burner","Runic Pyramid","FossilizedHelix","CeramicFish","Pen Nib","Ice Cream","Bag of Marbles","Turnip"],"acts_visited":["Exordium","TheCity","TheBeyond","TheEnding"],"potions_floor_usage":[56],"damage_taken":[{"damage":7.0,"enemies":"Small Slimes","floor":1.0,"turns":4.0},{"damage":0.0,"enemies":"Cultist","floor":2.0,"turns":4.0},{"damage":2.0,"enemies":"2 Louse","floor":5.0,"turns":2.0},{"damage":15.0,"enemies":"Lagavulin","floor":7.0,"turns":8.0},{"damage":2.0,"enemies":"Exordium Wildlife","floor":8.0,"turns":2.0},{"damage":13.0,"enemies":"3 Sentries","floor":10.0,"turns":5.0},{"damage":0.0,"enemies":"Large Slime","floor":11.0,"turns":4.0},{"damage":7.0,"enemies":"2 Fungi Beasts","floor":12.0,"turns":3.0},{"damage":15.0,"enemies":"Lagavulin","floor":13.0,"turns":7.0},{"damage":23.0,"enemies":"Slime Boss","floor":16.0,"turns":9.0},{"damage":22.0,"enemies":"Spheric Guardian","floor":18.0,"turns":4.0},{"damage":18.0,"enemies":"3 Byrds","floor":20.0,"turns":3.0},{"damage":13.0,"enemies":"3 Cultists","floor":22.0,"turns":4.0},{"damage":21.0,"enemies":"Snake Plant","floor":24.0,"turns":3.0},{"damage":0.0,"enemies":"Gremlin Leader","floor":27.0,"turns":4.0},{"damage":0.0,"enemies":"Centurion and Healer","floor":29.0,"turns":5.0},{"damage":46.0,"enemies":"Automaton","floor":33.0,"turns":7.0},{"damage":12.0,"enemies":"Orb Walker","floor":35.0,"turns":5.0},{"damage":0.0,"enemies":"3 Shapes","floor":37.0,"turns":3.0},{"damage":8.0,"enemies":"3 Darklings","floor":38.0,"turns":2.0},{"damage":13.0,"enemies":"Nemesis","floor":40.0,"turns":6.0},{"damage":0.0,"enemies":"Jaw Worm Horde","floor":41.0,"turns":3.0},{"damage":15.0,"enemies":"Maw","floor":42.0,"turns":9.0},{"damage":9.0,"enemies":"Giant Head","floor":44.0,"turns":9.0},{"damage":0.0,"enemies":"Mind Bloom Boss Battle","floor":46.0,"turns":6.0},{"damage":0.0,"enemies":"Reptomancer","floor":48.0,"turns":6.0},{"damage":5.0,"enemies":"Awakened One","floor":50.0,"turns":14.0},{"damage":11.0,"enemies":"Donu and Deca","floor":51.0,"turns":8.0},{"damage":0.0,"enemies":"Shield and Spear","floor":55.0,"turns":4.0},{"damage":111,"enemies":"The Heart","floor":56,"turns":8}],"seed_played":"-159068680536713312","potions_obtained":[{"floor":7.0,"key":"AttackPotion"},{"floor":8.0,"key":"AttackPotion"},{"floor":11.0,"key":"SteroidPotion"},{"floor":13.0,"key":"BlessingOfTheForge"},{"floor":16.0,"key":"FocusPotion"},{"floor":20.0,"key":"DuplicationPotion"},{"floor":22.0,"key":"BlessingOfTheForge"},{"floor":29.0,"key":"PowerPotion"},{"floor":33.0,"key":"Block Potion"},{"floor":35.0,"key":"FearPotion"},{"floor":40.0,"key":"Regen Potion"},{"floor":44.0,"key":"Explosive Potion"},{"floor":48.0,"key":"SneckoOil"}],"is_trial":false,"path_per_floor":["M","M","?","$","M","R","E","M","T","E","M","M","E","?","R","B",null,"M","?","M","$","M","R","M","R","T","E","R","M","$","?","R","B",null,"M","?","M","M","?","E","M","M","T","E","R","?","R","E","R","B","B",null,"R","$","E","B"],"character_chosen":"DEFECT","items_purchased":["Ball Lightning","DataDisk","Leap","Static Discharge","FairyPotion","Barrage","Seek"],"campfire_rested":1,"item_purchase_floors":[4,21,30,54,54,54,54],"current_hp_per_floor":[57,57,57,57,55,55,50,48,48,45,52,55,47,47,56,55,67,52,31,20,20,17,50,29,41,41,48,60,67,67,67,71,39,63,51,51,58,57,57,51,58,50,50,48,63,71,71,71,71,71,67,70,71,71,71,0,0],"gold":46,"neow_bonus":"BOSS_RELIC","is_daily":false,"chose_seed":false,"campfire_upgraded":8,"win_rate":0.0,"timestamp":1614146103,"path_taken":["M","M","?","$","M","R","E","M","T","E","M","?","E","?","R","BOSS","M","?","M","$","M","R","M","R","T","E","R","M","$","?","R","BOSS","M","?","M","M","?","E","M","?","T","E","R","?","R","E","R","BOSS","BOSS","R","$","E","BOSS"],"items_purchased_type":["Card","Relic","Card","Card","Potion","Card","Card"],"build_version":"2020-12-22","purchased_purges":2,"victory":false,"max_hp_per_floor":[71,71,71,71,71,71,71,71,71,71,71,71,71,71,71,71,71,71,71,71,71,71,71,71,71,71,71,71,71,71,71,71,71,71,71,71,71,71,71,71,71,71,71,71,71,71,71,71,71,71,71,71,71,71,71,71,71],"relic_stats":{"Inserter":[80],"counters":[30,161],"Pantograph":23,"CeramicFish":36,"Eternal Feather":65,"Pen Nib":[7],"Turnip":[2],"Bag of Preparation":[50],"obtain_stats":[{"Ice Cream":46,"Inserter":0,"Nilry\u0027s Codex":19,"CeramicFish":43,"Vajra":10,"Eternal Feather":7,"Pen Nib":44,"Bag of Preparation":9,"Incense Burner":27,"WarpedTongs":3,"SlaversCollar":17,"DataDisk":21,"Pantograph":13,"Turnip":55,"Bag of Marbles":48,"Cracked Core":0,"FossilizedHelix":40,"Runic Pyramid":34},{"Ice Cream":25,"Inserter":0,"Nilry\u0027s Codex":11,"CeramicFish":23,"Vajra":6,"Eternal Feather":4,"Pen Nib":24,"Bag of Preparation":5,"Incense Burner":15,"WarpedTongs":2,"SlaversCollar":10,"DataDisk":12,"Pantograph":9,"Turnip":29,"Bag of Marbles":26,"Cracked Core":0,"FossilizedHelix":21,"Runic Pyramid":17},{"Ice Cream":121,"Inserter":0,"Nilry\u0027s Codex":52,"CeramicFish":106,"Vajra":25,"Eternal Feather":18,"Pen Nib":115,"Bag of Preparation":20,"Incense Burner":66,"WarpedTongs":8,"SlaversCollar":48,"DataDisk":55,"Pantograph":39,"Turnip":153,"Bag of Marbles":127,"Cracked Core":0,"FossilizedHelix":94,"Runic Pyramid":78}],"WarpedTongs":[153]},"card_choices":[{"not_picked":["Conserve Battery","Hello World"],"picked":"Go for the Eyes","floor":1.0},{"not_picked":["Doom and Gloom","Go for the Eyes"],"picked":"Streamline","floor":2.0},{"not_picked":["Force Field","Scrape"],"picked":"Self Repair","floor":5.0},{"not_picked":["Go for the Eyes","Fission"],"picked":"Biased Cognition","floor":7.0},{"not_picked":["Steam","Redo"],"picked":"Conserve Battery","floor":8.0},{"not_picked":["Heatsinks","Leap"],"picked":"Cold Snap","floor":10.0},{"not_picked":["Go for the Eyes","Turbo"],"picked":"Compile Driver","floor":11.0},{"not_picked":["Undo","Streamline","Auto Shields"],"picked":"SKIP","floor":12.0},{"not_picked":["Beam Cell","Machine Learning"],"picked":"Sweeping Beam","floor":13.0},{"not_picked":["Thunder Strike","Buffer"],"picked":"Reboot","floor":16.0},{"not_picked":["Go for the Eyes","Compile Driver"],"picked":"Doom and Gloom","floor":18.0},{"not_picked":["Redo","Ball Lightning","Rebound"],"picked":"SKIP","floor":20.0},{"not_picked":["Scrape","Tempest","Sweeping Beam"],"picked":"SKIP","floor":22.0},{"not_picked":["Beam Cell","Sunder","Double Energy"],"picked":"SKIP","floor":24.0},{"not_picked":["Melter","Undo"],"picked":"Electrodynamics","floor":27.0},{"not_picked":["Cold Snap","Turbo"],"picked":"Steam+1","floor":29.0},{"not_picked":["Amplify","All For One"],"picked":"Electrodynamics","floor":33.0},{"not_picked":["Conserve Battery","Compile Driver+1","Stack"],"picked":"SKIP","floor":35.0},{"not_picked":["Stack","Undo","Streamline"],"picked":"SKIP","floor":37.0},{"not_picked":["Compile Driver+1","Melter+1"],"picked":"Coolheaded","floor":38.0},{"not_picked":["Hologram","Turbo+1"],"picked":"Coolheaded+1","floor":40.0},{"not_picked":["Rebound+1","FTL"],"picked":"Cold Snap","floor":41.0},{"not_picked":["Sweeping Beam+1","Reinforced Body"],"picked":"Double Energy","floor":42.0},{"not_picked":["Conserve Battery","Cold Snap","Compile Driver"],"picked":"SKIP","floor":44.0},{"not_picked":["FTL","Ball Lightning+1"],"picked":"Leap+1","floor":46.0},{"not_picked":["Darkness","Sweeping Beam+1","Meteor Strike"],"picked":"SKIP","floor":48.0},{"not_picked":["Scrape","Sweeping Beam","Steam"],"picked":"SKIP","floor":55.0}],"player_experience":383623,"relics_obtained":[{"floor":7.0,"key":"Eternal Feather"},{"floor":9.0,"key":"Bag of Preparation"},{"floor":10.0,"key":"Vajra"},{"floor":13.0,"key":"Pantograph"},{"floor":19.0,"key":"Nilry\u0027s Codex"},{"floor":27.0,"key":"Incense Burner"},{"floor":40.0,"key":"FossilizedHelix"},{"floor":43.0,"key":"CeramicFish"},{"floor":44.0,"key":"Pen Nib"},{"floor":46.0,"key":"Ice Cream"},{"floor":48.0,"key":"Bag of Marbles"},{"floor":55.0,"key":"Turnip"}],"event_choices":[{"damage_healed":0.0,"max_hp_gain":0.0,"max_hp_loss":0.0,"gold_gain":0.0,"event_name":"Accursed Blacksmith","player_choice":"Rummage","floor":3.0,"gold_loss":0.0,"damage_taken":0.0,"relics_obtained":["WarpedTongs"],"cards_obtained":["Pain"]},{"cards_removed":["Strike_B"],"damage_healed":0.0,"max_hp_gain":0.0,"max_hp_loss":0.0,"gold_gain":0.0,"event_name":"The Cleric","player_choice":"Card Removal","floor":14.0,"gold_loss":75.0,"damage_taken":0.0},{"damage_healed":0.0,"max_hp_gain":0.0,"max_hp_loss":0.0,"gold_gain":0.0,"event_name":"Cursed Tome","player_choice":"Obtained Book","floor":19.0,"gold_loss":0.0,"damage_taken":21.0},{"cards_removed":["Strike_B"],"damage_healed":0.0,"max_hp_gain":0.0,"max_hp_loss":0.0,"gold_gain":0.0,"event_name":"Back to Basics","player_choice":"Elegance","floor":31.0,"gold_loss":0.0,"damage_taken":0.0},{"damage_healed":0.0,"max_hp_gain":0.0,"max_hp_loss":0.0,"gold_gain":0.0,"event_name":"SensoryStone","player_choice":"Memory 1","floor":36.0,"gold_loss":0.0,"damage_taken":0.0},{"damage_healed":0.0,"max_hp_gain":0.0,"max_hp_loss":0.0,"gold_gain":0.0,"event_name":"Upgrade Shrine","player_choice":"Upgraded","floor":39.0,"gold_loss":0.0,"damage_taken":0.0,"cards_upgraded":["Coolheaded"]},{"damage_healed":0.0,"max_hp_gain":0.0,"max_hp_loss":0.0,"gold_gain":0.0,"event_name":"MindBloom","player_choice":"Fight","floor":46.0,"gold_loss":0.0,"damage_taken":0.0}],"is_beta":false,"boss_relics":[{"not_picked":["Sozu","Pandora\u0027s Box"],"picked":"SlaversCollar"},{"not_picked":["Tiny House","SacredBark"],"picked":"Runic Pyramid"}],"items_purged_floors":[4,30],"is_endless":false,"potions_floor_spawned":[7,8,11,13,16,20,22,29,33,35,40,44,48,55],"killed_by":"The Heart","ascension_level":20}}