{"host":"s41rn2jhghpwfrvz","time":1614140870,"event":{"mods":["BaseMod","Minty Spire (QoL Compilation)","Quick Restart","Relic Stats","SuperFastMode"],"gold_per_floor":[119,119,129,144,194,228,228,261,261,294,307,321,352,366,366,441,441,452,452,467,467,107,22,57,57,82,102,102,128,108,134,134,211,211,227,242,242,257,271,303,303,303,303],"floor_reached":42,"language":"ENG","playtime":1350,"items_purged":["Warcry"],"score":1432,"play_id":"5a8ba334-19cb-4bad-8f3b-cc2973a57669","local_time":"20210224062750","daily_mods":["SealedDeck","Diverse","Elite Swarm"],"is_ascension_mode":true,"campfire_choices":[{"data":"ForeignInfluence","floor":7,"key":"SMITH"},{"data":"Acrobatics","floor":15,"key":"SMITH"},{"data":"Shrug It Off","floor":25,"key":"SMITH"},{"floor":28,"key":"RECALL"},{"data":"After Image","floor":32,"key":"SMITH"},{"data":"Skim","floor":41,"key":"SMITH"}],"circlet_count":0,"master_deck":["AscendersBane","Acrobatics+1","Shrug It Off+1","Swivel","Deflect","ForeignInfluence+1","Beam Cell","Gash+1","Scrape+1","After Image+1","After Image","After Image","Necronomicurse","Core Surge+1","Bouncing Flask","Skim+1"],"relics":["Burning Blood","Molten Egg 2","Question Card","Whetstone","Sundial","Pear","Busted Crown","Necronomicon","Kunai","Incense Burner","Juzu Bracelet","Lantern","Charon\u0027s Ashes","Anchor","Black Star","Paper Frog","Matryoshka"],"acts_visited":["Exordium","TheCity","TheBeyond"],"potions_floor_usage":[],"damage_taken":[{"damage":1,"enemies":"Small Slimes","floor":1,"turns":3},{"damage":7,"enemies":"2 Louse","floor":3,"turns":2},{"damage":0,"enemies":"Cultist","floor":4,"turns":3},{"damage":2,"enemies":"3 Sentries","floor":6,"turns":6},{"damage":0,"enemies":"Lagavulin","floor":8,"turns":3},{"damage":0,"enemies":"Gremlin Nob","floor":10,"turns":3},{"damage":1,"enemies":"Blue Slaver","floor":11,"turns":2},{"damage":0,"enemies":"Exordium Wildlife","floor":12,"turns":3},{"damage":0,"enemies":"Lagavulin","floor":13,"turns":4},{"damage":3,"enemies":"2 Fungi Beasts","floor":14,"turns":3},{"damage":0,"enemies":"Hexaghost","floor":16,"turns":4},{"damage":0,"enemies":"3 Byrds","floor":18,"turns":3},{"damage":24,"enemies":"Chosen","floor":20,"turns":4},{"damage":8,"enemies":"Book of Stabbing","floor":24,"turns":4},{"damage":2,"enemies":"Snake Plant","floor":27,"turns":3},{"damage":4,"enemies":"Gremlin Leader","floor":29,"turns":5},{"damage":6,"enemies":"Book of Stabbing","floor":31,"turns":3},{"damage":0,"enemies":"Champ","floor":33,"turns":5},{"damage":19,"enemies":"3 Darklings","floor":35,"turns":4},{"damage":0,"enemies":"Orb Walker","floor":36,"turns":3},{"damage":0,"enemies":"Maw","floor":38,"turns":5},{"damage":3,"enemies":"Spire Growth","floor":39,"turns":4},{"damage":23,"enemies":"Reptomancer","floor":40,"turns":5},{"damage":79,"enemies":"Nemesis","floor":42,"turns":10}],"seed_played":"8245936893587792896","potions_obtained":[{"floor":1,"key":"CultistPotion"},{"floor":4,"key":"SteroidPotion"}],"is_trial":true,"path_per_floor":["M","?","M","M","?","E","R","E","T","E","M","M","E","M","R","B",null,"M","?","M","?","$","?","E","R","T","M","R","E","?","E","R","B",null,"M","M","?","M","M","E","R","E"],"character_chosen":"IRONCLAD","items_purchased":["Kunai"],"campfire_rested":0,"item_purchase_floors":[22],"current_hp_per_floor":[73,66,65,71,64,68,68,74,74,75,75,75,85,85,85,85,85,85,64,46,63,63,63,61,61,61,65,65,67,67,67,67,73,82,69,75,75,81,84,67,67,0,0],"gold":303,"neow_bonus":"","is_daily":false,"chose_seed":false,"campfire_upgraded":5,"win_rate":0.0,"timestamp":1614140870,"path_taken":["M","?","M","M","?","E","R","E","T","E","M","M","E","M","R","BOSS","M","?","M","?","$","?","E","R","T","M","R","E","?","E","R","BOSS","M","M","?","M","M","E","R","E"],"items_purchased_type":["Relic"],"build_version":"2020-12-22","purchased_purges":1,"victory":false,"max_hp_per_floor":[75,75,75,75,75,75,75,75,75,75,75,75,85,85,85,85,85,85,85,85,85,85,85,85,85,85,85,85,85,85,85,85,85,85,85,85,85,85,85,85,85,85,85],"relic_stats":{"Busted Crown":24,"counters":[24,94],"Sundial":[66],"Charon\u0027s Ashes":[74],"Necronomicon":[11],"Juzu Bracelet":1,"Black Star":1,"Whetstone":["Gash","Scrape"],"Kunai":[45],"Question Card":18,"obtain_stats":[{"Lantern":26,"Pear":13,"Charon\u0027s Ashes":29,"Incense Burner":23,"Juzu Bracelet":24,"Whetstone":9,"Question Card":8,"Burning Blood":0,"Anchor":31,"Busted Crown":17,"Matryoshka":40,"Sundial":10,"Molten Egg 2":6,"Necronomicon":19,"Black Star":34,"Kunai":22,"Paper Frog":40},{"Lantern":14,"Pear":9,"Charon\u0027s Ashes":16,"Incense Burner":13,"Juzu Bracelet":14,"Whetstone":5,"Question Card":5,"Burning Blood":0,"Anchor":17,"Busted Crown":11,"Matryoshka":23,"Sundial":6,"Molten Egg 2":4,"Necronomicon":12,"Black Star":18,"Kunai":13,"Paper Frog":23},{"Lantern":47,"Pear":29,"Charon\u0027s Ashes":55,"Incense Burner":43,"Juzu Bracelet":47,"Whetstone":17,"Question Card":17,"Burning Blood":0,"Anchor":58,"Busted Crown":36,"Matryoshka":84,"Sundial":20,"Molten Egg 2":14,"Necronomicon":39,"Black Star":63,"Kunai":43,"Paper Frog":84}],"Burning Blood":101},"card_choices":[{"not_picked":["Clothesline","Cold Snap","Rupture"],"picked":"SKIP","floor":1},{"not_picked":["Noxious Fumes","Barrage","Thunderclap"],"picked":"SKIP","floor":3},{"not_picked":["Footwork","Streamline","Sucker Punch"],"picked":"SKIP","floor":4},{"not_picked":["Unload+1","Juggernaut","Berserk"],"picked":"SKIP","floor":6},{"not_picked":["Establishment","Impervious"],"picked":"After Image","floor":8},{"not_picked":["Brutality","Machine Learning","Corruption"],"picked":"After Image","floor":10},{"not_picked":["Cleave+1","Consecrate+1","ClearTheMind","Inflame"],"picked":"SKIP","floor":11},{"not_picked":["Double Energy","Anger+1","Backstab+1","Hello World"],"picked":"SKIP","floor":12},{"not_picked":["Impervious","Omniscience","Buffer"],"picked":"After Image","floor":13},{"not_picked":["Hemokinesis+1","Outmaneuver","Reflex","Coolheaded"],"picked":"SKIP","floor":14},{"not_picked":["Demon Form","MasterReality","Brutality"],"picked":"Meteor Strike+1","floor":16},{"not_picked":["Twin Strike+1","FlyingSleeves+1"],"picked":"SKIP","floor":18},{"not_picked":["Steam Power","Uppercut+1"],"picked":"SKIP","floor":20},{"not_picked":["DeusExMachina","Ragnarok+1"],"picked":"SKIP","floor":24},{"not_picked":["Acrobatics","Halt"],"picked":"SKIP","floor":27},{"not_picked":["Fission","Juggernaut"],"picked":"SKIP","floor":29},{"not_picked":["Judgement"],"picked":"Core Surge+1","floor":31},{"not_picked":["Dagger Spray+1","Vengeance+1"],"picked":"SKIP","floor":35},{"not_picked":["Wallop+1","Underhanded Strike+1"],"picked":"SKIP","floor":36},{"not_picked":["Power Through"],"picked":"Skim","floor":38},{"not_picked":["ClearTheMind","Finisher+1"],"picked":"SKIP","floor":39},{"not_picked":["Exhume","Brilliance+1"],"picked":"SKIP","floor":40}],"player_experience":2000188,"relics_obtained":[{"floor":6,"key":"Molten Egg 2"},{"floor":8,"key":"Question Card"},{"floor":9,"key":"Whetstone"},{"floor":10,"key":"Sundial"},{"floor":13,"key":"Pear"},{"floor":19,"key":"Necronomicon"},{"floor":24,"key":"Juzu Bracelet"},{"floor":26,"key":"Lantern"},{"floor":29,"key":"Charon\u0027s Ashes"},{"floor":31,"key":"Anchor"},{"floor":40,"key":"Paper Frog"},{"floor":40,"key":"Matryoshka"}],"event_choices":[{"cards_removed":["Adaptation"],"damage_healed":0,"gold_gain":0,"player_choice":"Card Removal","damage_taken":7,"max_hp_gain":0,"max_hp_loss":0,"event_name":"Golden Wing","floor":2,"gold_loss":0},{"damage_healed":0,"gold_gain":50,"player_choice":"Touch","damage_taken":7,"max_hp_gain":0,"max_hp_loss":0,"event_name":"FaceTrader","floor":5,"gold_loss":0},{"damage_healed":0,"gold_gain":0,"player_choice":"Obtained Book","damage_taken":21,"max_hp_gain":0,"max_hp_loss":0,"event_name":"Cursed Tome","floor":19,"gold_loss":0},{"damage_healed":17,"gold_gain":0,"player_choice":"Heal","damage_taken":0,"max_hp_gain":0,"max_hp_loss":0,"event_name":"The Library","floor":21,"gold_loss":0},{"damage_healed":0,"gold_gain":0,"player_choice":"Obtained Relic","damage_taken":0,"relics_obtained":["Incense Burner"],"max_hp_gain":0,"max_hp_loss":0,"event_name":"Addict","floor":23,"gold_loss":85},{"damage_healed":0,"gold_gain":0,"player_choice":"Bought 1 Potion","damage_taken":0,"max_hp_gain":0,"max_hp_loss":0,"event_name":"The Woman in Blue","floor":30,"gold_loss":0},{"damage_healed":0,"gold_gain":0,"cards_transformed":["Meteor Strike"],"player_choice":"Transformed","damage_taken":0,"max_hp_gain":0,"max_hp_loss":0,"event_name":"Transmorgrifier","floor":37,"gold_loss":0,"cards_obtained":["Bouncing Flask"]}],"is_beta":false,"boss_relics":[{"not_picked":["SacredBark","Sozu"],"picked":"Busted Crown"},{"not_picked":["Velvet Choker","Calling Bell"],"picked":"Black Star"}],"items_purged_floors":[22],"is_endless":false,"potions_floor_spawned":[1,4,11,12,13,16,18,24,29,31,35,39],"killed_by":"Nemesis","ascension_level":20}}