{"host":"h7xtspmc2x3i8s2i","time":1614158092,"event":{"mods":["2.2 Compatiblity","AchievementEnabler","Act Like it!","AlwaysNeverKeys","Aspiration","Astrologer","BaseMod","Bestiary","Better Altar","Better Match","Better Note","Better Sensory Stone","Better Skull","Better Third Choice","Better Vampires","Better-Laid Plans","Colored Map","Colored Powertips","Conjunction","Curses Come First","Defuse TimeMaze Blight","Dio Mod","Disable Question Mark Monsters","Dota2Spire","Downfall","EXCEPTION","Emptier Cage","Energized Spire","Evolution","Friendly Minions","GifTheSpireLib","Gold Saver","Gremlin Skip","Halation","Hubris","Hyrulean Relics","Jedi Mod","Key Reminder","Marked Mod","Minty Spire (QoL Compilation)","Permanent Neow","Potion Indicator Mod","Quick Restart","Random Character Button","Random Character Mod","Rare Cards Sparkle","Relic Filter","Relic Stats","Reliquary","Replay The Spire","SacredBarkPlus","Shop Mod","Smile Girya","Somnambulant","Spicy Shops","Spikes Relics","Spire Birthday Party","StSLib","Steal the Spire","Stuff the Spire","SuperFastMode","The Awakened One except there are too many feathers","The Blue Laboratory","The Cursed","The Death Knight","The Edgeheg","The Problem Sleuth","The Runesmith","The Wild Card","Trackpad","Transform Curses","Uncapped","Unceasing Turn Reminder","Virulent Crown","Wide Potions","everything is the same but u backflip on backflip","slay the spire mod where everything is the same but ironclad has a cowboy hat"],"gold_per_floor":[122,136,152,167,317,242,313,113,153,153,166,186,186,30,48,155,155,155,167,183,183,208,208,255,287,387,404,404,444,444,464,469,469],"floor_reached":32,"language":"ENG","playtime":1051,"items_purged":[],"score":428,"play_id":"c3f86b3e-d8f1-4b24-a4c0-99bc6f04426f","local_time":"20210224041452","is_ascension_mode":true,"campfire_choices":[{"floor":1,"key":"RECALL"},{"data":"TheCursedMod:Evocation","floor":8,"key":"SMITH"},{"data":"downfall:Icky","floor":13,"key":"SMITH"},{"data":"TheCursedMod:HellfireBreathing","floor":18,"key":"SMITH"},{"floor":23,"key":"REST"},{"floor":28,"key":"REST"}],"circlet_count":0,"master_deck":["TheCursedMod:CleanUpWorkshop","TheCursedMod:CursedSpellbook","TheCursedMod:CursedArmor","TheCursedMod:SpitefulPlan","TheCursedMod:LuckyCharm","TheCursedMod:ShockAndAwe","TheCursedMod:CircleOfBlood","TheCursedMod:CircleOfFocus","TheCursedMod:CircleOfAmplification","TheCursedMod:VoidForm","TheCursedMod:AbyssShockwave","TheCursedMod:Evocation+1","TheCursedMod:ManaBullet","TheCursedMod:AbyssShockwave+1","TheCursedMod:SpitefulPray","StuffTheSpire:FreeRealEstate","TheCursedMod:SurpriseAttack","CloudedMind","TheCursedMod:HellfireBreathing+1","TheCursedMod:VoidForm","TheCursedMod:LuckyCharm","TheCursedMod:NeowsMight","TheCursedMod:Grudge","TheCursedMod:RapidMovement+1","TheCursedMod:DemonicPact"],"relics":["TheCursedMod:OminousMark","EVO:Axolotl","downfall:HeartBlessingRed","downfall:HeartBlessingBlue","halation:PrussianBluePaint","MerchantsRug","theSleuth:AffinityCrow","hubris:Icosahedron","reliquary:TuningFork","trackpad:RapidFire","Ornamental Fan"],"acts_visited":["Exordium","TheCity"],"potions_floor_usage":[12,12,14,14,19,22],"damage_taken":[{"damage":0,"enemies":"2 Louse","floor":2,"turns":5},{"damage":4,"enemies":"Small Slimes","floor":3,"turns":6},{"damage":0,"enemies":"Cultist","floor":4,"turns":3},{"damage":10,"enemies":"Lagavulin","floor":9,"turns":4},{"damage":0,"enemies":"3 Louse","floor":11,"turns":1},{"damage":0,"enemies":"Gremlin Gang","floor":12,"turns":2},{"damage":7,"enemies":"downfall:FleeingMerchant","floor":14,"turns":4},{"damage":11,"enemies":"Exordium Thugs","floor":15,"turns":2},{"damage":0,"enemies":"IC_STATUS_ARCHETYPE","floor":16,"turns":5},{"damage":38,"enemies":"Spheric Guardian","floor":19,"turns":4},{"damage":0,"enemies":"downfall:LooterAlt2","floor":20,"turns":2},{"damage":12,"enemies":"Cultist and Chosen","floor":22,"turns":4},{"damage":35,"enemies":"Book of Stabbing","floor":25,"turns":4},{"damage":17,"enemies":"Sentry and Sphere","floor":27,"turns":4},{"damage":6,"enemies":"Gremlin Leader","floor":29,"turns":3},{"damage":14,"enemies":"Centurion and Healer","floor":31,"turns":5},{"damage":28,"enemies":"Shelled Parasite and Fungi","floor":32,"turns":3}],"seed_played":"3050053439037658075","potions_obtained":[{"floor":2,"key":"EssenceOfSteel"},{"floor":4,"key":"Ancient Potion"},{"floor":9,"key":"Conjunction:LightningMarble"},{"floor":12,"key":"BlessingOfTheForge"},{"floor":16,"key":"Ancient Potion"},{"floor":19,"key":"FearPotion"},{"floor":25,"key":"Elixir"},{"floor":31,"key":"jedi:holywater"}],"is_trial":false,"path_per_floor":["R","M","M","M","?","?","T","R","E","?","M","M","R","$","M","B",null,"R","M","M","?","M","R","T","E","?","M","R","E","?","M","M"],"character_chosen":"THE_CURSED","items_purchased":["MerchantsRug"],"campfire_rested":2,"item_purchase_floors":[14],"current_hp_per_floor":[75,75,71,71,71,71,71,81,75,75,75,77,77,72,63,63,85,85,47,47,47,37,62,62,29,29,16,41,37,37,25,0,0],"gold":469,"neow_bonus":"THREE_CARDS","is_daily":false,"chose_seed":false,"campfire_upgraded":3,"win_rate":0.0,"timestamp":1614158092,"path_taken":["R","M","M","M","?","?","T","R","E","?","?","M","R","$","M","BOSS","R","M","M","?","M","R","T","E","?","?","R","E","?","M","M"],"items_purchased_type":["Relic"],"build_version":"2020-12-22","purchased_purges":0,"victory":false,"max_hp_per_floor":[75,75,75,75,75,75,75,85,85,85,85,85,85,85,85,85,85,85,85,85,85,85,85,85,85,85,85,85,85,85,85,85,85],"relic_stats":{"counters":[17,60],"Ornamental Fan":[0],"obtain_stats":[{"keyreminder:keyreminder":1,"MerchantsRug":14,"hubris:Icosahedron":21,"TheCursedMod:OminousMark":0,"downfall:HeartBlessingRed":8,"trackpad:RapidFire":25,"downfall:HeartBlessingBlue":8,"halation:PrussianBluePaint":9,"Ornamental Fan":29,"theSleuth:AffinityCrow":17,"reliquary:TuningFork":24,"EVO:Axolotl":0},{"keyreminder:keyreminder":0,"MerchantsRug":7,"hubris:Icosahedron":11,"TheCursedMod:OminousMark":0,"downfall:HeartBlessingRed":3,"trackpad:RapidFire":13,"downfall:HeartBlessingBlue":3,"halation:PrussianBluePaint":4,"Ornamental Fan":15,"theSleuth:AffinityCrow":9,"reliquary:TuningFork":12,"EVO:Axolotl":0},{"keyreminder:keyreminder":0,"MerchantsRug":25,"hubris:Icosahedron":38,"TheCursedMod:OminousMark":0,"downfall:HeartBlessingRed":14,"trackpad:RapidFire":46,"downfall:HeartBlessingBlue":14,"halation:PrussianBluePaint":18,"Ornamental Fan":53,"theSleuth:AffinityCrow":32,"reliquary:TuningFork":42,"EVO:Axolotl":0}]},"card_choices":[{"not_picked":["TheCursedMod:CircleOfWindfury","TheCursedMod:CircleOfBlood"],"picked":"TheCursedMod:AbyssShockwave","floor":0},{"not_picked":["TheCursedMod:Obscuration","TheCursedMod:CursedBlade"],"picked":"TheCursedMod:Evocation","floor":2},{"not_picked":["TheCursedMod:RapidMovement","TheCursedMod:CircleOfAbyss"],"picked":"TheCursedMod:ManaBullet","floor":3},{"not_picked":["TheCursedMod:SmokeScreen","TheCursedMod:VitalStrike"],"picked":"TheCursedMod:AbyssShockwave","floor":4},{"not_picked":["TheCursedMod:AbyssShockwave","TheCursedMod:FuryStrike"],"picked":"TheCursedMod:SpitefulPray","floor":6},{"not_picked":["Swift Strike","Assess"],"picked":"StuffTheSpire:FreeRealEstate","floor":6},{"not_picked":["TheCursedMod:CursedShiv","TheCursedMod:Stigma"],"picked":"TheCursedMod:SurpriseAttack","floor":6},{"not_picked":["TheCursedMod:DoubleShield","TheCursedMod:StingEye","TheCursedMod:SpreadPlague"],"picked":"SKIP","floor":9},{"not_picked":["TheCursedMod:Stretching","TheCursedMod:HellsGateOpen","TheCursedMod:CursedBlade"],"picked":"SKIP","floor":11},{"not_picked":["TheCursedMod:CursedArmor","TheCursedMod:SpitefulStrike"],"picked":"TheCursedMod:HellfireBreathing","floor":12},{"not_picked":["TheCursedMod:FuryStrike","TheCursedMod:RapidMovement"],"picked":"TheCursedMod:VoidForm","floor":14},{"not_picked":["TheCursedMod:CircleOfFlame","TheCursedMod:CircleOfWindfury"],"picked":"TheCursedMod:LuckyCharm","floor":15},{"not_picked":["TheCursedMod:UltimatePain","TheCursedMod:ShockAndAwe"],"picked":"TheCursedMod:NeowsMight","floor":16},{"not_picked":["TheCursedMod:TroublousMinions","TheCursedMod:Mangle","TheCursedMod:PrepareRite"],"picked":"SKIP","floor":19},{"not_picked":["TheCursedMod:SmokeScreen","TheCursedMod:FuryStrike"],"picked":"TheCursedMod:Grudge","floor":20},{"not_picked":["TheCursedMod:CursedSpellbook","TheCursedMod:RavingStaff","TheCursedMod:SmokeScreen"],"picked":"SKIP","floor":22},{"not_picked":["TheCursedMod:CursedShiv+1","TheCursedMod:CircleOfFlame"],"picked":"TheCursedMod:RapidMovement+1","floor":25},{"not_picked":["TheCursedMod:VoidForm","TheCursedMod:HellsGateOpen","TheCursedMod:BloodBarrier"],"picked":"SKIP","floor":27},{"not_picked":["TheCursedMod:SoulReap+1","TheCursedMod:Hemoplague"],"picked":"TheCursedMod:DemonicPact","floor":29},{"not_picked":["TheCursedMod:SmokeScreen","TheCursedMod:Stretching","TheCursedMod:CursedBlade+1"],"picked":"SKIP","floor":31}],"player_experience":431892,"relics_obtained":[{"floor":9,"key":"halation:PrussianBluePaint"},{"floor":24,"key":"reliquary:TuningFork"},{"floor":25,"key":"trackpad:RapidFire"},{"floor":29,"key":"Ornamental Fan"}],"event_choices":[{"damage_healed":0,"gold_gain":0,"player_choice":"1","damage_taken":0,"max_hp_gain":0,"max_hp_loss":0,"event_name":"betterMatch:BetterMatch","floor":6,"gold_loss":0,"cards_obtained":["betterMatch:UncommonCard","betterMatch:ColorlessUncommonCard","betterMatch:CommonCard"]}],"is_beta":false,"boss_relics":[{"not_picked":["halation:CatFaceCupcake","Snecko Heart"],"picked":"theSleuth:AffinityCrow"}],"items_purged_floors":[],"is_endless":false,"potions_floor_spawned":[2,4,9,12,16,19,25,31],"killed_by":"Shelled Parasite and Fungi","ascension_level":4}}