{"host":"ibfpjm2kz059o009","time":1614177128,"event":{"mods":["AchievementEnabler","BaseMod","Block Reminder","Colored Powertips","DeckTracker","Googly Eyes","Key Reminder","Minty Spire (QoL Compilation)","Shop Mod","StSLib","Unceasing Turn Reminder","Weighted Paths"],"gold_per_floor":[114,21,21,36,36,66,81,111,186,186,211,226,226,241,241,341,341,356,356,371,371,371,401,401,416,466,62,77,77,107,107,107,207,207,222,237,272,272,49,49,79,109,184,199,199,199],"floor_reached":45,"language":"ENG","playtime":1990,"items_purged":[],"score":598,"play_id":"e4c4eb8e-575f-4297-af99-0ac42cc0f114","local_time":"20210224093208","daily_mods":["Heirloom","Colorless Cards","DeadlyEvents"],"is_ascension_mode":false,"campfire_choices":[{"data":"Cleave","floor":10.0,"key":"SMITH"},{"data":"Spot Weakness","floor":13.0,"key":"SMITH"},{"data":"Demon Form","floor":15.0,"key":"SMITH"},{"floor":24.0,"key":"REST"},{"floor":29.0,"key":"REST"},{"data":"Limit Break","floor":32.0,"key":"SMITH"},{"data":"Magnetism","floor":40.0,"key":"SMITH"}],"circlet_count":0,"master_deck":["Strike_R","Strike_R","Strike_R","Strike_R","Defend_R","Defend_R","Defend_R","Defend_R","Bash","Cleave","Iron Wave+1","Havoc","Inflame+1","Anger","Cleave+1","Spot Weakness+1","Sword Boomerang+1","Limit Break+1","Warcry+1","Heavy Blade","J.A.X.","Perfected Strike","Whirlwind","Dropkick","Metallicize","Anger+1","Sword Boomerang","Magnetism+1","Anger+1","Bandage Up+1","Mind Blast","Wild Strike","Havoc","Headbutt+1","Pummel+1","Thunderclap"],"relics":["Burning Blood","Magic Flower","Gremlin Horn","Sundial","Bottled Flame","Centennial Puzzle","SlaversCollar","Toy Ornithopter","Whetstone","Red Skull","Lee\u0027s Waffle","Bag of Marbles","Ice Cream","Runic Pyramid","HandDrill","Blood Vial","Mummified Hand","Blue Candle"],"acts_visited":["Exordium","TheCity","TheBeyond"],"potions_floor_usage":[],"damage_taken":[{"damage":5.0,"enemies":"Cultist","floor":1.0,"turns":4.0},{"damage":6.0,"enemies":"Jaw Worm","floor":4.0,"turns":3.0},{"damage":41.0,"enemies":"Lagavulin","floor":6.0,"turns":8.0},{"damage":6.0,"enemies":"2 Louse","floor":7.0,"turns":2.0},{"damage":25.0,"enemies":"Gremlin Nob","floor":8.0,"turns":4.0},{"damage":9.0,"enemies":"Blue Slaver","floor":12.0,"turns":3.0},{"damage":0.0,"enemies":"3 Louse","floor":14.0,"turns":1.0},{"damage":32.0,"enemies":"The Guardian","floor":16.0,"turns":7.0},{"damage":10.0,"enemies":"Spheric Guardian","floor":18.0,"turns":3.0},{"damage":15.0,"enemies":"2 Thieves","floor":20.0,"turns":3.0},{"damage":68.0,"enemies":"Book of Stabbing","floor":23.0,"turns":5.0},{"damage":21.0,"enemies":"Snecko","floor":25.0,"turns":4.0},{"damage":40.0,"enemies":"Centurion and Healer","floor":28.0,"turns":4.0},{"damage":37.0,"enemies":"Slavers","floor":30.0,"turns":3.0},{"damage":0.0,"enemies":"Snake Plant","floor":31.0,"turns":2.0},{"damage":34.0,"enemies":"Automaton","floor":33.0,"turns":6.0},{"damage":15.0,"enemies":"3 Shapes","floor":35.0,"turns":2.0},{"damage":15.0,"enemies":"3 Darklings","floor":36.0,"turns":3.0},{"damage":49.0,"enemies":"Maw","floor":37.0,"turns":7.0},{"damage":67.0,"enemies":"Giant Head","floor":41.0,"turns":7.0},{"damage":33,"enemies":"Reptomancer","floor":42,"turns":3},{"damage":10,"enemies":"Jaw Worm Horde","floor":44,"turns":2},{"damage":44,"enemies":"Giant Head","floor":45,"turns":5}],"seed_played":"1986488565424594500","potions_obtained":[{"floor":7.0,"key":"BloodPotion"},{"floor":8.0,"key":"Block Potion"},{"floor":14.0,"key":"EssenceOfSteel"},{"floor":18.0,"key":"DistilledChaos"},{"floor":30.0,"key":"SmokeBomb"},{"floor":35.0,"key":"Swift Potion"},{"floor":41.0,"key":"SpeedPotion"},{"floor":42,"key":"Ancient Potion"}],"is_trial":false,"path_per_floor":["M","$","?","M","?","E","M","E","T","R","T","M","R","M","R","B",null,"M","?","M","?","T","E","R","M","T","$","M","R","E","M","R","B",null,"M","M","M","?","$","R","E","E","T","M","E"],"character_chosen":"IRONCLAD","items_purchased":["Iron Wave","Havoc","Lee\u0027s Waffle","Bag of Marbles","Dropkick","Metallicize","HandDrill","Wild Strike","Havoc"],"campfire_rested":2,"item_purchase_floors":[2,2,27,27,27,27,39,39,39],"current_hp_per_floor":[80,80,80,80,80,48,51,59,59,59,59,59,59,68,68,45,80,79,79,73,73,73,14,38,26,26,87,56,82,54,71,71,46,87,81,75,44,97,97,97,42,21,21,23,0,0],"gold":199,"neow_bonus":"","is_daily":true,"chose_seed":false,"campfire_upgraded":5,"win_rate":0.0,"timestamp":1614177128,"path_taken":["M","?","?","?","?","E","?","?","T","R","?","?","R","M","R","BOSS","M","?","M","?","?","E","R","M","T","$","M","R","E","M","R","BOSS","M","?","?","?","$","R","E","?","T","M","?"],"items_purchased_type":["Card","Card","Relic","Relic","Card","Card","Relic","Card","Card"],"build_version":"2020-12-22","purchased_purges":0,"victory":false,"max_hp_per_floor":[80,80,80,80,80,80,80,80,80,80,80,80,80,80,80,80,80,80,80,80,80,80,80,80,80,80,87,87,87,87,87,87,87,87,87,87,87,97,97,97,97,97,97,97,97,97],"card_choices":[{"not_picked":["Flex","Body Slam"],"picked":"Cleave","floor":1.0},{"not_picked":["Second Wind","Flash of Steel"],"picked":"Inflame","floor":4.0},{"not_picked":["Warcry","Flex"],"picked":"Anger","floor":6.0},{"not_picked":["Dark Embrace","Heavy Blade"],"picked":"Cleave","floor":7.0},{"not_picked":["Forethought","Feel No Pain"],"picked":"Demon Form","floor":8.0},{"not_picked":["Thunderclap","Pommel Strike"],"picked":"Spot Weakness","floor":12.0},{"not_picked":["Havoc","Shrug It Off"],"picked":"Sword Boomerang","floor":14.0},{"not_picked":["Chrysalis","Metamorphosis"],"picked":"Limit Break","floor":16.0},{"not_picked":["Pommel Strike","Feel No Pain"],"picked":"Warcry+1","floor":18.0},{"not_picked":["Evolve","Iron Wave"],"picked":"Heavy Blade","floor":20.0},{"not_picked":["Deep Breath","Enlightenment"],"picked":"Perfected Strike","floor":23.0},{"not_picked":["Perfected Strike","Sword Boomerang"],"picked":"Whirlwind","floor":25.0},{"not_picked":["Wild Strike","Rupture"],"picked":"Anger+1","floor":28.0},{"not_picked":["Metallicize","True Grit"],"picked":"Sword Boomerang","floor":30.0},{"not_picked":["Apotheosis","Panache"],"picked":"Magnetism","floor":33.0},{"not_picked":["Wild Strike+1","True Grit+1"],"picked":"Anger+1","floor":35.0},{"not_picked":["Pommel Strike","Perfected Strike"],"picked":"Bandage Up+1","floor":36.0},{"not_picked":["Pommel Strike+1","Ghostly Armor+1"],"picked":"Mind Blast","floor":37.0},{"not_picked":["Searing Blow","Wild Strike+1"],"picked":"Headbutt+1","floor":41.0},{"not_picked":["Dropkick+1","Power Through"],"picked":"Pummel+1","floor":42},{"not_picked":["Bludgeon","Iron Wave"],"picked":"Thunderclap","floor":44}],"player_experience":618324,"relics_obtained":[{"floor":6.0,"key":"Gremlin Horn"},{"floor":8.0,"key":"Sundial"},{"floor":9.0,"key":"Bottled Flame"},{"floor":11.0,"key":"Centennial Puzzle"},{"floor":22.0,"key":"Toy Ornithopter"},{"floor":23.0,"key":"Whetstone"},{"floor":26.0,"key":"Red Skull"},{"floor":30.0,"key":"Ice Cream"},{"floor":41.0,"key":"Blood Vial"},{"floor":42,"key":"Mummified Hand"},{"floor":43,"key":"Blue Candle"}],"event_choices":[{"cards_removed":["Strike_R"],"damage_healed":0.0,"max_hp_gain":0.0,"max_hp_loss":0.0,"gold_gain":0.0,"event_name":"Purifier","player_choice":"Purged","floor":3.0,"gold_loss":0.0,"damage_taken":0.0},{"damage_healed":0.0,"max_hp_gain":0.0,"max_hp_loss":0.0,"gold_gain":0.0,"event_name":"Living Wall","player_choice":"Grow","floor":5.0,"gold_loss":0.0,"damage_taken":0.0,"cards_upgraded":["Inflame"]},{"damage_healed":0.0,"max_hp_gain":0.0,"max_hp_loss":0.0,"gold_gain":0.0,"event_name":"Beggar","player_choice":"Ignored","floor":19.0,"gold_loss":0.0,"damage_taken":0.0},{"damage_healed":0.0,"max_hp_gain":0.0,"max_hp_loss":0.0,"gold_gain":0.0,"event_name":"Drug Dealer","player_choice":"Obtain J.A.X.","floor":21.0,"gold_loss":0.0,"damage_taken":0.0,"cards_obtained":["J.A.X."]},{"cards_removed":["Demon Form"],"damage_healed":43.0,"max_hp_gain":10.0,"max_hp_loss":0.0,"gold_gain":0.0,"event_name":"Bonfire Elementals","player_choice":"Offered Rare","floor":38.0,"gold_loss":0.0,"damage_taken":0.0}],"is_beta":false,"boss_relics":[{"not_picked":["Tiny House","Black Star"],"picked":"SlaversCollar"},{"not_picked":["Runic Cube","Coffee Dripper"],"picked":"Runic Pyramid"}],"items_purged_floors":[],"is_endless":false,"potions_floor_spawned":[7,8,14,18,30,31,35,41,42],"killed_by":"Giant Head","ascension_level":0}}