{"host":"mnpd8gh7cwxsn5kh","time":1614187010,"event":{"mods":["BaseMod","Bestiary","Block Reminder","Colored Map","Colored Powertips","Highlight Path","Minty Spire (QoL Compilation)","Relic Sorter","Relic Stats"],"gold_per_floor":[117,128,128,138,155,187,14,46,69,69,69,88,99,135,135,218,218,239,255,136,154,154,154,195,195,204,233,255,289,289,323,323,323,323],"floor_reached":33,"language":"ENG","playtime":2689,"items_purged":["Strike_B"],"score":650,"play_id":"b643ecc1-1105-49cc-8a5e-7d496d76c080","local_time":"20210224181650","is_ascension_mode":true,"campfire_choices":[{"data":"Sunder","floor":10.0,"key":"SMITH"},{"data":"Chill","floor":15.0,"key":"SMITH"},{"floor":23.0,"key":"REST"},{"floor":25.0,"key":"REST"},{"floor":30,"key":"REST"},{"floor":32,"key":"REST"}],"circlet_count":0,"master_deck":["AscendersBane","Defend_B","Defend_B","Defend_B","Defend_B","Zap","Dualcast","Sunder+1","FTL","Chill+1","Leap","Rebound","Cold Snap","Ball Lightning","Reboot","Machine Learning+1","Coolheaded","Coolheaded","Compile Driver","Fusion","Stack+1","Shame","Hologram","Capacitor","Rainbow"],"relics":["Cursed Key","Boot","Omamori","DataDisk","Blood Vial","CeramicFish","Calling Bell","Ancient Tea Set","Question Card","Peace Pipe","Potion Belt","Ornamental Fan","Blue Candle","Oddly Smooth Stone"],"acts_visited":["Exordium","TheCity"],"potions_floor_usage":[28,29],"damage_taken":[{"damage":2.0,"enemies":"Jaw Worm","floor":1.0,"turns":3.0},{"damage":0.0,"enemies":"Cultist","floor":2.0,"turns":3.0},{"damage":6.0,"enemies":"2 Louse","floor":4.0,"turns":2.0},{"damage":3.0,"enemies":"Exordium Wildlife","floor":5.0,"turns":4.0},{"damage":4.0,"enemies":"3 Sentries","floor":6.0,"turns":8.0},{"damage":12.0,"enemies":"Lagavulin","floor":8.0,"turns":8.0},{"damage":0.0,"enemies":"Gremlin Gang","floor":12.0,"turns":4.0},{"damage":0.0,"enemies":"Looter","floor":13.0,"turns":2.0},{"damage":1.0,"enemies":"3 Sentries","floor":14.0,"turns":7.0},{"damage":39.0,"enemies":"Hexaghost","floor":16.0,"turns":11.0},{"damage":16.0,"enemies":"2 Thieves","floor":18.0,"turns":4.0},{"damage":0.0,"enemies":"Spheric Guardian","floor":19.0,"turns":4.0},{"damage":34.0,"enemies":"Book of Stabbing","floor":24.0,"turns":7.0},{"damage":15.0,"enemies":"Cultist and Chosen","floor":27.0,"turns":9.0},{"damage":0,"enemies":"3 Cultists","floor":28,"turns":5},{"damage":6,"enemies":"Slavers","floor":29,"turns":7},{"damage":39,"enemies":"Gremlin Leader","floor":31,"turns":9},{"damage":83,"enemies":"Collector","floor":33,"turns":8}],"seed_played":"-7439856300192153863","potions_obtained":[{"floor":2.0,"key":"Fire Potion"},{"floor":3.0,"key":"Fire Potion"},{"floor":13.0,"key":"FairyPotion"},{"floor":16.0,"key":"Weak Potion"},{"floor":27.0,"key":"Explosive Potion"},{"floor":28,"key":"SteroidPotion"},{"floor":29,"key":"GamblersBrew"}],"is_trial":false,"path_per_floor":["M","M","?","M","M","E","$","E","T","R","?","M","M","E","R","B",null,"M","M","$","?","?","R","E","R","T","M","M","E","R","E","R","B"],"character_chosen":"DEFECT","items_purchased":["Omamori","Coolheaded"],"campfire_rested":4,"item_purchase_floors":[7,20],"current_hp_per_floor":[62,62,62,56,53,49,49,37,37,37,37,39,41,42,42,5,55,41,43,43,43,43,64,32,53,53,40,42,38,59,22,43,0,0],"gold":323,"neow_bonus":"BOSS_RELIC","is_daily":false,"chose_seed":false,"campfire_upgraded":2,"win_rate":0.0,"timestamp":1614187010,"path_taken":["M","M","?","M","?","E","?","E","T","R","?","M","?","E","R","BOSS","M","M","$","?","?","R","E","R","T","?","?","E","R","E","R","BOSS"],"items_purchased_type":["Relic","Card"],"build_version":"2020-12-22","purchased_purges":1,"victory":false,"max_hp_per_floor":[71,71,71,71,71,71,71,71,71,71,71,71,71,71,71,71,71,71,71,71,71,71,71,71,71,71,71,71,71,71,71,71,71,71],"relic_stats":{"Blood Vial":24,"Peace Pipe":0,"counters":[18,105],"Ornamental Fan":[36],"CeramicFish":99,"Blue Candle":[3],"Cursed Key":2,"Boot":[31],"Question Card":7,"obtain_stats":[{"Potion Belt":24,"CeramicFish":14,"Blue Candle":29,"Oddly Smooth Stone":31,"Omamori":7,"Cursed Key":0,"Boot":6,"Ancient Tea Set":17,"Question Card":17,"Blood Vial":9,"Calling Bell":17,"Peace Pipe":17,"DataDisk":8,"Ornamental Fan":26,"Cracked Core":0},{"Potion Belt":13,"CeramicFish":9,"Blue Candle":16,"Oddly Smooth Stone":17,"Omamori":5,"Cursed Key":0,"Boot":5,"Ancient Tea Set":10,"Question Card":10,"Blood Vial":6,"Calling Bell":10,"Peace Pipe":10,"DataDisk":6,"Ornamental Fan":13,"Cracked Core":0},{"Potion Belt":67,"CeramicFish":41,"Blue Candle":88,"Oddly Smooth Stone":97,"Omamori":20,"Cursed Key":0,"Boot":20,"Ancient Tea Set":52,"Question Card":52,"Blood Vial":28,"Calling Bell":52,"Peace Pipe":52,"DataDisk":28,"Ornamental Fan":67,"Cracked Core":0}]},"card_choices":[{"not_picked":["Turbo","Fusion"],"picked":"Sunder","floor":1.0},{"not_picked":["Beam Cell","Go for the Eyes"],"picked":"FTL","floor":2.0},{"not_picked":["Stack","Multi-Cast"],"picked":"Chill","floor":4.0},{"not_picked":["Go for the Eyes","Ball Lightning"],"picked":"Leap","floor":5.0},{"not_picked":["Go for the Eyes","Reprogram"],"picked":"Rebound","floor":6.0},{"not_picked":["Heatsinks","Blizzard"],"picked":"Cold Snap","floor":8.0},{"not_picked":["Cold Snap","Steam Power","Loop"],"picked":"SKIP","floor":12.0},{"not_picked":["Compile Driver","Conserve Battery"],"picked":"Ball Lightning","floor":13.0},{"not_picked":["Genetic Algorithm","Recycle"],"picked":"Reboot","floor":14.0},{"not_picked":["Reboot","Meteor Strike"],"picked":"Machine Learning","floor":16.0},{"not_picked":["Ball Lightning","Cold Snap","Static Discharge"],"picked":"Coolheaded","floor":18.0},{"not_picked":["Compile Driver","Steam","Fusion","Go for the Eyes"],"picked":"SKIP","floor":19.0},{"not_picked":["Auto Shields","Reboot","Thunder Strike"],"picked":"Stack+1","floor":24.0},{"not_picked":["Sweeping Beam","Scrape","Redo"],"picked":"Hologram","floor":27.0},{"not_picked":["Self Repair","Recycle","Barrage"],"picked":"Capacitor","floor":28},{"not_picked":["Steam+1","Conserve Battery","Heatsinks"],"picked":"Rainbow","floor":29},{"not_picked":["Steam","Capacitor","Sweeping Beam","Cold Snap"],"picked":"SKIP","floor":31}],"player_experience":701282,"relics_obtained":[{"floor":6.0,"key":"Boot"},{"floor":8.0,"key":"DataDisk"},{"floor":9.0,"key":"Blood Vial"},{"floor":14.0,"key":"CeramicFish"},{"floor":17.0,"key":"Ancient Tea Set"},{"floor":17.0,"key":"Question Card"},{"floor":17.0,"key":"Peace Pipe"},{"floor":24.0,"key":"Potion Belt"},{"floor":26.0,"key":"Ornamental Fan"},{"floor":29,"key":"Blue Candle"},{"floor":31,"key":"Oddly Smooth Stone"}],"event_choices":[{"damage_healed":0.0,"max_hp_gain":0.0,"max_hp_loss":0.0,"gold_gain":0.0,"event_name":"Lab","player_choice":"Got Potions","floor":3.0,"gold_loss":0.0,"damage_taken":0.0},{"cards_removed":["Strike_B"],"damage_healed":0.0,"max_hp_gain":0.0,"max_hp_loss":0.0,"gold_gain":0.0,"event_name":"Bonfire Elementals","player_choice":"Offered Basic","floor":11.0,"gold_loss":0.0,"damage_taken":0.0},{"damage_healed":0.0,"max_hp_gain":0.0,"max_hp_loss":0.0,"gold_gain":0.0,"cards_transformed":["Strike_B","Strike_B"],"event_name":"Drug Dealer","player_choice":"Became Test Subject","floor":21.0,"gold_loss":0.0,"damage_taken":0.0,"cards_obtained":["Compile Driver","Fusion"]},{"damage_healed":0.0,"max_hp_gain":0.0,"max_hp_loss":0.0,"gold_gain":0.0,"event_name":"Upgrade Shrine","player_choice":"Upgraded","floor":22.0,"gold_loss":0.0,"damage_taken":0.0,"cards_upgraded":["Machine Learning"]}],"is_beta":false,"boss_relics":[{"not_picked":["Coffee Dripper","Fusion Hammer"],"picked":"Calling Bell"}],"items_purged_floors":[20],"is_endless":false,"potions_floor_spawned":[2,4,5,13,16,18,27,28,29],"killed_by":"Collector","ascension_level":20}}