{"host":"dbkc9h3etq50r1dq","time":1614209130,"event":{"mods":["AchievementEnabler","BaseMod","Block Reminder","Colored Powertips","Curses Come First","Dark Map","Minty Spire (QoL Compilation)","Permanent Neow","Potion Indicator Mod","Rare Cards Sparkle","StSLib","SuperFastMode","Weighted Paths","≤–¡Ù÷ÆŒÔ"],"gold_per_floor":[214,214,60,60,78,78,118,137,161,179,195,22,58,82,82,201,201,214,227,252,252,276,276,296,296,320,395,436,436,470,35,35,155,218,238,238,263,263,113,113,156,156,156,174,214,234,274,294,294,294],"floor_reached":51,"language":"ZHS","playtime":2048,"items_purged":["PlaceholderMod:BaseStrike","PlaceholderMod:BaseStrike","PlaceholderMod:BaseDefend","PlaceholderMod:BaseDefend"],"score":887,"play_id":"b9e491a3-956a-42bd-a6f2-ea65dd65a927","local_time":"20210225072530","is_ascension_mode":false,"campfire_choices":[{"data":"PlaceholderMod:HardStrike","floor":6.0,"key":"SMITH"},{"floor":15.0,"key":"REST"},{"data":"PlaceholderMod:Activation","floor":23.0,"key":"SMITH"},{"data":"PlaceholderMod:Crystallization","floor":25.0,"key":"SMITH"},{"data":"PlaceholderMod:Eat","floor":29.0,"key":"SMITH"},{"data":"PlaceholderMod:Crystallization","floor":32.0,"key":"SMITH"},{"data":"PlaceholderMod:Activation","floor":40,"key":"SMITH"},{"data":"PlaceholderMod:HardStrike","floor":42,"key":"SMITH"},{"data":"PlaceholderMod:Hard","floor":49,"key":"SMITH"}],"circlet_count":0,"master_deck":["PlaceholderMod:BaseStrike","PlaceholderMod:BaseStrike","PlaceholderMod:BaseStrike","PlaceholderMod:BaseDefend","PlaceholderMod:BaseDefend","PlaceholderMod:Crystal","PlaceholderMod:PoisonWhip","PlaceholderMod:Hard+1","PlaceholderMod:HealingAttack","PlaceholderMod:HardStrike+1","PlaceholderMod:InnerStable+1","PlaceholderMod:HardStrike+1","PlaceholderMod:SeverePoisonStrike","PlaceholderMod:Crystallization+1","PlaceholderMod:DirectingGroup","PlaceholderMod:RadicalHit+1","PlaceholderMod:Activation+1","PlaceholderMod:HardStrike+1","PlaceholderMod:HardStrike","PlaceholderMod:ParasiteChange","PlaceholderMod:Activation+1","PlaceholderMod:Corrosion","PlaceholderMod:HighConcentration+1","PlaceholderMod:Eat+1","PlaceholderMod:HardStrike+1","PlaceholderMod:Crystallization+1","PlaceholderMod:Hard","PlaceholderMod:CrystallizationStrike+1","PlaceholderMod:CycleAttack+1","PlaceholderMod:HighConcentration","PlaceholderMod:TriggerStrike+1"],"relics":["PlaceholderMod:Tancle","Golden Idol","Bronze Scales","Regal Pillow","Ornamental Fan","PlaceholderMod:LiveLive","Whetstone","Potion Belt","Bag of Preparation","PlaceholderMod:SoulofChaos","Tiny House","Bottled Lightning","MealTicket","Juzu Bracelet","Anchor"],"acts_visited":["Exordium","TheCity","TheBeyond"],"potions_floor_usage":[48,50,50],"damage_taken":[{"damage":2.0,"enemies":"Jaw Worm","floor":1.0,"turns":6.0},{"damage":2.0,"enemies":"Small Slimes","floor":5.0,"turns":4.0},{"damage":20.0,"enemies":"Lagavulin","floor":7.0,"turns":8.0},{"damage":0.0,"enemies":"Cultist","floor":8.0,"turns":5.0},{"damage":7.0,"enemies":"Looter","floor":10.0,"turns":3.0},{"damage":0.0,"enemies":"Red Slaver","floor":11.0,"turns":4.0},{"damage":14.0,"enemies":"Gremlin Nob","floor":13.0,"turns":3.0},{"damage":0.0,"enemies":"Blue Slaver","floor":14.0,"turns":3.0},{"damage":14.0,"enemies":"The Guardian","floor":16.0,"turns":7.0},{"damage":5.0,"enemies":"Chosen","floor":18.0,"turns":4.0},{"damage":7.0,"enemies":"3 Byrds","floor":19.0,"turns":4.0},{"damage":6.0,"enemies":"Centurion and Healer","floor":20.0,"turns":5.0},{"damage":10.0,"enemies":"Snake Plant","floor":22.0,"turns":3.0},{"damage":2.0,"enemies":"Cultist and Chosen","floor":24.0,"turns":4.0},{"damage":7.0,"enemies":"Slavers","floor":28.0,"turns":4.0},{"damage":16.0,"enemies":"Gremlin Leader","floor":30.0,"turns":4.0},{"damage":1.0,"enemies":"Automaton","floor":33.0,"turns":6.0},{"damage":11,"enemies":"3 Shapes","floor":35,"turns":4},{"damage":0,"enemies":"Orb Walker","floor":37,"turns":2},{"damage":11,"enemies":"Nemesis","floor":41,"turns":8},{"damage":0,"enemies":"4 Shapes","floor":44,"turns":4},{"damage":0,"enemies":"Reptomancer","floor":45,"turns":5},{"damage":9,"enemies":"Jaw Worm Horde","floor":46,"turns":4},{"damage":0,"enemies":"Giant Head","floor":47,"turns":7},{"damage":0,"enemies":"Sphere and 2 Shapes","floor":48,"turns":4},{"damage":3,"enemies":"Awakened One","floor":50,"turns":11}],"seed_played":"-7929817612714637575","potions_obtained":[{"floor":5.0,"key":"SkillPotion"},{"floor":8.0,"key":"SpeedPotion"},{"floor":10.0,"key":"SteroidPotion"},{"floor":11.0,"key":"BlessingOfTheForge"},{"floor":14.0,"key":"PowerPotion"},{"floor":16.0,"key":"DistilledChaos"},{"floor":19.0,"key":"Dexterity Potion"},{"floor":20.0,"key":"SmokeBomb"},{"floor":30.0,"key":"Energy Potion"},{"floor":34,"key":"Fire Potion"},{"floor":41,"key":"SkillPotion"},{"floor":44,"key":"GamblersBrew"},{"floor":46,"key":"Block Potion"}],"is_trial":false,"path_per_floor":["M","?","$","?","M","R","E","M","T","M","M","$","E","M","R","B",null,"M","M","M","?","M","R","M","R","T","?","E","R","E","$","R","B",null,"M","?","M","?","$","R","E","R","T","M","E","M","E","M","R","B",null],"character_chosen":"THE_PLACEHOLDER","items_purchased":["PlaceholderMod:HealingAttack","PlaceholderMod:Crystallization","PlaceholderMod:Crystallization","PlaceholderMod:SoulofChaos"],"campfire_rested":1,"item_purchase_floors":[3,12,31,31],"current_hp_per_floor":[76,57,57,57,62,62,52,61,61,54,54,54,49,49,78,64,78,78,71,74,74,71,71,78,78,78,71,73,73,67,67,67,78,83,83,86,89,92,92,92,92,92,92,92,92,90,92,92,92,92],"gold":294,"neow_bonus":"HUNDRED_GOLD","is_daily":false,"chose_seed":false,"campfire_upgraded":8,"win_rate":0.0,"timestamp":1614209130,"path_taken":["M","?","$","?","M","R","E","?","T","M","M","$","E","M","R","BOSS","M","M","M","?","?","R","M","R","T","?","E","R","E","$","R","BOSS","M","?","?","?","$","R","E","R","T","M","E","M","E","M","R","BOSS"],"items_purchased_type":["Card","Card","Card","Relic"],"build_version":"2020-12-22","purchased_purges":4,"victory":true,"max_hp_per_floor":[78,78,78,78,78,78,78,78,78,78,78,78,78,78,78,78,78,78,78,78,78,78,78,78,78,78,78,78,78,78,78,78,78,83,83,86,89,92,92,92,92,92,92,92,92,92,92,92,92,92],"card_choices":[{"not_picked":["PlaceholderMod:PoisonExcitation","PlaceholderMod:Hyperplasia"],"picked":"PlaceholderMod:Hard","floor":1.0},{"not_picked":["PlaceholderMod:SpinBlade","PlaceholderMod:HornyBlast"],"picked":"PlaceholderMod:HardStrike","floor":5.0},{"not_picked":["PlaceholderMod:ProliferateStrike","PlaceholderMod:ConsolidateHit"],"picked":"PlaceholderMod:InnerStable","floor":7.0},{"not_picked":["PlaceholderMod:PoisonAbsorb","PlaceholderMod:Stable"],"picked":"PlaceholderMod:HardStrike","floor":8.0},{"not_picked":["PlaceholderMod:PoisonExcitation","PlaceholderMod:Polyp","PlaceholderMod:ContinueSpray"],"picked":"SKIP","floor":10.0},{"not_picked":["PlaceholderMod:PoisonAbsorb","PlaceholderMod:ProliferateStrike"],"picked":"PlaceholderMod:SeverePoisonStrike","floor":11.0},{"not_picked":["PlaceholderMod:PoisonBlast","PlaceholderMod:HardStinger"],"picked":"PlaceholderMod:DirectingGroup","floor":13.0},{"not_picked":["PlaceholderMod:SpinBlade","PlaceholderMod:TriggerStrike"],"picked":"PlaceholderMod:RadicalHit","floor":14.0},{"not_picked":["PlaceholderMod:Eat","PlaceholderMod:Inner"],"picked":"PlaceholderMod:Activation","floor":16.0},{"not_picked":["PlaceholderMod:SelectReaction","PlaceholderMod:SeverePoisonStrike+1"],"picked":"PlaceholderMod:HardStrike+1","floor":18.0},{"not_picked":["PlaceholderMod:SpinBlade","PlaceholderMod:ConsolidateHit"],"picked":"PlaceholderMod:HardStrike","floor":19.0},{"not_picked":["PlaceholderMod:ProliferateStrike","PlaceholderMod:SevereHeat"],"picked":"PlaceholderMod:ParasiteChange","floor":20.0},{"not_picked":["PlaceholderMod:DirectingGroup","PlaceholderMod:ContinueSpray+1"],"picked":"PlaceholderMod:Corrosion","floor":22.0},{"not_picked":["PlaceholderMod:StressReaction","PlaceholderMod:HardStinger"],"picked":"PlaceholderMod:HighConcentration+1","floor":24.0},{"not_picked":["PlaceholderMod:AttackAsDefend+1","PlaceholderMod:DissolvingSpikes"],"picked":"PlaceholderMod:Eat","floor":28.0},{"not_picked":["PlaceholderMod:HornyBlast","PlaceholderMod:ProliferateStrike+1"],"picked":"PlaceholderMod:HardStrike","floor":30.0},{"not_picked":["PlaceholderMod:TriggerStrike","PlaceholderMod:Package"],"picked":"PlaceholderMod:Hard","floor":34},{"not_picked":["PlaceholderMod:Hyperplasia","PlaceholderMod:SpinBlade+1"],"picked":"PlaceholderMod:CrystallizationStrike+1","floor":35},{"not_picked":["PlaceholderMod:TriggerStrike+1","PlaceholderMod:HornyBlast","PlaceholderMod:Stable"],"picked":"SKIP","floor":37},{"not_picked":["PlaceholderMod:InnerSoften","PlaceholderMod:ChainPoly"],"picked":"PlaceholderMod:CycleAttack+1","floor":41},{"not_picked":["PlaceholderMod:TriggerStrike+1","PlaceholderMod:Sweep","PlaceholderMod:EnergyAbsorb+1"],"picked":"SKIP","floor":44},{"not_picked":["PlaceholderMod:DissolvingSpikes+1","PlaceholderMod:EvolutionSpray+1","PlaceholderMod:UnpureUse"],"picked":"SKIP","floor":45},{"not_picked":["PlaceholderMod:SpinBlade+1","PlaceholderMod:ThreeBenzyolStart"],"picked":"PlaceholderMod:HighConcentration","floor":46},{"not_picked":["PlaceholderMod:Polyp+1","PlaceholderMod:RadicalHit+1"],"picked":"PlaceholderMod:TriggerStrike+1","floor":47},{"not_picked":["PlaceholderMod:TriggerStrike","PlaceholderMod:ConsolidateHit","PlaceholderMod:OHStrongAttack"],"picked":"SKIP","floor":48}],"player_experience":163381,"relics_obtained":[{"floor":7.0,"key":"Bronze Scales"},{"floor":9.0,"key":"Regal Pillow"},{"floor":13.0,"key":"Ornamental Fan"},{"floor":26.0,"key":"Whetstone"},{"floor":28.0,"key":"Potion Belt"},{"floor":30.0,"key":"Bag of Preparation"},{"floor":41,"key":"Bottled Lightning"},{"floor":43,"key":"MealTicket"},{"floor":45,"key":"Juzu Bracelet"},{"floor":47,"key":"Anchor"}],"event_choices":[{"damage_healed":0.0,"max_hp_gain":0.0,"max_hp_loss":0.0,"gold_gain":0.0,"event_name":"Golden Idol","player_choice":"Take Damage","floor":2.0,"gold_loss":0.0,"damage_taken":19.0,"relics_obtained":["Golden Idol"]},{"cards_removed":["PlaceholderMod:BaseDefend"],"damage_healed":0.0,"max_hp_gain":0.0,"max_hp_loss":0.0,"gold_gain":0.0,"event_name":"Purifier","player_choice":"Purged","floor":4.0,"gold_loss":0.0,"damage_taken":0.0},{"damage_healed":0.0,"max_hp_gain":0.0,"max_hp_loss":0.0,"gold_gain":0.0,"event_name":"Duplicator","player_choice":"Copied","floor":21.0,"gold_loss":0.0,"damage_taken":0.0,"cards_obtained":["PlaceholderMod:Activation"]},{"damage_healed":0.0,"max_hp_gain":0.0,"max_hp_loss":0.0,"gold_gain":75.0,"event_name":"FaceTrader","player_choice":"Touch","floor":27.0,"gold_loss":0.0,"damage_taken":7.0},{"damage_healed":0,"gold_gain":0,"player_choice":"Ignored","damage_taken":0,"max_hp_gain":0,"max_hp_loss":0,"event_name":"NoteForYourself","floor":36,"gold_loss":0},{"damage_healed":0,"gold_gain":0,"player_choice":"Ignored","damage_taken":0,"max_hp_gain":0,"max_hp_loss":0,"event_name":"Tomb of Lord Red Mask","floor":38,"gold_loss":0}],"is_beta":false,"boss_relics":[{"not_picked":["Cursed Key","SlaversCollar"],"picked":"PlaceholderMod:LiveLive"},{"not_picked":["Astrolabe","Black Star"],"picked":"Tiny House"}],"items_purged_floors":[3,12,31,39],"is_endless":false,"potions_floor_spawned":[5,8,10,11,14,16,19,20,30,41,44,46],"ascension_level":0}}