{"host":"mi0eibewekhugwl1","time":1614182400,"event":{"mods":["AchievementEnabler","BaseMod","Colored Map","Colored Powertips","DeckTracker","Keyboard Shortcuts","Minty Spire (QoL Compilation)","Quick Restart","Rare Cards Sparkle","Relic Stats","StSLib","SuperFastMode","everything is the same but u backflip on backflip"],"gold_per_floor":[115,40,56,56,56,56,66,66,66,66,83,95,95,95,95,95,95],"floor_reached":16,"language":"KOR","playtime":203,"items_purged":[],"score":180,"play_id":"2cddc2e3-94a3-49b2-883c-d2d8679eb1a6","local_time":"20210225010000","is_ascension_mode":true,"campfire_choices":[{"data":"Eruption","floor":6,"key":"SMITH"},{"floor":8,"key":"REST"},{"data":"WindmillStrike","floor":15,"key":"SMITH"}],"circlet_count":0,"master_deck":["AscendersBane","Strike_P","Strike_P","Strike_P+1","Strike_P+1","Defend_P+1","Defend_P","Defend_P","Eruption+1","Vigilance+1","WindmillStrike+1","FollowUp","EmptyMind"],"relics":["PureWater","Whetstone","Pantograph","CultistMask"],"acts_visited":["Exordium"],"potions_floor_usage":[16,16,16],"damage_taken":[{"damage":12,"enemies":"2 Louse","floor":1,"turns":3},{"damage":7,"enemies":"Jaw Worm","floor":3,"turns":4},{"damage":7,"enemies":"Small Slimes","floor":7,"turns":4},{"damage":13,"enemies":"3 Louse","floor":11,"turns":3},{"damage":10,"enemies":"Red Slaver","floor":12,"turns":4},{"damage":42,"enemies":"Hexaghost","floor":16,"turns":7}],"seed_played":"7902535655015785549","potions_obtained":[{"floor":1,"key":"FearPotion"},{"floor":7,"key":"GamblersBrew"},{"floor":11,"key":"EntropicBrew"}],"is_trial":false,"path_per_floor":["M","?","M","$","?","R","M","R","T","$","M","M","?","?","R","B"],"character_chosen":"WATCHER","items_purchased":[],"campfire_rested":1,"item_purchase_floors":[],"current_hp_per_floor":[55,55,48,48,26,26,19,41,41,41,28,18,7,7,7,0,0],"gold":95,"neow_bonus":"TEN_PERCENT_HP_BONUS","is_daily":false,"chose_seed":false,"campfire_upgraded":2,"win_rate":0.0,"timestamp":1614182400,"path_taken":["M","?","M","$","?","R","M","R","T","$","M","M","?","?","R","BOSS"],"items_purchased_type":[],"build_version":"2020-12-22","purchased_purges":0,"victory":false,"max_hp_per_floor":[74,74,74,74,74,74,74,74,74,74,74,74,74,74,74,74,74],"relic_stats":{"counters":[6,25],"Pantograph":25,"Whetstone":["Strike_P","Strike_P"],"obtain_stats":[{"Pantograph":13,"CultistMask":14,"Whetstone":9,"PureWater":0},{"Pantograph":5,"CultistMask":5,"Whetstone":3,"PureWater":0},{"Pantograph":18,"CultistMask":18,"Whetstone":11,"PureWater":0}]},"card_choices":[{"not_picked":["Meditate","FollowUp"],"picked":"WindmillStrike","floor":1},{"not_picked":["Prostrate","Wireheading","CarveReality"],"picked":"SKIP","floor":3},{"not_picked":["Collect","Pray"],"picked":"FollowUp","floor":7},{"not_picked":["Consecrate","ClearTheMind","BowlingBash"],"picked":"SKIP","floor":11},{"not_picked":["Evaluate","PathToVictory"],"picked":"EmptyMind","floor":12}],"player_experience":1826981,"relics_obtained":[{"floor":9,"key":"Whetstone"}],"event_choices":[{"cards_removed":["Defend_P"],"damage_healed":0,"gold_gain":0,"player_choice":"Card Removal","damage_taken":0,"max_hp_gain":0,"max_hp_loss":0,"event_name":"The Cleric","floor":2,"gold_loss":75},{"damage_healed":0,"gold_gain":0,"player_choice":"Entered Light","damage_taken":22,"max_hp_gain":0,"max_hp_loss":0,"event_name":"Shining Light","floor":5,"gold_loss":0,"cards_upgraded":["Vigilance","Defend_P"]},{"damage_healed":0,"gold_gain":0,"player_choice":"Success","damage_taken":11,"relics_obtained":["Pantograph"],"max_hp_gain":0,"max_hp_loss":0,"event_name":"Scrap Ooze","floor":13,"gold_loss":0},{"damage_healed":0,"gold_gain":0,"player_choice":"Trade","damage_taken":0,"relics_obtained":["CultistMask"],"max_hp_gain":0,"max_hp_loss":0,"event_name":"FaceTrader","floor":14,"gold_loss":0}],"is_beta":false,"boss_relics":[],"items_purged_floors":[],"is_endless":false,"potions_floor_spawned":[1,7,11,12],"killed_by":"Hexaghost","ascension_level":20}}