{"host":"069ovbzinfpenk8v","time":1614148356,"event":{"mods":["2.2 Compatiblity","AchievementEnabler","Act Like it!","BaseMod","Colored Map","Colored Powertips","Downfall","Highlight Path","Minty Spire (QoL Compilation)","Quick Restart","Random Character Button","Rare Cards Sparkle","Relic Stats","Replay The Spire","StSLib","SuperFastMode","Transform Curses"],"gold_per_floor":[99,99,99,15,72,107,107,107,92,103,103,119,119,137,148,148,148,148],"floor_reached":16,"language":"ENG","playtime":1578,"items_purged":[],"score":98,"play_id":"cd024383-9ff2-4384-a413-877e23edefd6","local_time":"20210224003236","is_ascension_mode":false,"campfire_choices":[{"floor":11.0,"key":"RECALL"}],"circlet_count":0,"master_deck":["sneckomod:Strike","sneckomod:Strike","sneckomod:Strike","sneckomod:Defend","sneckomod:Defend","sneckomod:Defend","sneckomod:TailWhip","sneckomod:SnekBite","Heatsinks","sneckomod:QuickBite","sneckomod:UnknownUncommonPower","expansioncontent:AwakenDeath","sneckomod:RainOfDice","FTL","sneckomod:SnekBeam","sneckomod:QuickBite","ReplaySort","sneckomod:MasterEye","sneckomod:UnknownUncommonPower"],"relics":["sneckomod:SneckoSoul","downfall:HeartsMalice","downfall:BrokenWingStatue","Incense Burner","ReplayTheSpireMod:Shallot","Gremlin Horn"],"acts_visited":["Exordium"],"potions_floor_usage":[16],"damage_taken":[{"damage":0.0,"enemies":"Cultist","floor":2.0,"turns":1.0},{"damage":0.0,"enemies":"downfall:FleeingMerchant","floor":4.0,"turns":1.0},{"damage":0.0,"enemies":"Lagavulin Event","floor":5.0,"turns":1.0},{"damage":34.0,"enemies":"Gremlin Nob","floor":6.0,"turns":6.0},{"damage":1.0,"enemies":"downfall:FleeingMerchant","floor":9.0,"turns":4.0},{"damage":14.0,"enemies":"Jaw Worm","floor":10.0,"turns":5.0},{"damage":0.0,"enemies":"2 Louse","floor":12.0,"turns":3.0},{"damage":7.0,"enemies":"downfall:LooterAlt","floor":14.0,"turns":2.0},{"damage":0,"enemies":"2 Fungi Beasts","floor":15,"turns":4},{"damage":115,"enemies":"IC_STATUS_ARCHETYPE","floor":16,"turns":15}],"seed_played":"-459303803866321706","potions_obtained":[{"floor":5.0,"key":"FairyPotion"},{"floor":12.0,"key":"Swift Potion"},{"floor":15,"key":"LiquidBronze"}],"is_trial":false,"path_per_floor":["R","M","?","$","?","E","T","R","$","M","R","M","R","M","M","B"],"character_chosen":"THE_SNECKO","items_purchased":["expansioncontent:AwakenDeath"],"campfire_rested":0,"item_purchase_floors":[4],"current_hp_per_floor":[90,90,90,90,90,56,56,56,55,48,48,48,48,41,41,0,0,0],"gold":148,"neow_bonus":"THREE_ENEMY_KILL","is_daily":false,"chose_seed":false,"campfire_upgraded":0,"win_rate":0.0,"timestamp":1614148356,"path_taken":["R","M","?","$","?","E","T","R","?","M","R","M","R","M","M","BOSS"],"items_purchased_type":["Card"],"build_version":"2020-12-22","purchased_purges":0,"victory":false,"max_hp_per_floor":[90,90,90,90,90,90,90,90,90,90,90,90,90,90,90,90,90,90],"relic_stats":{"Gremlin Horn":[2,2],"counters":[10,39],"obtain_stats":[{"downfall:BrokenWingStatue":3,"ReplayTheSpireMod:Shallot":6,"Gremlin Horn":7,"downfall:HeartsMalice":0,"Incense Burner":5,"sneckomod:SneckoSoul":0},{"downfall:BrokenWingStatue":1,"ReplayTheSpireMod:Shallot":4,"Gremlin Horn":4,"downfall:HeartsMalice":0,"Incense Burner":2,"sneckomod:SneckoSoul":0},{"downfall:BrokenWingStatue":0,"ReplayTheSpireMod:Shallot":6,"Gremlin Horn":6,"downfall:HeartsMalice":0,"Incense Burner":0,"sneckomod:SneckoSoul":0}]},"card_choices":[{"not_picked":["sneckomod:WideSting","sneckomod:UnknownBlock"],"picked":"sneckomod:QuickBite","floor":2.0},{"not_picked":["sneckomod:UnknownUncommonSkill","sneckomod:DiceBlock"],"picked":"sneckomod:UnknownUncommonPower","floor":4.0},{"not_picked":["sneckomod:SnekBeam","sneckomod:UnknownDraw"],"picked":"sneckomod:Unknown0Cost","floor":5.0},{"not_picked":["sneckomod:WideSting","sneckomod:Unknown0Cost"],"picked":"sneckomod:RainOfDice","floor":6.0},{"not_picked":["sneckomod:SoulRoll","sneckomod:SerpentIdol"],"picked":"sneckomod:SnekBeam","floor":9.0},{"not_picked":["sneckomod:Unknown1Cost","sneckomod:UnknownBoss"],"picked":"sneckomod:QuickBite","floor":10.0},{"not_picked":["sneckomod:IronFang","sneckomod:CheapStock","sneckomod:ImprovisedGuard"],"picked":"SKIP","floor":12.0},{"not_picked":["sneckomod:UnknownBlock","sneckomod:UnknownCommonAttack"],"picked":"sneckomod:MasterEye","floor":14.0},{"not_picked":["sneckomod:SerpentIdol","sneckomod:UnknownVulnerable"],"picked":"sneckomod:UnknownUncommonPower","floor":15}],"player_experience":590989,"relics_obtained":[{"floor":6.0,"key":"ReplayTheSpireMod:Shallot"},{"floor":7.0,"key":"Gremlin Horn"}],"event_choices":[],"is_beta":false,"boss_relics":[],"items_purged_floors":[],"is_endless":false,"potions_floor_spawned":[5,12,15],"killed_by":"IC_STATUS_ARCHETYPE","ascension_level":0}}