{"host":"7wi4qgm5yw4j7oz0","time":1614175209,"event":{"mods":["AchievementEnabler","BaseMod","Block Reminder","Colored Map","Colored Powertips","Highlight Path","Minty Spire (QoL Compilation)","Permanent Neow","Random Character Button","StSLib","SuperFastMode","everything is the same but u backflip on backflip"],"gold_per_floor":[116,116,136,147,72,72,99,99,99,130,130,145,53,65,65,136,136,152,152,152,167,180,180,180,180],"floor_reached":24,"language":"KOR","playtime":802,"items_purged":[],"score":391,"play_id":"bdfca47b-8dbe-4135-817e-9045ece1c22f","local_time":"20210224230009","is_ascension_mode":true,"campfire_choices":[{"data":"Blood for Blood","floor":6,"key":"SMITH"},{"floor":11,"key":"REST"},{"data":"Fire Breathing","floor":15,"key":"SMITH"},{"floor":23,"key":"REST"}],"circlet_count":0,"master_deck":["AscendersBane","Defend_R","Defend_R","Defend_R","Defend_R","Bash","Blood for Blood+1","Headbutt","Evolve","Fire Breathing+1","Ghostly Armor","Wild Strike","Jack Of All Trades","Uppercut","Feed","Mind Blast","Blind","Wild Strike"],"relics":["Burning Blood","Ginger","Peace Pipe","White Beast Statue","Mummified Hand","Empty Cage"],"acts_visited":["Exordium","TheCity"],"potions_floor_usage":[10,24],"damage_taken":[{"damage":9.0,"enemies":"Jaw Worm","floor":1.0,"turns":5.0},{"damage":8.0,"enemies":"Small Slimes","floor":3.0,"turns":3.0},{"damage":6.0,"enemies":"Cultist","floor":4.0,"turns":3.0},{"damage":32,"enemies":"Gremlin Nob","floor":7,"turns":4},{"damage":15,"enemies":"3 Sentries","floor":10,"turns":4},{"damage":5,"enemies":"3 Louse","floor":12,"turns":4},{"damage":1,"enemies":"Looter","floor":14,"turns":4},{"damage":12,"enemies":"Hexaghost","floor":16,"turns":8},{"damage":0,"enemies":"Chosen","floor":18,"turns":3},{"damage":18,"enemies":"Spheric Guardian","floor":21,"turns":4},{"damage":26,"enemies":"Centurion and Healer","floor":22,"turns":7},{"damage":54,"enemies":"Slavers","floor":24,"turns":4}],"seed_played":"7585210531775959359","potions_obtained":[{"floor":10,"key":"EntropicBrew"},{"floor":12,"key":"SneckoOil"},{"floor":18,"key":"Block Potion"}],"is_trial":false,"path_per_floor":["M","?","M","M","?","R","E","T","T","E","R","M","$","M","R","B",null,"M","?","?","M","M","R","E"],"character_chosen":"IRONCLAD","items_purchased":["Jack Of All Trades"],"campfire_rested":2,"item_purchase_floors":[13],"current_hp_per_floor":[65,58,56,56,56,56,30,30,30,21,43,44,44,49,49,43,67,73,73,54,45,28,52,0,0],"gold":180,"neow_bonus":"TRANSFORM_CARD","is_daily":false,"chose_seed":false,"campfire_upgraded":2,"win_rate":0.0,"timestamp":1614175209,"path_taken":["M","?","M","M","?","R","E","?","T","E","R","M","$","M","R","BOSS","M","?","?","?","M","R","E"],"items_purchased_type":["Card"],"build_version":"2020-12-22","purchased_purges":0,"victory":false,"max_hp_per_floor":[75,75,75,75,75,75,75,75,75,75,75,75,75,75,75,75,75,75,75,75,78,81,81,81,81],"card_choices":[{"not_picked":["Havoc","Armaments"],"picked":"Headbutt","floor":1.0},{"not_picked":["Cleave","Power Through"],"picked":"Evolve","floor":3.0},{"not_picked":["Iron Wave","Rupture"],"picked":"Fire Breathing","floor":4},{"not_picked":["Uppercut","Spot Weakness"],"picked":"Ghostly Armor","floor":7},{"not_picked":["Dual Wield","Inflame"],"picked":"Wild Strike","floor":10},{"not_picked":["Twin Strike","Cleave","Sever Soul"],"picked":"SKIP","floor":12},{"not_picked":["Cleave","Clash"],"picked":"Uppercut","floor":14},{"not_picked":["Bludgeon","Corruption"],"picked":"Feed","floor":16},{"not_picked":["Perfected Strike","Infernal Blade","True Grit"],"picked":"SKIP","floor":18},{"not_picked":["Iron Wave","Thunderclap"],"picked":"Wild Strike","floor":21},{"not_picked":["Armaments","True Grit","Uppercut"],"picked":"SKIP","floor":22}],"player_experience":369703,"relics_obtained":[{"floor":7,"key":"Ginger"},{"floor":8,"key":"Peace Pipe"},{"floor":9,"key":"White Beast Statue"},{"floor":10,"key":"Mummified Hand"}],"event_choices":[{"cards_removed":["Strike_R"],"damage_healed":0.0,"max_hp_gain":0.0,"max_hp_loss":0.0,"gold_gain":0.0,"event_name":"Golden Wing","player_choice":"Card Removal","floor":2.0,"gold_loss":0.0,"damage_taken":7.0},{"cards_removed":["Strike_R"],"damage_healed":0,"gold_gain":0,"player_choice":"Card Removal","damage_taken":0,"max_hp_gain":0,"max_hp_loss":0,"event_name":"The Cleric","floor":5,"gold_loss":75},{"damage_healed":0,"gold_gain":0,"player_choice":"Ignored","damage_taken":0,"max_hp_gain":0,"max_hp_loss":0,"event_name":"Vampires","floor":19,"gold_loss":0},{"damage_healed":0,"gold_gain":0,"player_choice":"CARD CARD ","damage_taken":19,"max_hp_gain":0,"max_hp_loss":0,"event_name":"Knowing Skull","floor":20,"potions_obtained":[],"gold_loss":0,"cards_obtained":["Mind Blast","Blind"]},{"damage_healed":0,"gold_gain":0,"player_choice":"CARD CARD ","damage_taken":19,"max_hp_gain":0,"max_hp_loss":0,"event_name":"Knowing Skull","floor":20,"potions_obtained":[],"gold_loss":0,"cards_obtained":["Mind Blast","Blind"]}],"is_beta":false,"boss_relics":[{"not_picked":["Black Star","SlaversCollar"],"picked":"Empty Cage"}],"items_purged_floors":[],"is_endless":false,"potions_floor_spawned":[10,12,14,16,18,21,22],"killed_by":"Slavers","ascension_level":18}}