{"host":"eeb412nj2w7f9cz8","time":1614172881,"event":{"mods":["ATMod(°¢èªMod)","Act Like it!","BaseMod","Downfall","Minty Spire (QoL Compilation)","StSLib"],"gold_per_floor":[99,114,128,128,278,309,362,382,282,302,152,152,62,106,125,229,229,129,23,42,42,42,42,42,55,55,67,52,52,52,115,130,334,334,234,234,384,123,134,269,269,285,307,327,373,391,391,63,75,175,175,308,111,111,111,211],"floor_reached":57,"language":"ZHS","playtime":5023,"items_purged":["downfall:Icky","champ:Strike","champ:Strike","champ:Strike","champ:Defend"],"score":1717,"play_id":"4f4202e4-1579-40bd-b3a8-8f50c230386a","local_time":"20210224212121","is_ascension_mode":false,"campfire_choices":[{"data":"AT_FamilyPortrait","floor":1,"key":"SMITH"},{"data":"champ:Taunt","floor":9,"key":"SMITH"},{"floor":12,"key":"RECALL"},{"data":"champ:RageSigil","floor":18,"key":"SMITH"},{"data":"champ:Lariat","floor":22,"key":"SMITH"},{"data":"champ:MurderStrike","floor":23,"key":"SMITH"},{"data":"champ:ShieldThrow","floor":26,"key":"SMITH"},{"data":"champ:LastStand","floor":30,"key":"SMITH"},{"data":"champ:SteelEdge","floor":35,"key":"SMITH"},{"data":"champ:Improvising","floor":47,"key":"SMITH"},{"data":"champ:Defend","floor":54,"key":"SMITH"}],"circlet_count":0,"master_deck":["champ:Defend","champ:Defend+1","champ:Execute+1","champ:Taunt+1","champ:ShieldThrow+1","champ:SteelEdge+1","AT_FamilyPortrait+1","champ:Lariat+1","champ:RageSigil+1","champ:LastStand+1","champ:StanceDance+1","champ:MurderStrike+1","champ:RageSigil+1","champ:HoldFirm+1","champ:Improvising+1","champ:CalledShot+1","champ:CalledShot+1","champ:DefensiveStyle+1","champ:IronFortress+1","champ:Parry+1"],"relics":["champ:ChampionCrownUpgraded","AT_ATBox","Thread and Needle","Bottled Flame","CeramicFish","downfall:HeartBlessingGreen","Toxic Egg 2","Coffee Dripper","downfall:HeartBlessingRed","AT_TheCollector","Chemical X","downfall:HeartBlessingBlue","Blue Candle","Bird Faced Urn","Orrery","Whetstone","Frozen Egg 2","CaptainsWheel","ClockworkSouvenir","AT_BellDemon","OrangePellets"],"acts_visited":["Exordium","TheCity","TheBeyond","TheEnding"],"potions_floor_usage":[3,16,28,37,49,50,55,56,56],"damage_taken":[{"damage":6,"enemies":"Jaw Worm","floor":2,"turns":2},{"damage":25,"enemies":"2 Louse","floor":3,"turns":2},{"damage":81,"enemies":"Lagavulin","floor":6,"turns":9},{"damage":0,"enemies":"Cultist","floor":8,"turns":5},{"damage":10,"enemies":"Exordium Thugs","floor":10,"turns":5},{"damage":5,"enemies":"downfall:FleeingMerchant","floor":13,"turns":4},{"damage":10,"enemies":"3 Sentries","floor":14,"turns":9},{"damage":0,"enemies":"3 Louse","floor":15,"turns":3},{"damage":0,"enemies":"IC_STATUS_ARCHETYPE","floor":16,"turns":7},{"damage":10,"enemies":"downfall:FleeingMerchant","floor":19,"turns":4},{"damage":0,"enemies":"Chosen","floor":20,"turns":4},{"damage":6,"enemies":"Spheric Guardian","floor":21,"turns":3},{"damage":0,"enemies":"Snake Plant","floor":25,"turns":3},{"damage":0,"enemies":"3 Cultists","floor":27,"turns":5},{"damage":15,"enemies":"downfall:FleeingMerchant","floor":28,"turns":4},{"damage":0,"enemies":"downfall:FleeingMerchant","floor":31,"turns":1},{"damage":0,"enemies":"Snecko","floor":32,"turns":3},{"damage":0,"enemies":"SI_MIRROR_ARCHETYPE","floor":33,"turns":8},{"damage":95,"enemies":"SI_MIRROR_ARCHETYPE","floor":37,"turns":6},{"damage":71,"enemies":"3 Shapes","floor":39,"turns":4},{"damage":45,"enemies":"Nemesis","floor":40,"turns":5},{"damage":30,"enemies":"Orb Walker","floor":42,"turns":1},{"damage":20,"enemies":"Jaw Worm Horde","floor":43,"turns":3},{"damage":39,"enemies":"Transient","floor":44,"turns":5},{"damage":55,"enemies":"2 Orb Walkers","floor":45,"turns":1},{"damage":0,"enemies":"Maw","floor":46,"turns":5},{"damage":20,"enemies":"4 Shapes","floor":49,"turns":3},{"damage":35,"enemies":"WA_ARCHETYPE_DIVINITY","floor":50,"turns":4},{"damage":59,"enemies":"downfall:CharBossMerchant","floor":52,"turns":3},{"damage":36,"enemies":"downfall:NeowBoss","floor":55,"turns":16},{"damage":30,"enemies":"downfall:NeowBossFinal","floor":56,"turns":10}],"seed_played":"-8566767198132548405","potions_obtained":[{"floor":3,"key":"Fruit Juice"},{"floor":8,"key":"FearPotion"},{"floor":14,"key":"Block Potion"},{"floor":20,"key":"champ:UltimateStancePotion"},{"floor":27,"key":"LiquidBronze"},{"floor":32,"key":"Explosive Potion"},{"floor":42,"key":"SneckoOil"},{"floor":52,"key":"Explosive Potion"}],"is_trial":false,"path_per_floor":["R","M","M","?","?","E","T","M","R","M","?","R","$","E","M","B",null,"R","$","M","M","R","R","T","M","R","M","$","T","R","$","M","B",null,"R","?","?","$","M","E","T","M","M","M","?","M","R","?","M","B",null,"E","$","R","B","B",null],"character_chosen":"THE_CHAMP","items_purchased":["Chemical X","Orrery","ClockworkSouvenir","OrangePellets","Strength Potion"],"campfire_rested":0,"item_purchase_floors":[31,38,48,53,53],"current_hp_per_floor":[63,57,62,50,50,14,14,14,14,14,105,105,105,105,105,105,105,105,105,105,99,99,99,99,99,99,99,99,99,99,99,99,99,105,115,110,110,110,110,115,115,115,115,108,108,115,115,115,115,115,115,106,106,106,101,87],"gold":211,"neow_bonus":"TRANSFORM_TWO_CARDS","is_daily":false,"chose_seed":false,"campfire_upgraded":10,"win_rate":0.0,"timestamp":1614172881,"path_taken":["R","M","M","?","?","E","T","M","R","M","?","R","$","E","M","BOSS","R","$","M","M","?","R","T","M","R","M","?","?","R","$","M","BOSS","R","?","?","$","M","E","T","M","M","M","?","M","R","?","M","BOSS","E","$","R","BOSS","BOSS"],"items_purchased_type":["Relic","Relic","Relic","Relic","Potion"],"build_version":"2020-12-22","purchased_purges":5,"victory":true,"max_hp_per_floor":[90,90,95,95,95,95,95,95,95,95,105,105,105,105,105,105,105,105,105,105,105,105,105,105,105,105,105,105,105,105,105,105,105,105,115,115,115,115,115,115,115,115,115,115,115,115,115,115,115,115,115,115,115,115,115,115],"card_choices":[{"not_picked":["champ:EnGarde","champ:FocusedBerserking"],"picked":"champ:Lariat","floor":2},{"not_picked":["champ:CrownThrow","champ:Duel"],"picked":"champ:RageSigil","floor":3},{"not_picked":["champ:BringItOn","champ:GutPunch","champ:PreemptiveStrike"],"picked":"SKIP","floor":6},{"not_picked":["champ:DefensiveShout","champ:SetATrap","champ:PreciseThrust"],"picked":"SKIP","floor":8},{"not_picked":["champ:ShieldSigil","champ:BerserkersShout"],"picked":"champ:LastStand","floor":10},{"not_picked":["champ:AdrenalArmor","champ:Lariat","champ:Duel"],"picked":"SKIP","floor":13},{"not_picked":["champ:FocusedBerserking+1","champ:BerserkerStyle"],"picked":"champ:StanceDance+1","floor":14},{"not_picked":["champ:Endure+1","champ:Circumvent+1","champ:FanOfKnives"],"picked":"SKIP","floor":15},{"not_picked":["champ:HeavySlash","champ:LastStand"],"picked":"champ:MurderStrike","floor":16},{"not_picked":["champ:Duel+1","champ:PerfectedStrike+1"],"picked":"champ:RageSigil+1","floor":19},{"not_picked":["champ:Shatter","champ:Duel","champ:PerfectedStrike+1"],"picked":"SKIP","floor":20},{"not_picked":["champ:Encircle+1","champ:EndlessRage","champ:Haymaker"],"picked":"SKIP","floor":25},{"not_picked":["champ:AdrenalArmor+1","champ:BerserkersShout+1","champ:VampiricStrike"],"picked":"SKIP","floor":27},{"not_picked":["champ:Haymaker","champ:TornadoPunch","champ:IgnorePain+1"],"picked":"SKIP","floor":28},{"not_picked":["champ:BladeFlurry","champ:VampiricStrike","champ:HeavySlash"],"picked":"SKIP","floor":31},{"not_picked":["champ:Endure+1","champ:GutPunch","champ:ShieldSigil+1"],"picked":"SKIP","floor":32},{"not_picked":["champ:VampiricStrike","champ:CheapShot"],"picked":"champ:HoldFirm+1","floor":33},{"not_picked":["champ:FlashCut","champ:Circumvent+1"],"picked":"champ:Improvising","floor":38},{"not_picked":["champ:StanceDance+1","champ:TornadoPunch+1"],"picked":"champ:CalledShot+1","floor":38},{"not_picked":["champ:CrownThrow+1","champ:FocusedBerserking+1"],"picked":"champ:CalledShot+1","floor":38},{"not_picked":["champ:Duel+1","champ:TornadoPunch"],"picked":"champ:DefensiveStyle+1","floor":38},{"not_picked":["champ:Circumvent+1","champ:SkillfulDodge+1","champ:CalledShot+1"],"picked":"SKIP","floor":39},{"not_picked":["champ:FaceSlap","champ:ViciousMockery+1"],"picked":"champ:IronFortress+1","floor":40},{"not_picked":["champ:StanceDance+1","champ:FocusedBerserking+1","champ:Circumvent+1"],"picked":"SKIP","floor":42},{"not_picked":["champ:FanOfKnives","champ:IronFortress+1"],"picked":"champ:Parry+1","floor":43},{"not_picked":["champ:Backstep+1","champ:PerfectedStrike","champ:RisingSlash+1"],"picked":"SKIP","floor":44},{"not_picked":["champ:CrownThrow","champ:ShieldSigil+1","champ:EnGarde+1"],"picked":"SKIP","floor":46},{"not_picked":["champ:LastStand+1","champ:PreemptiveStrike+1","champ:DeathBlow"],"picked":"SKIP","floor":49},{"not_picked":["champ:BringItOn+1","champ:Shatter+1","champ:DefensiveShout+1"],"picked":"SKIP","floor":52}],"player_experience":176489,"relics_obtained":[{"floor":6,"key":"Bottled Flame"},{"floor":7,"key":"CeramicFish"},{"floor":14,"key":"Toxic Egg 2"},{"floor":24,"key":"AT_TheCollector"},{"floor":37,"key":"Bird Faced Urn"},{"floor":40,"key":"Whetstone"},{"floor":41,"key":"Frozen Egg 2"},{"floor":45,"key":"CaptainsWheel"},{"floor":52,"key":"AT_BellDemon"}],"event_choices":[{"damage_healed":0,"gold_gain":0,"player_choice":"Success","damage_taken":12,"relics_obtained":["Thread and Needle"],"max_hp_gain":0,"max_hp_loss":0,"event_name":"Scrap Ooze","floor":4,"gold_loss":0},{"damage_healed":0,"gold_gain":0,"player_choice":"Fight","damage_taken":0,"max_hp_gain":0,"max_hp_loss":0,"event_name":"Mysterious Sphere","floor":45,"gold_loss":0}],"is_beta":false,"boss_relics":[{"not_picked":["Tiny House","Sozu"],"picked":"Coffee Dripper"},{"not_picked":["Calling Bell","Black Star"],"picked":"champ:ChampionCrownUpgraded"}],"items_purged_floors":[13,19,31,38,48],"is_endless":false,"potions_floor_spawned":[3,8,14,20,27,32,42,45,46,52],"ascension_level":0}}