{"host":"j2lclbvdfoh0nnbr","time":1614153753,"event":{"mods":["100% Spire Juice","ATMod(°¢èªMod)","Act Like it!","Aspiration","BaseMod","Bossed Relics","Gensokyo","Library of Ruina","Library of Ruina Extra","Lobotomy","LobotomyExtend","Minty Spire (QoL Compilation)","Reimu£¨²©ÀöÁéÃÎ£©","Reliquary","Replay The Spire","RumiaBox-Â¶Ã×æ«µÄÉñÃØºÐ×Ó","StSLib","The Animator","Waifu the Spire","¡¾ÒÅÎï¿¨ÅÆ¡¿REMEMod"],"gold_per_floor":[117,17,17,28,45,79,91,110,110,110,110,135,171,189,189,311,311,349,349,379,292,324,324,630,630,630,667,667,695,695,70,70,386,386,409,435,435,95,95,159,197,225,225,225,270,516,538,573,573,619,635],"floor_reached":52,"language":"ZHS","playtime":2249,"items_purged":[],"score":1120,"play_id":"495d0939-2a96-4c50-ad12-34bcc3c53572","local_time":"20210224160233","is_ascension_mode":false,"campfire_choices":[{"data":"GreatSerpentsImpact","floor":11,"key":"SMITH"},{"data":"DegradedShockwave","floor":15,"key":"SMITH"},{"data":"GoinFirst","floor":23,"key":"SMITH"},{"data":"Gensokyo:GapWoman","floor":30,"key":"SMITH"},{"floor":32,"key":"DIG"},{"data":"ForTheFamily","floor":44,"key":"SMITH"},{"data":"WaitUp","floor":49,"key":"SMITH"}],"circlet_count":0,"master_deck":["DegradedFairy","DegradedFairy","DegradedFairy","DegradedChain","DegradedChain","DegradedLock","DegradedPillar","DegradedPillar","DegradedShockwave+1","ForcefulGesture","RepressedFlesh","FlamingDragonFist","WaitUp+1","GreatSerpentsImpact+1","GoinFirst+1","GrazeTheGrass","Pound","DeepDrag+1","Unlock1","Faith+1","ForTheFamily+1","Crow Ritual"],"relics":["PageOfLibrarian","AT_ATBox","REME_ComplimentaryCards","aspiration:Nostalgia","FlyPower:ReiMu","LetterFromLob","AT_ForceNature","Iron Hammer","Replay:Bandana","PageOfBlackSwan","LaetitiaHeart","reliquary:TuningFork","MagicBullet_r","reliquary:IridiumChain","reliquary:BoilingFlask","TungstenRod","reliquary:Sideboard","AT_BladeRuinedKing","Coffee Dripper","Gensokyo:DualWield","Toolbox","Smiling Mask","PageOfAlriune","Gremlin Food","Pondfish Scales","Incense Burner","Snack Pack"],"acts_visited":["Exordium","Gensokyo:Gensokyo","Gensokyo:Gensokyoer"],"potions_floor_usage":[36,51],"damage_taken":[{"damage":0,"enemies":"Gensokyo:3_Fairies","floor":1,"turns":2},{"damage":0,"enemies":"Gensokyo:Gryphon","floor":4,"turns":1},{"damage":0,"enemies":"Gensokyo:Python","floor":5,"turns":2},{"damage":0,"enemies":"Gensokyo:Aya","floor":6,"turns":3},{"damage":4,"enemies":"Gensokyo:CorruptedTreant","floor":7,"turns":1},{"damage":0,"enemies":"Gensokyo:VengefulSpirit","floor":8,"turns":1},{"damage":0,"enemies":"Gensokyo:LivingMonolith","floor":12,"turns":1},{"damage":0,"enemies":"Gensokyo:5_Fairies","floor":13,"turns":4},{"damage":0,"enemies":"Gensokyo:VengefulSpirit","floor":14,"turns":1},{"damage":3,"enemies":"Gensokyo:Yukari","floor":16,"turns":3},{"damage":0,"enemies":"Gensokyo:3_Dogs","floor":18,"turns":2},{"damage":0,"enemies":"Gensokyo:CosmicMonolith","floor":20,"turns":2},{"damage":6,"enemies":"Gensokyo:Wraith","floor":22,"turns":3},{"damage":0,"enemies":"Gensokyo:Wraith","floor":24,"turns":1},{"damage":5,"enemies":"Gensokyo:Wraith","floor":24,"turns":2},{"damage":0,"enemies":"Gensokyo:Wraith","floor":24,"turns":1},{"damage":4,"enemies":"Gensokyo:3_Gloops","floor":27,"turns":4},{"damage":0,"enemies":"Gensokyo:Slime_Group","floor":29,"turns":3},{"damage":0,"enemies":"Gensokyo:Eternal_Rivals","floor":33,"turns":6},{"damage":9,"enemies":"Gensokyo:AncientGuardian","floor":35,"turns":4},{"damage":0,"enemies":"Gensokyo:3_Bats","floor":36,"turns":1},{"damage":0,"enemies":"Gensokyo:Kasen","floor":40,"turns":3},{"damage":22,"enemies":"Gensokyo:Rafflesia","floor":41,"turns":3},{"damage":0,"enemies":"Gensokyo:4_Bats","floor":42,"turns":1},{"damage":0,"enemies":"Gensokyo:3_Boulders","floor":45,"turns":1},{"damage":0,"enemies":"Gensokyo:Doremy","floor":46,"turns":4},{"damage":0,"enemies":"Gensokyo:AtlasGolem","floor":47,"turns":2},{"damage":0,"enemies":"Gensokyo:Rafflesia","floor":48,"turns":3},{"damage":0,"enemies":"Gensokyo:Yuyuko","floor":50,"turns":4},{"damage":20,"enemies":"Gensokyo:Yuyuko","floor":51,"turns":5}],"seed_played":"7375049907028855234","potions_obtained":[{"floor":1,"key":"Elixir"},{"floor":6,"key":"Fire Potion"},{"floor":7,"key":"Fire Potion"},{"floor":40,"key":"Adrenaline Potion"},{"floor":41,"key":"SpeedPotion"},{"floor":45,"key":"Energy Potion"},{"floor":46,"key":"Toxic Potion"}],"is_trial":false,"path_per_floor":["M","?","?","M","M","E","M","M","T","?","R","M","M","M","R","B",null,"M","?","M","COS","M","R","?","T","T","M","?","M","R","$","R","B",null,"M","M","?","COS","?","E","M","M","T","R","M","E","M","M","R","B",null,null],"character_chosen":"Librarian","items_purchased":["TungstenRod","ForTheFamily","reliquary:Sideboard"],"campfire_rested":0,"item_purchase_floors":[31,31,31],"current_hp_per_floor":[60,60,69,69,69,69,65,65,65,65,65,65,65,65,65,62,90,90,90,90,90,84,84,79,79,79,75,75,75,75,75,75,75,90,81,81,81,81,90,90,77,77,77,77,77,77,77,77,77,77,63],"gold":635,"neow_bonus":"NOSTALGIA","is_daily":false,"chose_seed":false,"campfire_upgraded":6,"win_rate":0.0,"timestamp":1614153753,"path_taken":["M","?","?","M","?","E","M","M","T","?","R","M","M","M","R","BOSS","M","?","?","COS","M","R","?","?","T","M","?","?","R","?","R","BOSS","M","M","?","COS","?","E","M","?","T","R","M","E","M","M","R","BOSS"],"items_purchased_type":["Relic","Card","Relic"],"build_version":"2020-12-22","purchased_purges":0,"victory":true,"max_hp_per_floor":[90,90,90,90,90,90,90,90,90,90,90,90,90,90,90,90,90,90,90,90,90,90,90,99,99,99,99,90,90,90,90,90,90,90,90,90,90,90,90,90,90,90,90,90,90,90,90,90,90,90,90],"card_choices":[{"not_picked":["BladeWhirl","EnergyCycle","MultiHit","Rewind","BindingArms","DefenseOrder","GuidanceOfTheGears","HighKick"],"picked":"ForcefulGesture","floor":1},{"not_picked":["SkitterAway","BladeWhirl","SmokingPipe","EndlessBattle","ViolentFlame","CoordinatedAssault","QuickAttack","FaintMemories"],"picked":"RepressedFlesh","floor":4},{"not_picked":["SnakesPrey","IdentifyWeakpoint","SharpenedBlade","BlowItUp","FleetFootsteps","FierceCharge","FeelinGood","Bvapour","SparkingSpear"],"picked":"SKIP","floor":5},{"not_picked":["LeRegole","HandleRequest","NightInTheBackstreets","Wallop_lor","UndertakePrescript","HighKick","Rewind","Mutilate"],"picked":"FlamingDragonFist","floor":6},{"not_picked":["SerpentSwordTechnique","Ripple","Pound","EnergyCycle","Multislash","Thrust","DimensionalRift","SnakeSlit"],"picked":"WaitUp","floor":7},{"not_picked":["FieryDragonSlash","Thrust","StructuralAnalysis","SmokingPipe","UnavoidableGaze","BackAttack","SavageMode","SinglePointStab"],"picked":"GreatSerpentsImpact","floor":8},{"not_picked":["GuardingStance","WillOfThePrescript","ShockRound","EnergyCycle","Reload","ClassAndRespect","PinpointShot","Parry","HandleRequest"],"picked":"SKIP","floor":12},{"not_picked":["Multislash","UpbeatPerformance","AlloutWar","InhaleSmoke","StrikeDown","Outburst","TasteMyFlamingBat","DesperateStruggle"],"picked":"GoinFirst","floor":13},{"not_picked":["Parry","FleetEdge","GuardingStance","Collision","ViolentFlame","CutIn","RatsGuideToSurvival","DevastatingThrash"],"picked":"GrazeTheGrass","floor":14},{"not_picked":["FleetFootsteps+1","PinpointShot","AsThePrescriptOrders","ToOvercomeCrisis","CoordinatedAssault","QuickAttack+1","HandleRequest","Outburst"],"picked":"Pound","floor":18},{"not_picked":["GuidanceOfTheGears","ProselytesBlade","SunsetBlade+1","NightInTheBackstreets","FleetEdge","RipSpace","QuickSuppression","Wallop_lor+1"],"picked":"DeepDrag+1","floor":20},{"not_picked":["SpearedSweep","Leap_lor","WillOfThePrescript","CumulusWall","PuppetBlockade","FlashOfSunup","VioletBlade","EnergyShield","UpbeatPerformance"],"picked":"SKIP","floor":22},{"not_picked":["VenomousFangs","Transpierce","ElectricShock+1","UpbeatPerformance+1","TrimTheIngredients","Faith+1","ICanCookAnything","UncannyStrike+1"],"picked":"Unlock1","floor":27},{"not_picked":["Gensokyo:SpontaneousHumanCombustion","Gensokyo:SevenSchoolMysteries","Gensokyo:SlitMouthedWoman","Gensokyo:TurboGranny","Gensokyo:TekeTeke","Gensokyo:Kunekune","Gensokyo:ManorOfTheDishes","Gensokyo:LochNessMonster"],"picked":"Gensokyo:GapWoman","floor":28},{"not_picked":["BladeWhirl","FrontalAssault","BizarreAttack","Pound+1","FierceCharge+1","GuardingStance","YourShield","DriedUp"],"picked":"Faith+1","floor":29},{"not_picked":["Decapitation","FlamingDragonFist"],"picked":"WillProduceFineSilk","floor":33},{"not_picked":["Gamble+1","WillOfThePrescript","BiAn","DefenseOrder","FervidEmotions+1","Wallop_lor","SinglePointStab+1","RatsGuideToSurvival+1","StructuralAnalysis+1"],"picked":"SKIP","floor":35},{"not_picked":["NightInTheBackstreets+1","RatsGuideToSurvival","DaringDecision","BiXi","PreemptiveStrike+1","RapidGashes+1","HandlingWork","Thrust"],"picked":"SomberProcuration+1","floor":36},{"not_picked":["HiddenBlade+1","SetFire+1","GoinFirst","Multislash+1","Ripple","StayCalm","Quickness+1","SavageMode"],"picked":"Riposte+1","floor":40},{"not_picked":["TendonChords+1","FervidEmotions+1","Pound","PreemptiveStrike+1","InkOver","ViolentFlame","Standoff+1","ElectricShock"],"picked":"BackAttack+1","floor":41},{"not_picked":["RatsGuideToSurvival+1","DevastatingThrash","FaintMemories+1","Rewind","TimeForALittleTest","SunsetBlade","WillOfThePrescript","SharpSwipe"],"picked":"StartinOutLightly","floor":42},{"not_picked":["MultiHit","BiAn","SetFire","FleetFootsteps+1","SuanNi","FrontalAssault+1","UnavoidableGaze","Track+1"],"picked":"GrazeTheGrass+1","floor":45},{"not_picked":["Parry2","WildCard+1","FrontalAssault+1","MultiBlock","DefenseOrder","FleetEdge+1","Outburst+1","SweepTheBackstreets","Rampage_lor+1"],"picked":"SKIP","floor":46},{"not_picked":["Leap_lor+1","DaringDecision","SerpentSwordTechnique+1","Fence+1","DesperateStruggle+1","ExtractFuel","FleetFootsteps","NightInTheBackstreets+1"],"picked":"HardRehearsal+1","floor":47},{"not_picked":["WillOfThePrescript","Struggle","CumulusWall","LawAndOrder","DimensionalRift","Reload+1","MultiHit+1","ICanCookAnything"],"picked":"Riposte+1","floor":48}],"player_experience":329810,"relics_obtained":[{"floor":1,"key":"LetterFromLob"},{"floor":6,"key":"Iron Hammer"},{"floor":9,"key":"Replay:Bandana"},{"floor":25,"key":"reliquary:IridiumChain"},{"floor":26,"key":"reliquary:BoilingFlask"},{"floor":32,"key":"AT_BladeRuinedKing"},{"floor":40,"key":"Smiling Mask"},{"floor":43,"key":"PageOfAlriune"},{"floor":46,"key":"Pondfish Scales"}],"event_choices":[],"is_beta":false,"boss_relics":[{"not_picked":["Snecko Eye","RedLine:ReiMu"],"picked":"PageOfBlackSwan"},{"not_picked":["Painkiller Herb","ChewingGum"],"picked":"Coffee Dripper"}],"items_purged_floors":[],"is_endless":false,"potions_floor_spawned":[1,6,7,8,20,22,27,29,33,40,41,45,46],"ascension_level":0}}