{"host":"hxbbrccw7ig68b38","time":1614169023,"event":{"mods":["BaseMod","Hermit","Minty Spire (QoL Compilation)","Replay The Spire","StSLib","The Cursed"],"gold_per_floor":[116,116,136,146,31,31,60,72,118,118,70,70,86,98,98,98,98,194,194,207,259,259,259,259],"floor_reached":23,"language":"KOR","playtime":1077,"items_purged":[],"score":208,"play_id":"6ea006ff-a25e-4e9e-84ed-2c86f42550c3","local_time":"20210224211703","is_ascension_mode":true,"campfire_choices":[{"data":"Inflame","floor":6,"key":"SMITH"},{"floor":12,"key":"REST"},{"floor":17,"key":"REST"}],"circlet_count":0,"master_deck":["Strike_R","Strike_R","Strike_R","Strike_R","Defend_R","Defend_R","Defend_R","Defend_R","Bash","Flex","Inflame+1","Shrug It Off","Armaments","Shrug It Off","Shrug It Off","Ghostly Armor","ReplayTheSpireMod:Strike From Hell","Seeing Red","Infernal Blade"],"relics":["Burning Blood","Centennial Puzzle","Kunai","Mark of Pain","Self Forming Clay"],"acts_visited":["Exordium","TheCity"],"potions_floor_usage":[],"damage_taken":[{"damage":9,"enemies":"2 Louse","floor":1,"turns":2},{"damage":8,"enemies":"Cultist","floor":3,"turns":5},{"damage":0,"enemies":"Small Slimes","floor":4,"turns":3},{"damage":27,"enemies":"Gremlin Nob","floor":7,"turns":4},{"damage":19,"enemies":"Red Slaver","floor":8,"turns":4},{"damage":8,"enemies":"Blue Slaver","floor":13,"turns":5},{"damage":12,"enemies":"2 Fungi Beasts","floor":14,"turns":4},{"damage":70,"enemies":"Slime Boss","floor":18,"turns":25},{"damage":36,"enemies":"2 Thieves","floor":20,"turns":5},{"damage":23,"enemies":"Chosen","floor":23,"turns":6}],"seed_played":"-3259311953780893704","potions_obtained":[{"floor":1,"key":"Elixir"},{"floor":7,"key":"EssenceOfSteel"},{"floor":14,"key":"GamblersBrew"},{"floor":18,"key":"Reflective Coating"}],"is_trial":false,"path_per_floor":["M","?","M","M","$","R","E","M","T","?","$","R","M","M","PTL","PTL","R","B",null,"M","?","?","M"],"character_chosen":"IRONCLAD","items_purchased":["Inflame","Shrug It Off","Shrug It Off"],"campfire_rested":2,"item_purchase_floors":[5,5,11],"current_hp_per_floor":[77,77,75,80,80,80,59,46,46,46,46,70,68,62,62,62,80,16,80,50,18,18,0,0],"gold":259,"neow_bonus":"RANDOM_COMMON_RELIC","is_daily":false,"chose_seed":false,"campfire_upgraded":1,"win_rate":0.0,"timestamp":1614169023,"path_taken":["M","?","?","M","?","R","E","M","T","?","$","R","M","M","PTL","PTL","R","BOSS","M","?","?","?"],"items_purchased_type":["Card","Card","Card"],"build_version":"2020-12-22","purchased_purges":0,"victory":false,"max_hp_per_floor":[80,80,80,80,80,80,80,80,80,80,80,80,80,80,80,80,80,80,80,80,80,80,80,80],"card_choices":[{"not_picked":["True Grit","Wild Strike"],"picked":"ReplayTheSpireMod:Corrosion Curse","floor":1},{"not_picked":["Rampage","Sword Boomerang"],"picked":"Flex","floor":3},{"not_picked":["Clothesline","Feel No Pain","Power Through"],"picked":"SKIP","floor":4},{"not_picked":["Body Slam","Iron Wave"],"picked":"Armaments","floor":7},{"not_picked":["Wild Strike","Combust"],"picked":"Shrug It Off","floor":8},{"not_picked":["Exhume","Havoc"],"picked":"Ghostly Armor","floor":13},{"not_picked":["Fire Breathing","Twin Strike"],"picked":"ReplayTheSpireMod:Strike From Hell","floor":14},{"not_picked":["Combust+1","ReplayTheSpireMod:Corrosion Curse"],"picked":"Seeing Red","floor":20},{"not_picked":["Abandon","Wild Strike"],"picked":"Infernal Blade","floor":21}],"player_experience":97590,"relics_obtained":[{"floor":7,"key":"Kunai"},{"floor":21,"key":"Self Forming Clay"}],"event_choices":[{"cards_removed":["Strike_R"],"damage_healed":0,"gold_gain":0,"player_choice":"Offered Basic","damage_taken":0,"max_hp_gain":0,"max_hp_loss":0,"event_name":"Bonfire Elementals","floor":2,"gold_loss":0},{"cards_removed":["ReplayTheSpireMod:Corrosion Curse"],"damage_healed":0,"gold_gain":0,"player_choice":"Purged","damage_taken":0,"max_hp_gain":0,"max_hp_loss":0,"event_name":"Purifier","floor":10,"gold_loss":0},{"damage_healed":0,"gold_gain":0,"player_choice":"Bought 0 Potions","damage_taken":0,"max_hp_gain":0,"max_hp_loss":0,"event_name":"The Woman in Blue","floor":22,"gold_loss":0}],"is_beta":false,"boss_relics":[{"not_picked":["Ooze Armor","Electric Blood"],"picked":"Mark of Pain"}],"items_purged_floors":[],"is_endless":false,"potions_floor_spawned":[1,7,14,18],"killed_by":"Chosen","ascension_level":2}}