{"host":"zxkjcgzis4pm3za5","time":1614186329,"event":{"mods":["2.2 Compatiblity","AchievementEnabler","BaseMod","Colored Map","Colored Powertips","Minty Spire (QoL Compilation)","Quick Restart","Random Character Button","Relic Filter Mod","Relic Sorter","Relic Stats","StSLib","ojb\u0027s Info Mod"],"gold_per_floor":[366,376,219,236,249,249,279,279,279,18,18,31,67,88,88,179,179,204,217,132,33,53,89,89,130,130,143,164,164,197,222,222,318,318,333,26,92,110,443,473,499,524,524,524,551,580,127,141,141,141,141,141,141,49,78,78],"floor_reached":57,"language":"ENG","playtime":3847,"items_purged":["Injury","Strike_B","Strike_B"],"score":3190,"play_id":"fb5f09a9-7940-49ed-8588-0d3335d636a8","local_time":"20210224223529","is_ascension_mode":true,"campfire_choices":[{"data":"Defragment","floor":6.0,"key":"SMITH"},{"data":"Tempest","floor":15.0,"key":"SMITH"},{"floor":24.0,"key":"REST"},{"floor":29.0,"key":"REST"},{"floor":32.0,"key":"RECALL"},{"floor":44.0,"key":"REST"},{"floor":49.0,"key":"REST"},{"floor":53.0,"key":"REST"}],"circlet_count":0,"master_deck":["AscendersBane","Strike_B","Strike_B","Defend_B","Defend_B","Defend_B","Defend_B","Zap","Dualcast","Defragment+1","Cold Snap","Sweeping Beam","Tempest+1","Fission+1","Stack+1","Leap+1","Electrodynamics","Conserve Battery+1","Coolheaded+1","Self Repair+1","Storm+1","Aggregate+1","Consume+1","Steam Power+1","Rainbow+1","Core Surge","Coolheaded+1","Buffer+1","Compile Driver","Chill+1","Fission+1","Hologram+1","Biased Cognition+1","Static Discharge+1","Loop+1","Barrage+1","Double Energy+1","Deep Breath+1","Capacitor+1"],"relics":["Cracked Core","Runic Capacitor","Toxic Egg 2","Bottled Tornado","Bag of Preparation","Bottled Flame","Fusion Hammer","Frozen Egg 2","Ornamental Fan","Tiny Chest","White Beast Statue","Oddly Smooth Stone","Inserter","DollysMirror","Ginger","WingedGreaves","Pen Nib","Orichalcum","Nunchaku","Bronze Scales","Gambling Chip","Du-Vu Doll"],"acts_visited":["Exordium","TheCity","TheBeyond","TheEnding"],"potions_floor_usage":[56,56],"damage_taken":[{"damage":1.0,"enemies":"Cultist","floor":1.0,"turns":4.0},{"damage":10.0,"enemies":"Small Slimes","floor":2.0,"turns":3.0},{"damage":0.0,"enemies":"Jaw Worm","floor":4.0,"turns":3.0},{"damage":17.0,"enemies":"Lots of Slimes","floor":5.0,"turns":4.0},{"damage":12.0,"enemies":"Lagavulin","floor":7.0,"turns":6.0},{"damage":0.0,"enemies":"Large Slime","floor":12.0,"turns":3.0},{"damage":7.0,"enemies":"Gremlin Nob","floor":13.0,"turns":3.0},{"damage":0.0,"enemies":"Exordium Wildlife","floor":14.0,"turns":2.0},{"damage":14.0,"enemies":"Hexaghost","floor":16.0,"turns":9.0},{"damage":16.0,"enemies":"Shell Parasite","floor":18.0,"turns":6.0},{"damage":0.0,"enemies":"Spheric Guardian","floor":19.0,"turns":3.0},{"damage":7.0,"enemies":"Centurion and Healer","floor":22.0,"turns":3.0},{"damage":24.0,"enemies":"Book of Stabbing","floor":23.0,"turns":3.0},{"damage":18.0,"enemies":"Gremlin Leader","floor":25.0,"turns":3.0},{"damage":26.0,"enemies":"Snake Plant","floor":27.0,"turns":3.0},{"damage":16.0,"enemies":"Shelled Parasite and Fungi","floor":28.0,"turns":5.0},{"damage":11.0,"enemies":"Book of Stabbing","floor":30.0,"turns":4.0},{"damage":0.0,"enemies":"Cultist and Chosen","floor":31.0,"turns":2.0},{"damage":34.0,"enemies":"Champ","floor":33.0,"turns":13.0},{"damage":0.0,"enemies":"Orb Walker","floor":35.0,"turns":3.0},{"damage":14.0,"enemies":"2 Orb Walkers","floor":37.0,"turns":3.0},{"damage":0.0,"enemies":"3 Shapes","floor":38.0,"turns":1.0},{"damage":0.0,"enemies":"Giant Head","floor":40.0,"turns":6.0},{"damage":15.0,"enemies":"Reptomancer","floor":41.0,"turns":5.0},{"damage":0.0,"enemies":"Giant Head","floor":42.0,"turns":6.0},{"damage":0.0,"enemies":"Reptomancer","floor":45.0,"turns":3.0},{"damage":4.0,"enemies":"Nemesis","floor":46.0,"turns":5.0},{"damage":0.0,"enemies":"Sphere and 2 Shapes","floor":48.0,"turns":2.0},{"damage":0.0,"enemies":"Donu and Deca","floor":50.0,"turns":3.0},{"damage":48.0,"enemies":"Time Eater","floor":51.0,"turns":8.0},{"damage":0.0,"enemies":"Shield and Spear","floor":55.0,"turns":3.0},{"damage":27,"enemies":"The Heart","floor":56,"turns":10}],"seed_played":"494134993717309499","potions_obtained":[{"floor":1.0,"key":"BlessingOfTheForge"},{"floor":4.0,"key":"Block Potion"},{"floor":5.0,"key":"AttackPotion"},{"floor":7.0,"key":"EssenceOfDarkness"},{"floor":19.0,"key":"FearPotion"},{"floor":23.0,"key":"GamblersBrew"},{"floor":27.0,"key":"FearPotion"},{"floor":28.0,"key":"Regen Potion"},{"floor":30.0,"key":"FearPotion"},{"floor":31.0,"key":"EntropicBrew"},{"floor":33.0,"key":"Explosive Potion"},{"floor":35.0,"key":"Swift Potion"},{"floor":46.0,"key":"Energy Potion"},{"floor":55.0,"key":"Weak Potion"}],"is_trial":false,"path_per_floor":["M","M","$","M","M","R","E","?","T","$","?","M","E","M","R","B",null,"M","M","?","$","M","E","R","E","T","M","M","R","E","M","R","B",null,"M","$","?","M","?","E","E","E","T","R","E","E","$","M","R","B","B",null,"R","$","E","B",null],"character_chosen":"DEFECT","items_purchased":["Runic Capacitor","Stack+1","Bag of Preparation","Coolheaded+1","Self Repair+1","Chill+1","DollysMirror","Gambling Chip","Deep Breath+1"],"campfire_rested":5,"item_purchase_floors":[3,10,10,21,21,36,36,47,54],"current_hp_per_floor":[63,53,53,53,36,36,24,24,24,24,64,64,57,57,57,43,59,43,43,43,43,46,32,51,43,43,27,21,40,41,41,41,17,52,62,62,58,58,58,64,59,64,64,64,64,64,64,64,64,64,26,55,64,64,64,47],"gold":78,"neow_bonus":"TWO_FIFTY_GOLD","is_daily":false,"chose_seed":false,"campfire_upgraded":2,"win_rate":0.0,"timestamp":1614186329,"path_taken":["M","M","$","?","M","R","E","?","T","$","?","M","E","M","R","BOSS","M","?","?","$","M","E","R","E","T","M","M","R","E","M","R","BOSS","M","$","?","M","?","E","E","E","T","R","E","E","$","M","R","BOSS","BOSS","R","$","E","BOSS"],"items_purchased_type":["Relic","Card","Relic","Card","Card","Card","Relic","Relic","Card"],"build_version":"2020-12-22","purchased_purges":3,"victory":true,"max_hp_per_floor":[64,64,64,64,64,64,64,64,64,64,64,64,64,64,64,64,64,64,64,64,64,64,64,64,64,64,64,64,64,64,64,64,64,64,64,64,64,64,64,64,64,64,64,64,64,64,64,64,64,64,64,64,64,64,64,64],"relic_stats":{"Nunchaku":[3],"Inserter":[28],"counters":[32,140],"Ornamental Fan":[44],"Bronze Scales":[177],"Gambling Chip":[14],"Tiny Chest":0,"Pen Nib":[4],"Bag of Preparation":[54],"Ginger":[9],"Orichalcum":[24],"obtain_stats":[{"Inserter":34,"Golden Idol":8,"Oddly Smooth Stone":30,"Pen Nib":41,"Runic Capacitor":3,"Bag of Preparation":10,"Ginger":37,"Bottled Tornado":9,"Frozen Egg 2":20,"Orichalcum":42,"White Beast Statue":26,"Du-Vu Doll":55,"Bottled Flame":13,"Nunchaku":45,"Ornamental Fan":23,"DollysMirror":36,"Bronze Scales":46,"Gambling Chip":47,"Tiny Chest":25,"Fusion Hammer":17,"WingedGreaves":40,"Toxic Egg 2":7,"Cracked Core":0},{"Inserter":19,"Golden Idol":5,"Oddly Smooth Stone":17,"Pen Nib":24,"Runic Capacitor":2,"Bag of Preparation":5,"Ginger":21,"Bottled Tornado":5,"Frozen Egg 2":11,"Orichalcum":25,"White Beast Statue":14,"Du-Vu Doll":31,"Bottled Flame":7,"Nunchaku":26,"Ornamental Fan":13,"DollysMirror":20,"Bronze Scales":27,"Gambling Chip":27,"Tiny Chest":14,"Fusion Hammer":9,"WingedGreaves":23,"Toxic Egg 2":5,"Cracked Core":0},{"Inserter":82,"Golden Idol":20,"Oddly Smooth Stone":67,"Pen Nib":100,"Runic Capacitor":7,"Bag of Preparation":20,"Ginger":88,"Bottled Tornado":20,"Frozen Egg 2":46,"Orichalcum":106,"White Beast Statue":55,"Du-Vu Doll":130,"Bottled Flame":26,"Nunchaku":109,"Ornamental Fan":52,"DollysMirror":85,"Bronze Scales":114,"Gambling Chip":114,"Tiny Chest":55,"Fusion Hammer":37,"WingedGreaves":95,"Toxic Egg 2":20,"Cracked Core":0}]},"card_choices":[{"not_picked":["Sunder","Steam Power"],"picked":"Defragment","floor":1.0},{"not_picked":["Skim","Capacitor"],"picked":"Cold Snap","floor":2.0},{"not_picked":["Loop","Aggregate"],"picked":"Sweeping Beam","floor":4.0},{"not_picked":["Coolheaded","Stack"],"picked":"Tempest","floor":5.0},{"not_picked":["Compile Driver","Hello World"],"picked":"Fission+1","floor":7.0},{"not_picked":["Static Discharge","Conserve Battery+1"],"picked":"Leap+1","floor":12.0},{"not_picked":["Blizzard","Rebound","Hello World"],"picked":"SKIP","floor":13.0},{"not_picked":["Hello World","Beam Cell","Capacitor"],"picked":"SKIP","floor":14.0},{"not_picked":["Machine Learning","Hyperbeam"],"picked":"Electrodynamics","floor":16.0},{"not_picked":["Ball Lightning","Gash"],"picked":"Conserve Battery+1","floor":18.0},{"not_picked":["Rebound+1","Barrage","Sweeping Beam"],"picked":"SKIP","floor":19.0},{"not_picked":["Self Repair+1","Doom and Gloom"],"picked":"Storm+1","floor":22.0},{"not_picked":["Hologram+1","Sweeping Beam"],"picked":"Aggregate+1","floor":23.0},{"not_picked":["Lockon","Doom and Gloom"],"picked":"Consume+1","floor":25.0},{"not_picked":["Ball Lightning","Recycle+1"],"picked":"Steam Power+1","floor":27.0},{"not_picked":["Beam Cell","Reprogram+1"],"picked":"Rainbow+1","floor":28.0},{"not_picked":["Ball Lightning","Sunder"],"picked":"Core Surge","floor":30.0},{"not_picked":["Stack+1","Sweeping Beam"],"picked":"Coolheaded+1","floor":31.0},{"not_picked":["Machine Learning+1","Core Surge"],"picked":"Buffer+1","floor":33.0},{"not_picked":["Stack+1","Conserve Battery+1"],"picked":"Compile Driver","floor":35.0},{"not_picked":["Redo+1","Steam+1"],"picked":"Hologram+1","floor":37.0},{"not_picked":["Leap+1","Gash+1","Steam+1"],"picked":"SKIP","floor":38.0},{"not_picked":["Redo+1","Sunder+1","Doom and Gloom"],"picked":"SKIP","floor":40.0},{"not_picked":["Streamline+1","Heatsinks+1"],"picked":"Biased Cognition+1","floor":41.0},{"not_picked":["Steam+1","Melter"],"picked":"Static Discharge+1","floor":42.0},{"not_picked":["Go for the Eyes","Rainbow+1"],"picked":"Loop+1","floor":45.0},{"not_picked":["Gash","Lockon"],"picked":"Barrage+1","floor":46.0},{"not_picked":["Go for the Eyes+1","Self Repair+1"],"picked":"Double Energy+1","floor":48.0},{"not_picked":["Static Discharge+1","Rebound"],"picked":"Capacitor+1","floor":55.0}],"player_experience":433291,"relics_obtained":[{"floor":7.0,"key":"Toxic Egg 2"},{"floor":9.0,"key":"Bottled Tornado"},{"floor":13.0,"key":"Bottled Flame"},{"floor":23.0,"key":"Ornamental Fan"},{"floor":25.0,"key":"Tiny Chest"},{"floor":26.0,"key":"White Beast Statue"},{"floor":30.0,"key":"Oddly Smooth Stone"},{"floor":37.0,"key":"Ginger"},{"floor":40.0,"key":"WingedGreaves"},{"floor":41.0,"key":"Pen Nib"},{"floor":42.0,"key":"Orichalcum"},{"floor":45.0,"key":"Nunchaku"},{"floor":46.0,"key":"Bronze Scales"},{"floor":55.0,"key":"Du-Vu Doll"}],"event_choices":[{"damage_healed":0.0,"max_hp_gain":0.0,"max_hp_loss":0.0,"gold_gain":0.0,"event_name":"Golden Idol","player_choice":"Take Wound","floor":8.0,"gold_loss":0.0,"damage_taken":0.0,"relics_obtained":["Golden Idol"],"cards_obtained":["Injury"]},{"damage_healed":40.0,"max_hp_gain":0.0,"max_hp_loss":0.0,"gold_gain":0.0,"event_name":"Wheel of Change","player_choice":"Full Heal","floor":11.0,"gold_loss":0.0,"damage_taken":0.0},{"damage_healed":0.0,"max_hp_gain":0.0,"max_hp_loss":0.0,"gold_gain":0.0,"event_name":"Addict","player_choice":"Obtained Relic","floor":20.0,"gold_loss":85.0,"damage_taken":0.0,"relics_obtained":["Frozen Egg 2"]},{"damage_healed":0.0,"max_hp_gain":0.0,"max_hp_loss":0.0,"gold_gain":0.0,"event_name":"Mysterious Sphere","player_choice":"Fight","floor":37.0,"gold_loss":0.0,"damage_taken":0.0},{"damage_healed":0.0,"max_hp_gain":0.0,"max_hp_loss":0.0,"gold_gain":333.0,"event_name":"The Moai Head","player_choice":"Gave Idol","floor":39.0,"relics_lost":["Golden Idol"],"gold_loss":0.0,"damage_taken":0.0}],"is_beta":false,"boss_relics":[{"not_picked":["Coffee Dripper","FrozenCore"],"picked":"Fusion Hammer"},{"not_picked":["Runic Pyramid","Nuclear Battery"],"picked":"Inserter"}],"items_purged_floors":[10,36,47],"is_endless":false,"potions_floor_spawned":[1,4,5,7,19,22,23,27,28,30,31,33,35,37,38,40,41,42,45,46,48,55],"ascension_level":20}}