{"host":"mqhflsymjyczvjy0","time":1614185036,"event":{"mods":["ATMod(∞¢Ë™Mod)","BaseMod","Colored Powertips","Marisa£®ÏF”Í°°ƒß¿Ì…≥£©","Minty Spire (QoL Compilation)","Prisma Mod","StSLib","The Administrix","Yakumo Yukari mod","Youmu£®ªÍ∆«—˝√Œ£©","°æ“≈ŒÔø®≈∆°øREMEMod"],"gold_per_floor":[130,130,130,141,66,95,106,106,132,232,250,280,280,292,292,394,394,410,2,0,0,15,31,66,66,66,66,77,77,108,123,123,222,222,233,284,284,297,297,297,330,347,347,347,376,393,427,47,47,47],"floor_reached":51,"language":"ZHS","playtime":2906,"items_purged":["AT_purpleEX+1","Defend_purpleEX"],"score":1498,"play_id":"bc840012-6c49-4c1e-9f81-7e0c391b6b05","local_time":"20210225004356","is_ascension_mode":false,"campfire_choices":[{"floor":8,"key":"REST"},{"floor":15,"key":"REST"},{"floor":25,"key":"REST"},{"data":"AT_EmpoweredMortalDraw","floor":27,"key":"SMITH"},{"floor":32,"key":"REST"},{"data":"ProofOfUnderstanding_purple","floor":40,"key":"SMITH"},{"data":"Monsters_DoubleDeathButterfly_purple","floor":44,"key":"SMITH"},{"data":"ButterflyHabitatTemple_purple","floor":49,"key":"SMITH"}],"circlet_count":0,"master_deck":["AT_purpleEX","Defend_purpleEX","Observe_purple_1","Observe_purple_2+1","AT_DivineConfetti","Charmbait_purple","Observe_purple_1","Boundary_DreamRealityDamnation_purple","Yakumo_Ran_purple","Charmbait_purple","OmniscientAndOmnipotent_Monster_purple","Monsters_DoubleDeathButterfly_purple+1","AT_EmpoweredMortalDraw+1","StateDuplicate_purple","Mirror_FourBoundary_purple+1","Worldmountain_purple+1","ButterflyHabitatTemple_purple","Mirror_FormAndEmptin_purple+1","WangLiang_OokamiKakushi_purple","WatchEChange_purple","ProofOfUnderstanding_purple+1","Mirror_TwoAndThreeElementRealm_purple","Boundary_of_Extermination_purpleEX+1","Line_surface_state_purple+1","StateErode_purple","WorldDissolvedintheRealm_purple+1","MonsterNeedle_purple+1","Shallow_ocean_purpleEX+1","Shallow_ocean_purpleEX","Boundary_LifeAndDeath_purple","ButterflyHabitatTemple_purple+1"],"relics":["Boundary_crack","Memoryfragments_purpleEX","AT_ATBox","REME_ComplimentaryCards","NeowsBlessing","Oddly Smooth Stone","Lantern","AT_MortalBlade","TheEssenceOfRealm","AT_SunfireAegis","REME_HandOfSuture","Mummified Hand","Nunchaku","Seventeenyearold_girl_Forever","CatCart","Bottled Flame","InkBottle","Anchor","Gremlin Horn","AT_ChloranthyRing","DollysMirror"],"acts_visited":["Exordium","TheCity","TheBeyond"],"potions_floor_usage":[11,33],"damage_taken":[{"damage":0,"enemies":"Jaw Worm","floor":1,"turns":1},{"damage":0,"enemies":"2 Louse","floor":4,"turns":1},{"damage":17,"enemies":"3 Sentries","floor":6,"turns":1},{"damage":0,"enemies":"Cultist","floor":7,"turns":4},{"damage":0,"enemies":"3 Louse","floor":11,"turns":3},{"damage":0,"enemies":"Gremlin Gang","floor":14,"turns":2},{"damage":52,"enemies":"Slime Boss","floor":16,"turns":9},{"damage":0,"enemies":"Spheric Guardian","floor":18,"turns":1},{"damage":12,"enemies":"2 Thieves","floor":22,"turns":2},{"damage":2,"enemies":"Centurion and Healer","floor":23,"turns":2},{"damage":29,"enemies":"Book of Stabbing","floor":24,"turns":4},{"damage":0,"enemies":"Snecko","floor":28,"turns":3},{"damage":19,"enemies":"Gremlin Leader","floor":30,"turns":3},{"damage":0,"enemies":"Chosen and Byrds","floor":31,"turns":2},{"damage":0,"enemies":"Collector","floor":33,"turns":2},{"damage":7,"enemies":"3 Darklings","floor":35,"turns":3},{"damage":4,"enemies":"Orin","floor":36,"turns":7},{"damage":0,"enemies":"Orb Walker","floor":38,"turns":2},{"damage":13,"enemies":"Giant Head","floor":41,"turns":4},{"damage":20,"enemies":"Writhing Mass","floor":42,"turns":3},{"damage":0,"enemies":"Reptomancer","floor":45,"turns":2},{"damage":0,"enemies":"Transient","floor":46,"turns":5},{"damage":1,"enemies":"Nemesis","floor":47,"turns":3},{"damage":0,"enemies":"Donu and Deca","floor":50,"turns":3}],"seed_played":"-2422717127190420988","potions_obtained":[{"floor":7,"key":"LiquidBronze"},{"floor":11,"key":"REME_GoldPotion"},{"floor":16,"key":"Swift Potion"},{"floor":18,"key":"Swift Potion"},{"floor":24,"key":"SteroidPotion"},{"floor":33,"key":"SteroidPotion"},{"floor":38,"key":"Dexterity Potion"},{"floor":45,"key":"DistilledChaos"},{"floor":46,"key":"Regen Potion"}],"is_trial":false,"path_per_floor":["M","?","?","M","$","E","M","R","T","?","M","?","?","M","R","B",null,"M","$","?","?","M","M","E","R","T","R","M","?","E","M","R","B",null,"M","?","?","M","?","R","E","M","T","R","E","M","E","$","R","B",null],"character_chosen":"Youkari","items_purchased":["TheEssenceOfRealm","AT_SunfireAegis","Boundary_LifeAndDeath_purple","AT_ChloranthyRing","DollysMirror"],"campfire_rested":4,"item_purchase_floors":[19,19,48,48,48],"current_hp_per_floor":[70,56,56,56,56,39,39,60,60,60,61,61,43,44,65,14,70,70,70,70,70,58,58,30,51,51,51,51,51,34,38,59,61,70,70,68,68,70,70,70,61,52,52,52,52,52,51,51,51,55],"gold":47,"neow_bonus":"THREE_ENEMY_KILL","is_daily":false,"chose_seed":false,"campfire_upgraded":4,"win_rate":0.0,"timestamp":1614185036,"path_taken":["M","?","?","M","$","E","?","R","T","?","?","?","?","M","R","BOSS","M","$","?","?","?","M","E","R","T","R","M","?","E","M","R","BOSS","M","?","?","M","?","R","E","?","T","R","E","M","E","$","R","BOSS"],"items_purchased_type":["Relic","Relic","Card","Relic","Relic"],"build_version":"2020-12-22","purchased_purges":2,"victory":true,"max_hp_per_floor":[70,70,70,70,70,70,70,70,70,70,70,70,70,70,70,70,70,70,70,70,70,70,70,70,70,70,70,70,70,70,70,70,70,70,70,70,70,70,70,70,70,70,70,70,70,70,70,70,70,70],"card_choices":[{"not_picked":["Umbrella_purple","Worldmountain_purple"],"picked":"Charmbait_purple","floor":1},{"not_picked":["DimensionStaggered_purple","OpenedBox_purple"],"picked":"Boundary_DreamRealityDamnation_purple","floor":4},{"not_picked":["Umbrella_purple","WangLiang_OokamiKakushi_purple"],"picked":"Yakumo_Ran_purple","floor":6},{"not_picked":["SfantasyHide_purple","Extrememeaning_purpleEX","Charmbait_purple"],"picked":"SKIP","floor":7},{"not_picked":["SharpContractionReality_purple","SfantasyHide_purple"],"picked":"Charmbait_purple","floor":11},{"not_picked":["Realm_recovery_purpleEX","WeekHit_purple"],"picked":"OmniscientAndOmnipotent_Monster_purple","floor":14},{"not_picked":["Price_of_realm_purpleEX","Mirror_TwoAndThreeElementRealm_purple"],"picked":"Monsters_DoubleDeathButterfly_purple","floor":16},{"not_picked":["Worldmountain_purple+1","Umbrella_purple"],"picked":"StateDuplicate_purple","floor":18},{"not_picked":["D_absorption_purple","SfantasyHide_purple"],"picked":"Mirror_FourBoundary_purple+1","floor":22},{"not_picked":["WorldDissolvedintheRealm_purple+1","ExistenceContinue_purple"],"picked":"Worldmountain_purple+1","floor":23},{"not_picked":["Charmbait_purple","PurpleNeedle_purple"],"picked":"ButterflyHabitatTemple_purple","floor":24},{"not_picked":["ExistenceContinue_purple","MeetDecomposer_purple"],"picked":"Mirror_FormAndEmptin_purple+1","floor":28},{"not_picked":["DimensionStaggered_purple","Erosivefilter_purple"],"picked":"WatchEChange_purple","floor":30},{"not_picked":["Worldmountain_purple","Umbrella_purple"],"picked":"ProofOfUnderstanding_purple","floor":31},{"not_picked":["ProofOfUnderstanding_purple","WangLiang_LineAndCurveDreams_purple"],"picked":"Mirror_TwoAndThreeElementRealm_purple","floor":33},{"not_picked":["Realm_recovery_purpleEX+1","Charmbait_purple","ExistenceContinue_purple"],"picked":"SKIP","floor":35},{"not_picked":["MonsterNeedle_purple+1","SharpContractionReality_purple"],"picked":"Boundary_of_Extermination_purpleEX+1","floor":36},{"not_picked":["AdvanceAttack_purple","ExistenceContinue_purple+1"],"picked":"Line_surface_state_purple+1","floor":38},{"not_picked":["Umbrella_purple+1","DimensionStaggered_purple"],"picked":"StateErode_purple","floor":41},{"not_picked":["MetroBOOM_purple","Boundary_LightAndDark_purple"],"picked":"WorldDissolvedintheRealm_purple+1","floor":42},{"not_picked":["Worldmountain_purple+1","RuleDissolution_purple"],"picked":"MonsterNeedle_purple+1","floor":45},{"not_picked":["ButterflyHabitatTemple_purple","Yakumo_Ran_purple"],"picked":"Shallow_ocean_purpleEX+1","floor":46},{"not_picked":["Boundary_of_Extermination_purpleEX+1","AdvanceAttack_purple"],"picked":"Shallow_ocean_purpleEX","floor":47}],"player_experience":68727,"relics_obtained":[{"floor":6,"key":"Oddly Smooth Stone"},{"floor":9,"key":"Lantern"},{"floor":24,"key":"REME_HandOfSuture"},{"floor":26,"key":"Mummified Hand"},{"floor":30,"key":"Nunchaku"},{"floor":36,"key":"CatCart"},{"floor":41,"key":"Bottled Flame"},{"floor":43,"key":"InkBottle"},{"floor":45,"key":"Anchor"},{"floor":47,"key":"Gremlin Horn"}],"event_choices":[{"damage_healed":0,"gold_gain":0,"player_choice":"Entered Light","damage_taken":14,"max_hp_gain":0,"max_hp_loss":0,"event_name":"Shining Light","floor":2,"gold_loss":0,"cards_upgraded":["AT_purpleEX","Observe_purple_2"]},{"damage_healed":0,"gold_gain":100,"player_choice":"Gold","damage_taken":0,"max_hp_gain":0,"max_hp_loss":0,"event_name":"Wheel of Change","floor":10,"gold_loss":0},{"damage_healed":0,"gold_gain":30,"player_choice":"Searched \u00272\u0027 times","damage_taken":0,"max_hp_gain":0,"max_hp_loss":0,"event_name":"Dead Adventurer","floor":12,"gold_loss":0},{"damage_healed":0,"gold_gain":0,"player_choice":"Paid Fearfully","damage_taken":0,"max_hp_gain":0,"max_hp_loss":0,"event_name":"Masked Bandits","floor":20,"gold_loss":2},{"cards_removed":["Defend_purpleEX"],"damage_healed":0,"gold_gain":0,"player_choice":"Elegance","damage_taken":0,"max_hp_gain":0,"max_hp_loss":0,"event_name":"Back to Basics","floor":21,"gold_loss":0},{"damage_healed":0,"gold_gain":0,"cards_transformed":["AT_purpleEX"],"player_choice":"Transformed","damage_taken":0,"max_hp_gain":0,"max_hp_loss":0,"event_name":"Transmorgrifier","floor":29,"gold_loss":0,"cards_obtained":["WangLiang_OokamiKakushi_purple"]},{"damage_healed":0,"gold_gain":0,"player_choice":"Fight","damage_taken":0,"max_hp_gain":0,"max_hp_loss":0,"event_name":"OrinTheCat","floor":36,"gold_loss":0},{"cards_removed":["Defend_purpleEX"],"damage_healed":0,"gold_gain":0,"player_choice":"Removed Skill","damage_taken":0,"max_hp_gain":0,"max_hp_loss":0,"event_name":"Falling","floor":37,"gold_loss":0},{"cards_removed":["AT_purpleEX"],"damage_healed":0,"gold_gain":0,"player_choice":"Purged","damage_taken":0,"max_hp_gain":0,"max_hp_loss":0,"event_name":"Purifier","floor":39,"gold_loss":0}],"is_beta":false,"boss_relics":[{"not_picked":["Runic Pyramid","Cursed Key"],"picked":"AT_MortalBlade"},{"not_picked":["REME_ChargedStone","Fusion Hammer"],"picked":"Seventeenyearold_girl_Forever"}],"items_purged_floors":[5,19],"is_endless":false,"potions_floor_spawned":[7,11,16,18,24,33,38,45,46],"ascension_level":0}}