{"host":"2xnjhc1nuqzfyzm4","time":1614128152,"event":{"mods":["100% Spire Juice","Act Like it!","Arknights","BaseMod","Beaked The Cultist","Bestiary","Better Match","Better Note","Better Sensory Stone","Better Third Choice","Block Reminder","CapriCore","CatGirl Mod","ChefMod","Colored Powertips","Displayed Cursed Tome","Dota2Spire","Downfall","Ekko","Elementarium","GungeonMod","Hallownest","Hermit","Hubris","Infinite Spire","Jedi Mod","Jorbs\u0027s Wanderer Trilogy","Library of Ruina","Library of Ruina Extra","Luminous","Mad Scientist","Marisa????????","Menagerie","Minty Spire (QoL Compilation)","Poor People Problems","Potionbrewer","Prisma Mod","QueenMod","Relic Stats","Reliquary","Replay The Spire","Robot Space Explorer","Ruina","SIMod","Shade Mod","Shapeshifter Mod","Spikes Relics","StSLib","The Alterego","The Animator","The Blackbeard","The Bug Knight","The Cursed","The Death Knight","The Disciple","The Dragon Tamer","The Dragonkin","The Druid","The Elementalist","The Exalted","The Fake Hero","The Florist","The Gatherer","The Hayseed","The Hierophant","The Immortal","The Jungle","The Mystic","The Necromancer","The Poker Player","The Runesmith","The Sage","The Senshi","The Servant 0.9.4","The Showman","The Valiant","The Wild Card","TheBandit","TheSwordswoman","TheVacant","TheVelvet","TheWitcher","Trackpad","Waifu the Spire","WarShipGirlsR/????R mod","Yakumo Yukari mod"],"gold_per_floor":[215,139,154,154,171,171,204,204,204,204,204],"floor_reached":10,"language":"ENG","playtime":844,"items_purged":[],"score":66,"play_id":"9466bf1a-6da2-4ea9-8a1e-c34e362c6df6","local_time":"20210223165552","is_ascension_mode":false,"campfire_choices":[{"floor":6,"key":"RECALL"}],"circlet_count":0,"master_deck":["Dodge","LightDefense","LightAttack","LightAttack","LightAttack","LightDefense","LightDefense","LightDefense","ChargeAndCover","FocusedStrikes","UpbeatPerformance","Guardian_lor","FrontalAssault","EnergyShield","Pound"],"relics":["PageOfLibrarian","Bromod:ArcaneMomentum","trackpad:DisasterInABottle"],"acts_visited":["Exordium"],"potions_floor_usage":[],"damage_taken":[{"damage":0,"enemies":"2 Louse","floor":1,"turns":3},{"damage":0,"enemies":"ats:Genji","floor":3,"turns":5},{"damage":0,"enemies":"Small Slimes","floor":5,"turns":3},{"damage":11,"enemies":"Replay:BlueRogue","floor":7,"turns":7},{"damage":0,"enemies":"3 Sentries","floor":10,"turns":2}],"seed_played":"-4032082588456421248","potions_obtained":[{"floor":3,"key":"Elixir"},{"floor":7,"key":"Elixir"}],"is_trial":false,"path_per_floor":["M","$","M","?","M","R","E","?","T","E"],"character_chosen":"Librarian","items_purchased":["Guardian_lor"],"campfire_rested":0,"item_purchase_floors":[2],"current_hp_per_floor":[60,60,60,60,60,60,49,49,49,49,49],"gold":204,"neow_bonus":"HUNDRED_GOLD","is_daily":false,"chose_seed":false,"campfire_upgraded":0,"win_rate":0.0,"timestamp":1614128152,"path_taken":["M","$","M","?","M","R","E","?","T","E"],"items_purchased_type":["Card"],"build_version":"2020-12-22","purchased_purges":0,"victory":false,"max_hp_per_floor":[74,74,63,63,79,79,68,68,68,68,68],"relic_stats":{"counters":[5,20],"obtain_stats":[{"PageOfLibrarian":0,"DemoMod:GlassGuonStoneRelic":3,"trackpad:DisasterInABottle":9,"Bromod:ArcaneMomentum":7},{"PageOfLibrarian":0,"DemoMod:GlassGuonStoneRelic":2,"trackpad:DisasterInABottle":4,"Bromod:ArcaneMomentum":4},{"PageOfLibrarian":0,"DemoMod:GlassGuonStoneRelic":8,"trackpad:DisasterInABottle":18,"Bromod:ArcaneMomentum":18}]},"card_choices":[{"not_picked":["SomberProcuration","DevastatingThrash","StructuralAnalysis","BackAttack","QuickSuppression","Thrust","Tailoring","FleetFootsteps"],"picked":"UpbeatPerformance","floor":1},{"not_picked":["Reload","Standoff","AsThePrescriptOrders","ShrineToMusic","Thirst","ScatteringSlash","Creak","PreparedMind"],"picked":"FrontalAssault","floor":3},{"not_picked":["FieryDragonSlash","EnergyCycle","Fence","EnergyStrike","AsThePrescriptOrders","BackstreetsDash","PinpointShot","GrazeTheGrass"],"picked":"EnergyShield","floor":5},{"not_picked":["Quickness","SinglePointStab","SharpSwipe","Collision","Parry","BackAttack","SomberProcuration","FierceCharge"],"picked":"Pound","floor":7}],"player_experience":262967,"relics_obtained":[{"floor":7,"key":"Bromod:ArcaneMomentum"},{"floor":9,"key":"trackpad:DisasterInABottle"}],"event_choices":[],"is_beta":false,"boss_relics":[],"items_purged_floors":[],"is_endless":false,"potions_floor_spawned":[3,7],"killed_by":"3 Sentries","ascension_level":0}}