{"host":"i1peby39mt3us2ef","time":1614134550,"event":{"mods":["BaseMod","Better Altar","Better Match","Better Note","Better Sensory Stone","Better Skull","Downfall","Minty Spire (QoL Compilation)","Reliquary","Replay The Spire","StSLib"],"gold_per_floor":[115,131,149,324,324,360,360,383,383,407,427,447,447,462,462,583,583,603,618,201,214,214,214,214,214,214,114,127,127,127,140,140,268,268,281,300,400,413,428,428,467,73,100,65,65,65],"floor_reached":45,"language":"ENG","playtime":3842,"items_purged":["Doubt"],"score":549,"play_id":"db9a5f3e-8aa5-480d-ab36-cec54225ead1","local_time":"20210223194230","is_ascension_mode":false,"campfire_choices":[{"floor":7,"key":"REST"},{"floor":13,"key":"RECALL"},{"floor":15,"key":"REST"},{"data":"Infinite Blades","floor":23,"key":"SMITH"},{"data":"Catalyst","floor":25,"key":"SMITH"},{"floor":32,"key":"REST"},{"floor":40,"key":"REST"}],"circlet_count":0,"master_deck":["Strike_G","Strike_G","Strike_G","Strike_G","Strike_G","Defend_G+1","Defend_G+1","Defend_G","Defend_G","Defend_G","Survivor","Neutralize","Poisoned Stab","Sucker Punch","PiercingWail","Infinite Blades+1","Poisoned Stab","Leg Sweep","Dagger Throw","Heel Hook","Catalyst+1","Poison Darts","Cloak And Dagger","Footwork+1","Poisoned Stab","Cloak And Dagger+1","Leg Sweep+1","Poisoned Stab","Footwork","Endless Agony","Outmaneuver+1","HandOfGreed","Poisoned Strike","RitualDagger","Footwork","Poison Darts","Catalyst+1","Sucker Punch+1","Accuracy+1","Infinite Blades","PiercingWail+1","Draining Mist+1","Bouncing Flask","Infinite Blades","Blade Dance+1","Infinite Blades+1","Specialist","Noxious Fumes"],"relics":["Painkiller Herb","Golden Idol","Ornamental Fan","Garlic","ChewingGum","Prayer Wheel","Replay:Baseball","Philosopher\u0027s Stone","War Paint","Bronze Scales","DollysMirror","reliquary:RosewoodLute"],"acts_visited":["Exordium","TheCity","TheBeyond"],"potions_floor_usage":[16,16,16,31,33,33,45,45,45],"damage_taken":[{"damage":0,"enemies":"Small Slimes","floor":1,"turns":4},{"damage":1,"enemies":"Jaw Worm","floor":2,"turns":3},{"damage":0,"enemies":"2 Louse","floor":3,"turns":3},{"damage":37,"enemies":"Lagavulin","floor":6,"turns":11},{"damage":0,"enemies":"2 Fungi Beasts","floor":8,"turns":4},{"damage":0,"enemies":"Exordium Wildlife","floor":10,"turns":4},{"damage":0,"enemies":"Large Slime","floor":11,"turns":6},{"damage":0,"enemies":"2 Fungi Beasts","floor":12,"turns":4},{"damage":0,"enemies":"Blue Slaver","floor":14,"turns":4},{"damage":4,"enemies":"Hexaghost","floor":16,"turns":9},{"damage":1,"enemies":"3 Byrds","floor":18,"turns":5},{"damage":4,"enemies":"2 Thieves","floor":19,"turns":5},{"damage":0,"enemies":"Snake Plant","floor":21,"turns":4},{"damage":9,"enemies":"Snecko","floor":28,"turns":4},{"damage":14,"enemies":"Centurion and Healer","floor":31,"turns":7},{"damage":43,"enemies":"Automaton","floor":33,"turns":9},{"damage":0,"enemies":"Orb Walker","floor":35,"turns":1},{"damage":0,"enemies":"3 Shapes","floor":36,"turns":3},{"damage":44,"enemies":"3 Darklings","floor":38,"turns":5},{"damage":12,"enemies":"Jaw Worm Horde","floor":39,"turns":4},{"damage":8,"enemies":"Giant Head","floor":41,"turns":6},{"damage":35,"enemies":"Maw","floor":45,"turns":4}],"seed_played":"-6535059520085999579","potions_obtained":[{"floor":1,"key":"ColorlessPotion"},{"floor":2,"key":"bronze:BurnAndBuffPotion"},{"floor":8,"key":"SkillPotion"},{"floor":16,"key":"Swift Potion"},{"floor":18,"key":"DuplicationPotion"},{"floor":19,"key":"Fire Potion"},{"floor":33,"key":"Strength Potion"},{"floor":38,"key":"Fire Potion"},{"floor":39,"key":"hexamod:SoulburnPotion"}],"is_trial":false,"path_per_floor":["?","?","?","?","?","E","T","?","T","?","?","?","T","?","T","B",null,"?","?","T","?","?","T","?","T","T","T","?","?","?","?","T","B",null,"?","?","?","?","?","T","E","T","T","T","?"],"character_chosen":"THE_SILENT","items_purchased":["Prayer Wheel","Poisoned Stab","Poisoned Stab","Footwork","Bronze Scales","DollysMirror","Specialist","Noxious Fumes"],"campfire_rested":4,"item_purchase_floors":[20,20,27,27,42,42,42,44],"current_hp_per_floor":[70,69,69,69,52,15,36,36,36,36,36,36,36,36,57,53,70,69,65,65,65,65,65,65,65,65,65,56,56,50,36,57,14,70,70,70,70,26,14,35,27,27,27,27,0,0],"gold":65,"neow_bonus":"BOSS_RELIC","is_daily":false,"chose_seed":false,"campfire_upgraded":2,"win_rate":0.0,"timestamp":1614134550,"path_taken":["?","?","?","?","?","E","T","?","T","?","?","?","T","?","T","BOSS","?","?","T","?","?","T","?","T","T","?","?","?","?","?","T","BOSS","?","?","?","?","?","T","E","?","T","T","?"],"items_purchased_type":["Relic","Card","Card","Card","Relic","Relic","Card","Card"],"build_version":"2020-12-22","purchased_purges":1,"victory":false,"max_hp_per_floor":[70,70,70,70,70,70,70,70,70,70,70,70,70,70,70,70,70,70,70,70,70,70,70,70,70,70,70,70,70,70,70,70,70,70,70,70,70,70,70,70,70,70,70,70,70,70],"card_choices":[{"not_picked":["Bouncing Flask","Expertise"],"picked":"Poisoned Stab","floor":1},{"not_picked":["Backflip","Fluid Movement"],"picked":"Sucker Punch","floor":2},{"not_picked":["Backflip","Quick Slash"],"picked":"PiercingWail","floor":3},{"not_picked":["Underhanded Strike","Phantasmal Killer"],"picked":"Infinite Blades","floor":6},{"not_picked":["Blade Dance","Dodge and Roll"],"picked":"Poisoned Stab","floor":8},{"not_picked":["Masterful Stab","ReplayTheSpireMod:Exploit Weakness"],"picked":"Leg Sweep","floor":10},{"not_picked":["Sucker Punch","Underhanded Strike"],"picked":"Dagger Throw","floor":11},{"not_picked":["Bane","Sucker Punch"],"picked":"Heel Hook","floor":12},{"not_picked":["Replay:Poison Smokescreen","Caltrops"],"picked":"Catalyst","floor":14},{"not_picked":["Doppelganger","ReplayTheSpireMod:Necrosis"],"picked":"Poison Darts","floor":16},{"not_picked":["Flying Knee","Backflip"],"picked":"Cloak And Dagger","floor":18},{"not_picked":["Deflect","Tools of the Trade"],"picked":"Footwork+1","floor":19},{"not_picked":["ReplayTheSpireMod:Exploit Weakness+1","Dagger Throw"],"picked":"Cloak And Dagger+1","floor":21},{"not_picked":["Backflip","Distraction"],"picked":"Leg Sweep+1","floor":21},{"not_picked":["Sucker Punch+1","Flying Knee"],"picked":"Endless Agony","floor":28},{"not_picked":["Poisoned Stab","Dodge and Roll"],"picked":"Outmaneuver+1","floor":28},{"not_picked":["Replay:Sssssssssstrike","Bandage Up"],"picked":"HandOfGreed","floor":29},{"not_picked":["Replay:Parry","Panacea"],"picked":"Poisoned Strike","floor":29},{"not_picked":["Well Laid Plans","Blur"],"picked":"Footwork","floor":31},{"not_picked":["Slice","Tactician","Skewer"],"picked":"SKIP","floor":31},{"not_picked":["Bullet Time","Wraith Form v2"],"picked":"Poison Darts","floor":33},{"not_picked":["Deadly Poison+1","Underhanded Strike+1"],"picked":"Catalyst+1","floor":35},{"not_picked":["Quick Slash","Reflex+1"],"picked":"Sucker Punch+1","floor":35},{"not_picked":["Hidden Blade+1","Outmaneuver+1"],"picked":"Accuracy+1","floor":36},{"not_picked":["Eviscerate+1","Outmaneuver"],"picked":"Infinite Blades","floor":36},{"not_picked":["Hidden Blade+1","All Out Attack+1"],"picked":"PiercingWail+1","floor":38},{"not_picked":["Acrobatics","Catalyst"],"picked":"Draining Mist+1","floor":38},{"not_picked":["Underhanded Strike","Distraction"],"picked":"Bouncing Flask","floor":39},{"not_picked":["Dagger Throw+1","Finisher+1"],"picked":"Infinite Blades","floor":39},{"not_picked":["Reflex+1","Hidden Blade"],"picked":"Blade Dance+1","floor":41}],"player_experience":86556,"relics_obtained":[{"floor":6,"key":"Ornamental Fan"},{"floor":9,"key":"Garlic"},{"floor":41,"key":"War Paint"},{"floor":43,"key":"reliquary:RosewoodLute"}],"event_choices":[{"damage_healed":0,"gold_gain":175,"player_choice":"AGREE","damage_taken":0,"max_hp_gain":0,"max_hp_loss":0,"event_name":"Liars Game","floor":4,"gold_loss":0,"cards_obtained":["Doubt"]},{"damage_healed":0,"gold_gain":0,"player_choice":"Take Damage","damage_taken":17,"relics_obtained":["Golden Idol"],"max_hp_gain":0,"max_hp_loss":0,"event_name":"Golden Idol","floor":5,"gold_loss":0},{"cards_removed":["Defend_G"],"damage_healed":0,"gold_gain":0,"player_choice":"Give","damage_taken":0,"max_hp_gain":0,"max_hp_loss":0,"event_name":"betterNote:BetterNote","floor":22,"gold_loss":0,"cards_obtained":["Strike_G"]},{"damage_healed":0,"gold_gain":2,"player_choice":"1","damage_taken":0,"max_hp_gain":0,"max_hp_loss":0,"event_name":"betterStone:BetterStone","floor":29,"gold_loss":0},{"damage_healed":0,"gold_gain":0,"player_choice":"Joined the Cult","damage_taken":6,"max_hp_gain":0,"max_hp_loss":0,"event_name":"Nest","floor":30,"gold_loss":0,"cards_obtained":["RitualDagger"]},{"damage_healed":0,"gold_gain":100,"player_choice":"Pray","damage_taken":0,"max_hp_gain":0,"max_hp_loss":0,"event_name":"Golden Shrine","floor":37,"gold_loss":0}],"is_beta":false,"boss_relics":[{"not_picked":["Empty Cage","Astrolabe"],"picked":"ChewingGum"},{"not_picked":["Coffee Dripper","bronze:MakeshiftBattery"],"picked":"Philosopher\u0027s Stone"}],"items_purged_floors":[20],"is_endless":false,"potions_floor_spawned":[1,2,8,14,16,18,19,33,38,39],"killed_by":"Maw","ascension_level":0}}