{"host":"fwdkxxz7291ipt0p","time":1614173377,"event":{"mods":["Act Like it!","BaseMod","Bossed Relics","Dota2Spire","Energized Spire","Marked Mod","Minty Spire (QoL Compilation)","Relic Filter Mod","StSLib","The Administrix","The Cursed","The Hierophant","The Runesmith","Youmu£®ªÍ∆«—˝√Œ£©"],"gold_per_floor":[113,113,38,55,55,87,98,98,98,109,109,109,126,1,1,99,99,115,126,144,144,19,19,64,82,130,130,179,278,478,518,518,653,653,667,715,755,735,396,424,424,279,279,344,363,148,198,0,0,30],"floor_reached":51,"language":"ZHS","playtime":4549,"items_purged":["TheCursedMod:Strike_TheCursed","TheCursedMod:Defend_TheCursed","TheCursedMod:Defend_TheCursed","TheCursedMod:Strike_TheCursed","TheCursedMod:Torture+1"],"score":796,"play_id":"d6a813e7-89c0-40d9-9930-5cfcb154ef2d","local_time":"20210224212937","is_ascension_mode":true,"campfire_choices":[{"data":"TheCursedMod:ReleasedStrength","floor":15.0,"key":"SMITH"},{"data":"TheCursedMod:HellfireBreathing","floor":23.0,"key":"SMITH"},{"data":"TheCursedMod:Neurasthenia","floor":27.0,"key":"SMITH"},{"data":"TheCursedMod:CleanUpWorkshop","floor":32.0,"key":"SMITH"},{"data":"TheCursedMod:CollectTribute","floor":41,"key":"SMITH"},{"data":"TheCursedMod:Hemoplague","floor":49,"key":"SMITH"}],"circlet_count":0,"master_deck":["TheCursedMod:Strike_TheCursed","TheCursedMod:Defend_TheCursed","TheCursedMod:CursedWand","TheCursedMod:CleanUpWorkshop+1","TheCursedMod:Dregs","TheCursedMod:CircleOfCorruption+1","TheCursedMod:ReleasedStrength+1","TheCursedMod:CursedBlade","TheCursedMod:HellfireBreathing+1","TheCursedMod:RapidMovement","TheCursedMod:Neurasthenia+1","TheCursedMod:WearCloak","TheCursedMod:HellsGateOpen+1","TheCursedMod:Obscuration+1","TheCursedMod:CollectTribute+1","TheCursedMod:Hemoplague+1","TheCursedMod:TacticalStrike+1","TheCursedMod:ReleasedStrength+1","TheCursedMod:AbyssShockwave"],"relics":["TheCursedMod:BlackMagicAdvanced","NeowsBlessing","Kunai","Potion Belt","Dota2Spire:Bloodstone","Dota2Spire:HandOfMidas","PreservedInsect","Oddly Smooth Stone","Shuriken","Dota2Spire:DrumOfEndurance","Dota2Spire:Dagon","Dota2Spire:MantaStyle","Red Mask"],"acts_visited":["Exordium","TheCity","TheBeyond"],"potions_floor_usage":[50,50,50,50,50],"damage_taken":[{"damage":0.0,"enemies":"Jaw Worm","floor":1.0,"turns":1.0},{"damage":0.0,"enemies":"2 Louse","floor":4.0,"turns":1.0},{"damage":0.0,"enemies":"3 Sentries","floor":6.0,"turns":2.0},{"damage":0.0,"enemies":"Cultist","floor":7.0,"turns":3.0},{"damage":2.0,"enemies":"Blue Slaver","floor":10.0,"turns":3.0},{"damage":1.0,"enemies":"Exordium Thugs","floor":13.0,"turns":3.0},{"damage":35.0,"enemies":"Slime Boss","floor":16.0,"turns":7.0},{"damage":0.0,"enemies":"Chosen","floor":18.0,"turns":4.0},{"damage":14.0,"enemies":"2 Thieves","floor":19.0,"turns":4.0},{"damage":9.0,"enemies":"Cultist and Chosen","floor":20.0,"turns":5.0},{"damage":2.0,"enemies":"Snecko","floor":24.0,"turns":4.0},{"damage":0.0,"enemies":"3 Cultists","floor":25.0,"turns":4.0},{"damage":6.0,"enemies":"Snake Plant","floor":28.0,"turns":2.0},{"damage":0.0,"enemies":"Cultist and Chosen","floor":31.0,"turns":5.0},{"damage":26.0,"enemies":"Automaton","floor":33.0,"turns":7.0},{"damage":0.0,"enemies":"Orb Walker","floor":35.0,"turns":2.0},{"damage":0.0,"enemies":"3 Shapes","floor":36.0,"turns":4.0},{"damage":0.0,"enemies":"Writhing Mass","floor":37.0,"turns":5.0},{"damage":0,"enemies":"Giant Head","floor":40,"turns":4},{"damage":0,"enemies":"Reptomancer","floor":44,"turns":3},{"damage":5,"enemies":"Jaw Worm Horde","floor":45,"turns":2},{"damage":0,"enemies":"3 Darklings","floor":47,"turns":3},{"damage":12,"enemies":"Awakened One","floor":50,"turns":7}],"seed_played":"-4117035035822390720","potions_obtained":[{"floor":1.0,"key":"FearPotion"},{"floor":4.0,"key":"Fire Potion"},{"floor":6.0,"key":"SpeedPotion"},{"floor":7.0,"key":"GamblersBrew"},{"floor":18.0,"key":"Strength Potion"},{"floor":25.0,"key":"ColorlessPotion"},{"floor":28.0,"key":"Regen Potion"},{"floor":33.0,"key":"Weak Potion"},{"floor":36.0,"key":"Block Potion"},{"floor":38,"key":"EntropicBrew"}],"is_trial":false,"path_per_floor":["M","?","$","M","?","E","M","?","T","M","$","?","M","$","R","B",null,"M","M","M","?","$","R","M","M","T","R","M","?","?","M","R","B",null,"M","M","M","?","$","E","R","$","T","E","M","$","M","?","R","B",null],"character_chosen":"THE_CURSED","items_purchased":["TheCursedMod:RapidMovement","Oddly Smooth Stone","TheCursedMod:Hemoplague","Dota2Spire:DrumOfEndurance","TheCursedMod:AbyssShockwave"],"campfire_rested":0,"item_purchase_floors":[14,39,39,42,46],"current_hp_per_floor":[75,68,68,68,68,68,68,68,68,66,66,66,65,65,65,30,75,75,61,52,52,52,52,50,50,50,50,44,44,44,58,58,32,75,75,75,75,75,75,75,75,75,75,75,70,70,70,70,70,58],"gold":30,"neow_bonus":"THREE_ENEMY_KILL","is_daily":false,"chose_seed":false,"campfire_upgraded":6,"win_rate":0.0,"timestamp":1614173377,"path_taken":["M","?","$","M","?","E","?","?","T","M","?","?","M","$","R","BOSS","M","M","M","?","$","R","M","M","T","R","?","?","?","M","R","BOSS","M","M","?","?","$","E","R","?","T","E","M","$","M","?","R","BOSS"],"items_purchased_type":["Card","Relic","Card","Relic","Card"],"build_version":"2020-12-22","purchased_purges":5,"victory":true,"max_hp_per_floor":[75,75,75,75,75,75,75,75,75,75,75,75,75,75,75,75,75,75,75,75,75,75,75,75,75,75,75,75,75,75,75,75,75,75,75,75,75,75,75,75,75,75,75,75,75,75,75,75,75,75],"card_choices":[{"not_picked":["TheCursedMod:EmpowerCircles","TheCursedMod:CursedBoomerang"],"picked":"TheCursedMod:CircleOfCorruption","floor":1.0},{"not_picked":["TheCursedMod:FleshFromBone","TheCursedMod:HellsGateOpen"],"picked":"TheCursedMod:Torture","floor":4.0},{"not_picked":["TheCursedMod:TroublousMinions","TheCursedMod:DoubleShield"],"picked":"TheCursedMod:ReleasedStrength","floor":6.0},{"not_picked":["TheCursedMod:SmokeScreen","TheCursedMod:SoulReap","TheCursedMod:EmpowerCircles"],"picked":"SKIP","floor":7.0},{"not_picked":["TheCursedMod:CircleOfCorruption","TheCursedMod:CursedStaff"],"picked":"TheCursedMod:CursedBlade","floor":10.0},{"not_picked":["TheCursedMod:CursedBlade","TheCursedMod:SaltUponWound"],"picked":"TheCursedMod:HellfireBreathing","floor":13.0},{"not_picked":["TheCursedMod:AntiAging","TheCursedMod:StunningStrike"],"picked":"TheCursedMod:Neurasthenia","floor":16.0},{"not_picked":["TheCursedMod:CircleOfFocus","TheCursedMod:AshesToAshes","TheCursedMod:Mangle"],"picked":"SKIP","floor":18.0},{"not_picked":["TheCursedMod:CircleOfFocus","TheCursedMod:AshesToAshes","TheCursedMod:Mangle"],"picked":"SKIP","floor":18.0},{"not_picked":["TheCursedMod:Torture+1","TheCursedMod:FuryStrike+1"],"picked":"TheCursedMod:WearCloak","floor":19.0},{"not_picked":["TheCursedMod:PrepareRite+1","TheCursedMod:SpitefulPray+1"],"picked":"TheCursedMod:HellsGateOpen+1","floor":20.0},{"not_picked":["TheCursedMod:Stigma","TheCursedMod:ManaBullet","TheCursedMod:WearCloak"],"picked":"SKIP","floor":24.0},{"not_picked":["TheCursedMod:SpitefulPray","TheCursedMod:RapidMovement"],"picked":"TheCursedMod:Obscuration+1","floor":25.0},{"not_picked":["TheCursedMod:CursedAmulet","TheCursedMod:TacticalStrike","TheCursedMod:Stretching"],"picked":"SKIP","floor":28.0},{"not_picked":["TheCursedMod:SmokeScreen","TheCursedMod:CircleOfFlame","TheCursedMod:CursedStaff"],"picked":"SKIP","floor":31.0},{"not_picked":["TheCursedMod:SurpriseAttack+1","TheCursedMod:RavingStaff","TheCursedMod:SmokeScreen"],"picked":"SKIP","floor":35.0},{"not_picked":["TheCursedMod:SmokeScreen+1","TheCursedMod:CircleOfBlood","TheCursedMod:TroublousMinions+1"],"picked":"SKIP","floor":36.0},{"not_picked":["TheCursedMod:CircleOfCorruption+1","TheCursedMod:SpitefulStrike+1"],"picked":"TheCursedMod:CollectTribute","floor":37.0},{"not_picked":["TheCursedMod:CursedBlade+1","TheCursedMod:RapidMovement+1","TheCursedMod:HellsGateOpen+1"],"picked":"SKIP","floor":40},{"not_picked":["TheCursedMod:Hemoplague+1","TheCursedMod:CursedBlade"],"picked":"TheCursedMod:TacticalStrike+1","floor":44},{"not_picked":["TheCursedMod:Wield","TheCursedMod:HellsGateOpen"],"picked":"TheCursedMod:ReleasedStrength+1","floor":45},{"not_picked":["TheCursedMod:SoulCrush","TheCursedMod:Stretching+1","TheCursedMod:Neurasthenia"],"picked":"SKIP","floor":47}],"player_experience":560400,"relics_obtained":[{"floor":6.0,"key":"Kunai"},{"floor":9.0,"key":"Potion Belt"},{"floor":26.0,"key":"PreservedInsect"},{"floor":40,"key":"Shuriken"},{"floor":43,"key":"Dota2Spire:Dagon"},{"floor":44,"key":"Dota2Spire:MantaStyle"}],"event_choices":[{"cards_removed":["TheCursedMod:Strike_TheCursed"],"damage_healed":0.0,"max_hp_gain":0.0,"max_hp_loss":0.0,"gold_gain":0.0,"event_name":"Golden Wing","player_choice":"Card Removal","floor":2.0,"gold_loss":0.0,"damage_taken":7.0},{"damage_healed":0.0,"max_hp_gain":0.0,"max_hp_loss":0.0,"gold_gain":0.0,"event_name":"Accursed Blacksmith","player_choice":"Forge","floor":5.0,"gold_loss":0.0,"damage_taken":0.0,"cards_upgraded":["TheCursedMod:Torture"]},{"cards_removed":["TheCursedMod:Defend_TheCursed"],"damage_healed":0.0,"max_hp_gain":0.0,"max_hp_loss":0.0,"gold_gain":0.0,"event_name":"Purifier","player_choice":"Purged","floor":8.0,"gold_loss":0.0,"damage_taken":0.0},{"damage_healed":0.0,"max_hp_gain":0.0,"max_hp_loss":0.0,"gold_gain":0.0,"event_name":"Living Wall","player_choice":"Grow","floor":12.0,"gold_loss":0.0,"damage_taken":0.0,"cards_upgraded":["TheCursedMod:CircleOfCorruption"]},{"damage_healed":0.0,"max_hp_gain":0.0,"max_hp_loss":0.0,"gold_gain":0.0,"event_name":"WeMeetAgain","player_choice":"Gave Potion","floor":21.0,"gold_loss":0.0,"damage_taken":0.0,"relics_obtained":["Dota2Spire:HandOfMidas"]},{"damage_healed":0.0,"max_hp_gain":0.0,"max_hp_loss":0.0,"gold_gain":99.0,"event_name":"Nest","player_choice":"Stole From Cult","floor":29.0,"gold_loss":0.0,"damage_taken":0.0},{"damage_healed":0.0,"max_hp_gain":0.0,"max_hp_loss":0.0,"gold_gain":250.0,"event_name":"The Joust","player_choice":"Bet on Owner","floor":30.0,"gold_loss":50.0,"damage_taken":0.0},{"damage_healed":0,"gold_gain":0,"player_choice":"Bought 1 Potion","damage_taken":0,"max_hp_gain":0,"max_hp_loss":0,"event_name":"The Woman in Blue","floor":38,"gold_loss":0},{"damage_healed":0,"gold_gain":0,"player_choice":"Paid","damage_taken":0,"relics_obtained":["Red Mask"],"max_hp_gain":0,"max_hp_loss":0,"event_name":"Tomb of Lord Red Mask","floor":48,"gold_loss":198}],"is_beta":false,"boss_relics":[{"not_picked":["Empty Cage","TheCursedMod:FourLeafCloverCharm"],"picked":"Dota2Spire:Bloodstone"},{"not_picked":["energizedSpire:RedRose","Coffee Dripper"],"picked":"TheCursedMod:BlackMagicAdvanced"}],"items_purged_floors":[3,14,22,39,46],"is_endless":false,"potions_floor_spawned":[1,4,6,7,18,25,28,33,36,40,44,45],"ascension_level":1}}