{"host":"yx5rao87132cy5xq","time":1614174137,"event":{"mods":["2.2 Compatiblity","AchievementEnabler","BaseMod","Bestiary","Colored Map","Colored Powertips","Highlight Path","Minty Spire (QoL Compilation)","Quick Restart","Relic Stats","Slay-I","SuperFastMode"],"gold_per_floor":[109,161,177,277,296,296,328,328,328,341,94,126,142,160,160,232,232,245,245,245,264,10,10,10],"floor_reached":23,"language":"ENG","playtime":2015,"items_purged":["Strike_R"],"score":427,"play_id":"6f235a0c-579b-42d6-9ba8-b6639772992f","local_time":"20210224144217","is_ascension_mode":true,"campfire_choices":[{"data":"Uppercut","floor":6,"key":"SMITH"},{"data":"Bash","floor":8,"key":"SMITH"},{"data":"Armaments","floor":15,"key":"SMITH"}],"circlet_count":0,"master_deck":["AscendersBane","Strike_R","Defend_R","Defend_R","Defend_R","Defend_R","Bash+1","Uppercut+1","Headbutt","Rupture","Bludgeon","True Grit","Shrug It Off","Hemokinesis","Armaments+1","Reaper","Shrug It Off","Offering","Blood for Blood+1","Rage+1","Combust+1","Rupture+1","Battle Trance"],"relics":["Burning Blood","White Beast Statue","Bag of Preparation","Orrery","Mango","Astrolabe","Nilry\u0027s Codex","Medical Kit"],"acts_visited":["Exordium","TheCity"],"potions_floor_usage":[7,7,12,16,16,23],"damage_taken":[{"damage":2,"enemies":"Jaw Worm","floor":1,"turns":5},{"damage":1,"enemies":"2 Louse","floor":3,"turns":2},{"damage":1,"enemies":"Cultist","floor":5,"turns":3},{"damage":27,"enemies":"Lagavulin","floor":7,"turns":6},{"damage":7,"enemies":"Blue Slaver","floor":10,"turns":5},{"damage":24,"enemies":"3 Sentries","floor":12,"turns":10},{"damage":2,"enemies":"Looter","floor":13,"turns":3},{"damage":2,"enemies":"2 Fungi Beasts","floor":14,"turns":3},{"damage":83,"enemies":"Hexaghost","floor":16,"turns":11},{"damage":13,"enemies":"2 Thieves","floor":18,"turns":3},{"damage":36,"enemies":"Shell Parasite","floor":21,"turns":6},{"damage":41,"enemies":"Book of Stabbing","floor":23,"turns":5}],"seed_played":"-1857035675712431634","potions_obtained":[{"floor":1,"key":"Swift Potion"},{"floor":5,"key":"Block Potion"},{"floor":7,"key":"Regen Potion"},{"floor":10,"key":"Energy Potion"},{"floor":12,"key":"Fire Potion"},{"floor":16,"key":"Swift Potion"},{"floor":18,"key":"Block Potion"}],"is_trial":false,"path_per_floor":["M","?","M","?","M","R","E","R","T","M","$","E","M","M","R","B",null,"M","?","?","M","$","E"],"character_chosen":"IRONCLAD","items_purchased":["Orrery","Medical Kit","Battle Trance"],"campfire_rested":0,"item_purchase_floors":[11,22,22],"current_hp_per_floor":[79,79,82,82,82,82,61,61,61,60,60,66,70,74,74,19,77,78,78,57,27,27,0,0],"gold":10,"neow_bonus":"TEN_PERCENT_HP_BONUS","is_daily":false,"chose_seed":false,"campfire_upgraded":3,"win_rate":0.0,"timestamp":1614174137,"path_taken":["M","?","M","?","M","R","E","R","T","?","$","E","M","M","R","BOSS","M","?","?","M","$","E"],"items_purchased_type":["Relic","Relic","Card"],"build_version":"2020-12-22","purchased_purges":1,"victory":false,"max_hp_per_floor":[82,82,82,82,82,82,82,82,82,82,82,96,96,96,96,96,96,96,96,96,96,96,96,96],"relic_stats":{"counters":[12,62],"Astrolabe":["Blood for Blood","Rage","Combust"],"Bag of Preparation":[16],"Medical Kit":[1],"obtain_stats":[{"Nilry\u0027s Codex":20,"Astrolabe":17,"Orrery":11,"Mango":12,"Bag of Preparation":9,"Medical Kit":22,"Burning Blood":0,"White Beast Statue":7},{"Nilry\u0027s Codex":10,"Astrolabe":9,"Orrery":5,"Mango":6,"Bag of Preparation":4,"Medical Kit":11,"Burning Blood":0,"White Beast Statue":4},{"Nilry\u0027s Codex":51,"Astrolabe":48,"Orrery":21,"Mango":31,"Bag of Preparation":16,"Medical Kit":57,"Burning Blood":0,"White Beast Statue":16}],"Burning Blood":59},"card_choices":[{"not_picked":["Cleave","Rage"],"picked":"Uppercut","floor":1},{"not_picked":["Body Slam","Thunderclap"],"picked":"Headbutt","floor":3},{"not_picked":["Entrench","Perfected Strike"],"picked":"Rupture","floor":5},{"not_picked":["Heavy Blade","Iron Wave"],"picked":"Bludgeon","floor":7},{"not_picked":["Seeing Red","Clothesline"],"picked":"True Grit","floor":10},{"not_picked":["Second Wind","Thunderclap"],"picked":"Shrug It Off","floor":11},{"not_picked":["Wild Strike","True Grit"],"picked":"Hemokinesis","floor":11},{"not_picked":["Warcry","Sever Soul"],"picked":"Armaments","floor":11},{"not_picked":["Warcry","Thunderclap"],"picked":"Reaper","floor":11},{"not_picked":["Clothesline","Pummel"],"picked":"Shrug It Off","floor":12},{"not_picked":["Sword Boomerang","Twin Strike","Headbutt"],"picked":"SKIP","floor":13},{"not_picked":["Shrug It Off","Armaments","Pommel Strike"],"picked":"SKIP","floor":14},{"not_picked":["Berserk","Bludgeon"],"picked":"Offering","floor":16},{"not_picked":["Warcry","Inflame"],"picked":"Rupture+1","floor":18},{"not_picked":["True Grit","Hemokinesis","Havoc"],"picked":"SKIP","floor":21}],"player_experience":1161321,"relics_obtained":[{"floor":7,"key":"White Beast Statue"},{"floor":9,"key":"Bag of Preparation"},{"floor":12,"key":"Mango"},{"floor":20,"key":"Nilry\u0027s Codex"}],"event_choices":[{"damage_healed":0,"gold_gain":52,"player_choice":"Gained Gold","damage_taken":0,"max_hp_gain":0,"max_hp_loss":0,"event_name":"Golden Wing","floor":2,"gold_loss":0},{"damage_healed":0,"gold_gain":100,"player_choice":"Gold","damage_taken":0,"max_hp_gain":0,"max_hp_loss":0,"event_name":"Wheel of Change","floor":4,"gold_loss":0},{"damage_healed":0,"gold_gain":0,"player_choice":"Ignored","damage_taken":0,"max_hp_gain":0,"max_hp_loss":0,"event_name":"The Mausoleum","floor":19,"gold_loss":0},{"damage_healed":0,"gold_gain":0,"player_choice":"Obtained Book","damage_taken":21,"max_hp_gain":0,"max_hp_loss":0,"event_name":"Cursed Tome","floor":20,"gold_loss":0}],"is_beta":false,"boss_relics":[{"not_picked":["Coffee Dripper","Runic Pyramid"],"picked":"Astrolabe"}],"items_purged_floors":[11],"is_endless":false,"potions_floor_spawned":[1,5,7,10,12,13,14,16,18,21],"killed_by":"Book of Stabbing","ascension_level":20}}