{"host":"x039aayur7qovk2d","time":1614202566,"event":{"mods":["AchievementEnabler","BaseMod","Block Reminder","Colored Map","Colored Powertips","DeckTracker","Googly Eyes","Highlight Path","Minty Spire (QoL Compilation)","Permanent Neow","Quick Restart","Rare Cards Sparkle","Relic Sorter","Relic Stats"],"gold_per_floor":[16,28,38,53,68,102,102,102,125,125,135,154,154,183,183,278,278,293,304,304,304],"floor_reached":20,"language":"ENG","playtime":1515,"items_purged":[],"score":238,"play_id":"f2e56bcb-7dbd-41ff-89ed-5962a0fca864","local_time":"20210224133606","is_ascension_mode":false,"campfire_choices":[{"floor":7.0,"key":"RECALL"},{"data":"Pommel Strike","floor":10.0,"key":"SMITH"},{"data":"Clothesline","floor":13.0,"key":"SMITH"},{"data":"Infernal Blade","floor":15.0,"key":"SMITH"}],"circlet_count":0,"master_deck":["Strike_R","Strike_R","Strike_R","Strike_R","Strike_R","Defend_R","Defend_R","Defend_R","Defend_R+1","Bash","Feed","Pommel Strike+1","Shrug It Off+1","Carnage","Flex","Battle Trance","Regret","Clothesline+1","Twin Strike","Infernal Blade+1","Double Tap","Shrug It Off","Uppercut"],"relics":["Burning Blood","War Paint","Pen Nib","Regal Pillow","Runic Pyramid"],"acts_visited":["Exordium","TheCity"],"potions_floor_usage":[],"damage_taken":[{"damage":0.0,"enemies":"2 Louse","floor":1.0,"turns":4.0},{"damage":2.0,"enemies":"Small Slimes","floor":2.0,"turns":4.0},{"damage":6.0,"enemies":"Jaw Worm","floor":3.0,"turns":3.0},{"damage":8.0,"enemies":"2 Fungi Beasts","floor":4.0,"turns":4.0},{"damage":2.0,"enemies":"Exordium Thugs","floor":5.0,"turns":4.0},{"damage":13.0,"enemies":"3 Sentries","floor":6.0,"turns":10.0},{"damage":0.0,"enemies":"3 Louse","floor":11.0,"turns":3.0},{"damage":16.0,"enemies":"2 Fungi Beasts","floor":12.0,"turns":3.0},{"damage":29.0,"enemies":"Lagavulin","floor":14.0,"turns":5.0},{"damage":28.0,"enemies":"Slime Boss","floor":16.0,"turns":10.0},{"damage":27,"enemies":"Spheric Guardian","floor":18,"turns":4},{"damage":25,"enemies":"3 Byrds","floor":19,"turns":7},{"damage":82,"enemies":"Centurion and Healer","floor":20,"turns":10}],"seed_played":"-1619497002062810792","potions_obtained":[{"floor":2.0,"key":"Energy Potion"},{"floor":3.0,"key":"Energy Potion"},{"floor":12.0,"key":"CultistPotion"},{"floor":16.0,"key":"ElixirPotion"},{"floor":19,"key":"AttackPotion"}],"is_trial":false,"path_per_floor":["M","M","M","M","M","E","R","?","T","R","M","M","R","E","R","B",null,"M","M","M"],"character_chosen":"IRONCLAD","items_purchased":[],"campfire_rested":0,"item_purchase_floors":[],"current_hp_per_floor":[83,86,89,90,95,91,91,91,91,91,100,93,93,70,70,51,107,89,73,0,0],"gold":304,"neow_bonus":"THREE_RARE_CARDS","is_daily":false,"chose_seed":false,"campfire_upgraded":3,"win_rate":0.0,"timestamp":1614202566,"path_taken":["M","M","M","M","M","E","R","?","T","R","M","M","R","E","R","BOSS","M","M","M"],"items_purchased_type":[],"build_version":"2020-12-22","purchased_purges":0,"victory":false,"max_hp_per_floor":[83,86,89,92,95,98,98,98,98,98,101,104,104,104,104,107,107,110,113,116,116],"relic_stats":{"Regal Pillow":0,"counters":[13,71],"Pen Nib":[7],"War Paint":["Shrug It Off","Defend_R"],"obtain_stats":[{"Regal Pillow":14,"Pen Nib":8,"War Paint":6,"Burning Blood":0,"Runic Pyramid":17},{"Regal Pillow":9,"Pen Nib":6,"War Paint":6,"Burning Blood":0,"Runic Pyramid":10},{"Regal Pillow":40,"Pen Nib":29,"War Paint":29,"Burning Blood":0,"Runic Pyramid":50}],"Burning Blood":60},"card_choices":[{"not_picked":["Berserk","Limit Break"],"picked":"Feed","floor":0.0},{"not_picked":["Ghostly Armor","Anger"],"picked":"Pommel Strike","floor":1.0},{"not_picked":["Clothesline","Cleave"],"picked":"Shrug It Off","floor":2.0},{"not_picked":["Havoc","Carnage","Battle Trance"],"picked":"SKIP","floor":3.0},{"not_picked":["Whirlwind","Twin Strike"],"picked":"Carnage","floor":4.0},{"not_picked":["Second Wind","Fire Breathing"],"picked":"Flex","floor":5.0},{"not_picked":["Limit Break","Berserk"],"picked":"Battle Trance","floor":6.0},{"not_picked":["Anger","Reckless Charge"],"picked":"Clothesline","floor":11.0},{"not_picked":["Iron Wave","Pummel"],"picked":"Twin Strike","floor":12.0},{"not_picked":["Sever Soul","Heavy Blade"],"picked":"Infernal Blade","floor":14.0},{"not_picked":["Demon Form","Fiend Fire"],"picked":"Double Tap","floor":16.0},{"not_picked":["Iron Wave","Cleave"],"picked":"Shrug It Off","floor":18},{"not_picked":["Clash","Shrug It Off"],"picked":"Uppercut","floor":19}],"player_experience":119801,"relics_obtained":[{"floor":6.0,"key":"War Paint"},{"floor":14.0,"key":"Regal Pillow"}],"event_choices":[{"damage_healed":0.0,"max_hp_gain":0.0,"max_hp_loss":0.0,"gold_gain":0.0,"event_name":"Big Fish","player_choice":"Box","floor":8.0,"gold_loss":0.0,"damage_taken":0.0,"relics_obtained":["Pen Nib"],"cards_obtained":["Regret"]}],"is_beta":false,"boss_relics":[{"not_picked":["Runic Dome","Fusion Hammer"],"picked":"Runic Pyramid"}],"items_purged_floors":[],"is_endless":false,"potions_floor_spawned":[2,3,12,16,19],"killed_by":"Centurion and Healer","ascension_level":0}}