{"host":"uo2uiso6cn7k493z","time":1614185923,"event":{"mods":["BaseMod","Colored Map","DeckTracker","Minty Spire (QoL Compilation)","Random Character Button","Unceasing Turn Reminder"],"gold_per_floor":[118,118,118,83,106,106,139,139,139,139,163,207,66,101,101,226,226,250,263,263,276,276,276],"floor_reached":22,"language":"ENG","playtime":938,"items_purged":[],"score":261,"play_id":"809dbde4-6f9f-46c4-8fc9-461bdd1593ee","local_time":"20210224185843","is_ascension_mode":true,"campfire_choices":[{"data":"Eruption","floor":6,"key":"SMITH"},{"data":"Evaluate","floor":8,"key":"SMITH"},{"data":"Crescendo","floor":10,"key":"SMITH"},{"floor":15,"key":"REST"}],"circlet_count":0,"master_deck":["Strike_P","Strike_P","Strike_P","Defend_P","Defend_P","Defend_P","Defend_P","Eruption+1","Vigilance","Evaluate+1","Consecrate","Crescendo+1","ClearTheMind","Devotion","Study","MasterReality","PathToVictory","MasterReality"],"relics":["HolyWater","NeowsBlessing","Bag of Preparation","Golden Idol","Kunai","Vajra","Sundial","Regal Pillow"],"acts_visited":["Exordium","TheCity"],"potions_floor_usage":[12],"damage_taken":[{"damage":0,"enemies":"Small Slimes","floor":1,"turns":1},{"damage":0,"enemies":"Jaw Worm","floor":5,"turns":1},{"damage":0,"enemies":"Gremlin Nob","floor":7,"turns":1},{"damage":0,"enemies":"Cultist","floor":11,"turns":3},{"damage":24,"enemies":"3 Sentries","floor":12,"turns":10},{"damage":38,"enemies":"Gremlin Nob","floor":14,"turns":6},{"damage":32,"enemies":"The Guardian","floor":16,"turns":13},{"damage":8,"enemies":"Spheric Guardian","floor":18,"turns":4},{"damage":7,"enemies":"Shell Parasite","floor":19,"turns":6},{"damage":42,"enemies":"3 Cultists","floor":21,"turns":6},{"damage":17,"enemies":"Shelled Parasite and Fungi","floor":22,"turns":2}],"seed_played":"8158748376597192100","potions_obtained":[{"floor":7,"key":"Swift Potion"},{"floor":14,"key":"BottledMiracle"},{"floor":18,"key":"EssenceOfSteel"},{"floor":21,"key":"LiquidMemories"}],"is_trial":false,"path_per_floor":["M","?","?","?","M","R","E","R","T","R","M","E","$","E","R","B",null,"M","M","?","M","M"],"character_chosen":"WATCHER","items_purchased":["Devotion"],"campfire_rested":1,"item_purchase_floors":[13],"current_hp_per_floor":[72,69,51,69,69,69,69,69,69,69,69,45,45,7,43,11,72,64,57,57,15,0,0],"gold":276,"neow_bonus":"THREE_ENEMY_KILL","is_daily":false,"chose_seed":false,"campfire_upgraded":3,"win_rate":0.0,"timestamp":1614185923,"path_taken":["M","?","?","?","?","R","E","R","T","R","M","E","?","E","R","BOSS","M","M","?","?","M"],"items_purchased_type":["Card"],"build_version":"2020-12-22","purchased_purges":0,"victory":false,"max_hp_per_floor":[72,72,72,72,72,72,72,72,72,72,72,72,72,72,72,72,72,72,72,72,72,72,72],"card_choices":[{"not_picked":["FlyingSleeves","WindmillStrike"],"picked":"Evaluate","floor":1},{"not_picked":["Crescendo","EmptyBody"],"picked":"Consecrate","floor":5},{"not_picked":["FollowUp","JustLucky"],"picked":"Crescendo","floor":7},{"not_picked":["FollowUp","EmptyBody"],"picked":"ClearTheMind","floor":11},{"not_picked":["Crescendo","WheelKick","Adaptation"],"picked":"SKIP","floor":12},{"not_picked":["Evaluate","CarveReality"],"picked":"Study","floor":14},{"not_picked":["Establishment","Ragnarok"],"picked":"MasterReality","floor":16},{"not_picked":["FlurryOfBlows+1","EmptyFist"],"picked":"PathToVictory","floor":18},{"not_picked":["ClearTheMind","EmptyMind","BowlingBash"],"picked":"SKIP","floor":19},{"not_picked":["Consecrate","Protect+1","EmptyFist"],"picked":"SKIP","floor":21}],"player_experience":479241,"relics_obtained":[{"floor":7,"key":"Kunai"},{"floor":9,"key":"Vajra"},{"floor":12,"key":"Sundial"},{"floor":14,"key":"Regal Pillow"}],"event_choices":[{"damage_healed":0,"gold_gain":0,"player_choice":"Success","damage_taken":3,"relics_obtained":["Bag of Preparation"],"max_hp_gain":0,"max_hp_loss":0,"event_name":"Scrap Ooze","floor":2,"gold_loss":0},{"damage_healed":0,"gold_gain":0,"player_choice":"Take Damage","damage_taken":18,"relics_obtained":["Golden Idol"],"max_hp_gain":0,"max_hp_loss":0,"event_name":"Golden Idol","floor":3,"gold_loss":0},{"damage_healed":18,"gold_gain":0,"player_choice":"Healed","damage_taken":0,"max_hp_gain":0,"max_hp_loss":0,"event_name":"The Cleric","floor":4,"gold_loss":35},{"damage_healed":0,"gold_gain":0,"cards_transformed":["Strike_P"],"player_choice":"Transformed","damage_taken":0,"max_hp_gain":0,"max_hp_loss":0,"event_name":"Transmorgrifier","floor":20,"gold_loss":0,"cards_obtained":["MasterReality"]}],"is_beta":false,"boss_relics":[{"not_picked":["Cursed Key","Snecko Eye"],"picked":"HolyWater"}],"items_purged_floors":[],"is_endless":false,"potions_floor_spawned":[7,14,18,21],"killed_by":"Shelled Parasite and Fungi","ascension_level":3}}