{"host":"106a9i1yxyuuvaq3","time":1614187250,"event":{"mods":["2.2 Compatiblity","AchievementEnabler","Act Like it!","AlwaysNeverKeys","BaseMod","Better Altar","Better Match","Better Note","Better Sensory Stone","Better Skull","Better Third Choice","BetterRewards","Colored Map","Colored Powertips","Defuse TimeMaze Blight","Friendly Minions","Highlight Path","Hubris","Infinite Spire","Minty Spire (QoL Compilation)","Quick Restart","Random Character Button","Relic Filter","Relic Sorter","Replay The Spire","Spicy Shops","StSLib","SuperFastMode","The Administrix","The Animator","The Bug Knight","The Cursed","The Florist","The Gatherer","The Jungle","Unceasing Turn Reminder","Waifu the Spire"],"gold_per_floor":[118,128,128,138,258,288,288,288,288,321,334,345,377,377,377,377,377,478,478,506,534,565,577,589,632,671,683,721,752,764,776,788,812,824,936,948,972,995,1041,1080,1108,1120,1158,1187,1272,1284,1308,1350,801,813,813,813,813,813,137,171,171],"floor_reached":58,"language":"ENG","playtime":5792,"items_purged":["TheCursedMod:Dregs"],"score":1359,"play_id":"e2c59660-14dc-4a61-a41a-cbaa37259d6c","local_time":"20210224182050","is_ascension_mode":false,"metric_token":2385,"campfire_choices":[{"data":"Apotheosis","floor":7.0,"key":"SMITH"},{"data":"Gatherer:FlowerWhip","floor":17.0,"key":"SMITH"},{"data":"Gatherer:AlchemyTrial","floor":27,"key":"SMITH"},{"data":"Gatherer:FlowerShield","floor":31,"key":"SMITH"},{"data":"infinitespire:SevenWalls","floor":34,"key":"SMITH"},{"data":"Gatherer:HeartToFruit","floor":42,"key":"SMITH"},{"floor":51,"key":"REST"},{"data":"Gatherer:BomberForm","floor":51,"key":"SMITH"},{"data":"Gatherer:MindSearch","floor":54,"key":"SMITH"}],"circlet_count":0,"master_deck":["Gatherer:Strike_Gatherer","Gatherer:Strike_Gatherer","Gatherer:Strike_Gatherer+1","Gatherer:Strike_Gatherer+1","Gatherer:Strike_Gatherer","Gatherer:Defend_Gatherer","Gatherer:Defend_Gatherer","Gatherer:Defend_Gatherer","Gatherer:Defend_Gatherer","Gatherer:Defend_Gatherer","Gatherer:Centralize","Gatherer:FlowerWhip+1","Gatherer:AlchemyTrial+1","Apotheosis+1","Gatherer:FlowerFalling","Gatherer:MiningStrike","Gatherer:FlowerShield+1","Gatherer:RecoveryHerb","Gatherer:BomberForm+1","infinitespire:SevenWalls+1","infinitespire:Collect","Gatherer:MindSearch+1","Gatherer:FlowerBeam+1","Gatherer:HeartToFruit+1","Gatherer:BomberForm+1","Replay:Dark Deal+1","Gatherer:WitheringStrike+1","Gatherer:Photoscythe+1"],"relics":["Gatherer:MiracleBag","ReplayTheSpireMod:TigerMarble","Juzu Bracelet","Bag of Marbles","hubris:Icosahedron","Replay:Bottled Steam","hubris:Towel","Meat on the Bone","Omamori","Tiny Chest","Replay:Ancient Bell","MawBank","Ginger","Nloth\u0027s Gift","Bag of Preparation","infinitespire:PuzzleCube","hubris:EvacipatedBox","hubris:FruitBowl","hubris:TenFootPole","Pondfish Scales","hubris:SlimyHat","Whetstone","Question Card","Golden Egg","Letter Opener","ReplayTheSpireMod:ShopPack","infinitespire:Magic Flask","infinitespire:Lucky Rock","ReplayTheSpireMod:Lightbulb","HornCleat","Bottled Tornado"],"acts_visited":["Exordium","TheCity","TheBeyond","TheEnding"],"potions_floor_usage":[38,43,48,56,56,57,57,57],"damage_taken":[{"damage":0.0,"enemies":"Small Slimes","floor":1.0,"turns":2.0},{"damage":0.0,"enemies":"2 Louse","floor":2.0,"turns":3.0},{"damage":0.0,"enemies":"Jaw Worm","floor":4.0,"turns":2.0},{"damage":12.0,"enemies":"Exordium Thugs","floor":5.0,"turns":4.0},{"damage":10.0,"enemies":"3 Sentries","floor":6.0,"turns":5.0},{"damage":7.0,"enemies":"Lagavulin","floor":10.0,"turns":5.0},{"damage":0.0,"enemies":"Red Slaver","floor":11.0,"turns":4.0},{"damage":8.0,"enemies":"Gremlin Gang","floor":12.0,"turns":4.0},{"damage":0.0,"enemies":"3 Sentries","floor":13.0,"turns":5.0},{"damage":13.0,"enemies":"Fading Forest","floor":18.0,"turns":11.0},{"damage":20,"enemies":"3 Byrds","floor":20,"turns":5},{"damage":14,"enemies":"2 Thieves","floor":21,"turns":3},{"damage":0,"enemies":"Snecko","floor":22,"turns":5},{"damage":12,"enemies":"Replay:Snechameleon","floor":25,"turns":6},{"damage":5,"enemies":"Cultist and Chosen","floor":29,"turns":5},{"damage":0,"enemies":"Centurion and Healer","floor":33,"turns":4},{"damage":8,"enemies":"Champ","floor":35,"turns":9},{"damage":11,"enemies":"3 Shapes","floor":37,"turns":4},{"damage":0,"enemies":"Orb Walker","floor":38,"turns":3},{"damage":0,"enemies":"3 Darklings","floor":41,"turns":3},{"damage":44,"enemies":"Reptomancer","floor":43,"turns":6},{"damage":0,"enemies":"Sphere and 2 Shapes","floor":44,"turns":4},{"damage":4,"enemies":"4 Shapes","floor":47,"turns":4},{"damage":2,"enemies":"Nemesis","floor":48,"turns":5},{"damage":8,"enemies":"3 Darklings","floor":50,"turns":3},{"damage":37,"enemies":"Donu and Deca","floor":52,"turns":7},{"damage":39,"enemies":"Shield and Spear","floor":56,"turns":6},{"damage":89,"enemies":"The Heart","floor":57,"turns":10}],"seed_played":"-8499517496873251325","potions_obtained":[{"floor":2.0,"key":"ColorlessPotion"},{"floor":12.0,"key":"GamblersBrew"},{"floor":22,"key":"BloodPotion"},{"floor":41,"key":"Weak Potion"}],"is_trial":false,"path_per_floor":["M","M","?","M","M","E","R","?","T","E","M","M","E","PTL","PTL","?","R","B",null,"M","M","M","?","?","E","T","R","T","M","$","R","AVR","M","R","B",null,"M","M","?","T","M","R","E","M","T","T","M","E","$","M","R","B",null,"R","$","E","B",null],"character_chosen":"THE_GATHERER","items_purchased":["ReplayTheSpireMod:TigerMarble","Gatherer:AlchemyTrial","Juzu Bracelet","Bag of Marbles","Weak Potion","Apotheosis","Flashbang","hubris:EvacipatedBox","hubris:FruitBowl","ReplayTheSpireMod:ShopPack","infinitespire:Magic Flask","infinitespire:Lucky Rock","ReplayTheSpireMod:Lightbulb","Gatherer:WitheringStrike","HornCleat","SpeedPotion"],"campfire_rested":1,"item_purchase_floors":[0,0,0,0,0,0,0,30,30,49,49,49,55,55,55,55],"current_hp_per_floor":[76,76,76,76,64,54,54,54,54,47,47,39,43,43,43,43,43,46,76,58,44,51,51,51,42,42,42,42,45,7,7,7,26,26,35,76,65,65,56,56,58,58,34,45,45,45,52,60,60,57,85,55,100,100,100,67,13],"gold":171,"neow_bonus":"","is_daily":false,"chose_seed":false,"campfire_upgraded":8,"win_rate":0.0,"timestamp":1614187250,"path_taken":["M","M","?","M","M","E","R","?","T","E","M","M","E","PTL","PTL","?","R","BOSS","M","M","M","?","?","E","?","R","T","M","?","R","AVR","M","R","BOSS","M","M","?","?","M","R","E","M","T","?","M","E","?","M","R","BOSS","R","$","E","BOSS"],"items_purchased_type":["Relic","Card","Relic","Relic","Potion","Card","Potion","Relic","Relic","Relic","Relic","Relic","Relic","Card","Relic","Potion"],"build_version":"2020-12-22","purchased_purges":1,"victory":true,"max_hp_per_floor":[76,76,76,76,76,76,76,76,76,76,76,76,76,76,76,76,76,76,76,76,76,76,76,76,76,76,76,76,76,76,76,76,76,76,76,76,76,76,76,76,76,76,82,88,88,88,94,94,94,94,94,100,100,100,100,106,106],"card_choices":[{"not_picked":["Gatherer:Herbalism","Gatherer:TreeGrowth"],"picked":"Gatherer:FlowerFalling","floor":1.0},{"not_picked":["Gatherer:Frenzy","Gatherer:AromaProtection","Gatherer:Herbalism"],"picked":"SKIP","floor":2.0},{"not_picked":["Gatherer:Liquidism","Gatherer:GlowingPlant"],"picked":"Gatherer:MiningStrike","floor":4.0},{"not_picked":["Gatherer:DrugPower","Gatherer:WoolGloves","Gatherer:Duplicator"],"picked":"SKIP","floor":5.0},{"not_picked":["Gatherer:BalancedGrowth","Gatherer:FlowerFalling"],"picked":"Gatherer:FlowerShield","floor":6.0},{"not_picked":["Gatherer:GatherMaterial","Gatherer:Duplicator","Gatherer:CollectorsShot"],"picked":"SKIP","floor":10.0},{"not_picked":["Gatherer:CollectorsShot","Gatherer:EchoOfNature","Gatherer:AcidicSpray"],"picked":"SKIP","floor":11.0},{"not_picked":["Gatherer:BalancedGrowth","Gatherer:SaveValuables"],"picked":"Gatherer:RecoveryHerb","floor":12.0},{"not_picked":["Gatherer:FlowerFalling","Gatherer:CollectorsShot","Gatherer:SealedBomb"],"picked":"SKIP","floor":13.0},{"not_picked":["Gatherer:Bulldoze","Gatherer:StoneFence"],"picked":"Gatherer:BomberForm","floor":18.0},{"not_picked":["ReplayTheSpireMod:IOU","Regret"],"picked":"ReplayTheSpireMod:Splinters","floor":19},{"not_picked":["hubris:Wrath","Spreading Infection"],"picked":"Decay","floor":19},{"not_picked":["ReplayTheSpireMod:IOU","Doubt"],"picked":"TheCursedMod:Dregs","floor":19},{"not_picked":["Gatherer:AcidicSpray","Gatherer:QuickSynthesis","Gatherer:GlowingPlant"],"picked":"SKIP","floor":20},{"not_picked":["Gatherer:Bulldoze","Gatherer:CollectorsShot+1","Gatherer:GatherMaterial"],"picked":"SKIP","floor":21},{"not_picked":["Gatherer:SealedBomb+1","Gatherer:FragileHammer+1","Gatherer:Duality"],"picked":"SKIP","floor":22},{"not_picked":["Gatherer:SaveValuables+1","Gatherer:ScherryThrow","Gatherer:ColorfulGarden"],"picked":"SKIP","floor":25},{"not_picked":["Gatherer:RecipeChange","Gatherer:BalancedGrowth","Gatherer:DrugPower"],"picked":"SKIP","floor":29},{"not_picked":["Gatherer:OddSpoils","Gatherer:TacticalStrike","Gatherer:DrugPower"],"picked":"SKIP","floor":33},{"not_picked":["Gatherer:Overflowing","Gatherer:Bulldoze"],"picked":"Gatherer:MindSearch","floor":35},{"not_picked":["Gatherer:Frenzy","Gatherer:Polymorphism+1","Gatherer:BalancedGrowth"],"picked":"SKIP","floor":37},{"not_picked":["Gatherer:Uplift+1","Gatherer:AcidicSpray+1"],"picked":"Gatherer:FlowerBeam+1","floor":38},{"not_picked":["Gatherer:GatherMaterial+1","Gatherer:RecoveryHerb+1"],"picked":"Gatherer:HeartToFruit","floor":41},{"not_picked":["Gatherer:StoneFence","Gatherer:BalancedGrowth+1","Gatherer:RecipeChange+1"],"picked":"SKIP","floor":43},{"not_picked":["Gatherer:SealedBomb","Gatherer:GatherMaterial","Gatherer:QuickSynthesis+1"],"picked":"SKIP","floor":44},{"not_picked":["Gatherer:EchoOfNature+1","Gatherer:Convert","Gatherer:FragileHammer","Gatherer:Snatch+1"],"picked":"SKIP","floor":47},{"not_picked":["Gatherer:Bulldoze","Gatherer:MiningStrike","Gatherer:Overflowing"],"picked":"Gatherer:BomberForm","floor":48},{"not_picked":["hubris:Ssssneak","Panache","Dark Shackles"],"picked":"Replay:Dark Deal","floor":49},{"not_picked":["Gatherer:ScherryThrow+1","Gatherer:Polymorphism","Gatherer:BambuSword+1","Gatherer:DrugPower"],"picked":"SKIP","floor":50},{"not_picked":["Gatherer:Liquidism+1","Gatherer:Examine","Gatherer:ColorfulGarden"],"picked":"Gatherer:Photoscythe","floor":56}],"player_experience":284533,"relics_obtained":[{"floor":6.0,"key":"Replay:Bottled Steam"},{"floor":9.0,"key":"Meat on the Bone"},{"floor":10.0,"key":"Omamori"},{"floor":13.0,"key":"Tiny Chest"},{"floor":26,"key":"Bag of Preparation"},{"floor":28,"key":"infinitespire:PuzzleCube"},{"floor":39,"key":"Pondfish Scales"},{"floor":40,"key":"hubris:SlimyHat"},{"floor":43,"key":"Whetstone"},{"floor":45,"key":"Question Card"},{"floor":46,"key":"Golden Egg"},{"floor":48,"key":"Letter Opener"},{"floor":56,"key":"Bottled Tornado"}],"event_choices":[{"damage_healed":0.0,"max_hp_gain":0.0,"max_hp_loss":0.0,"gold_gain":1.0,"event_name":"betterStone:BetterStone","player_choice":"1","floor":16.0,"gold_loss":0.0,"damage_taken":0.0},{"damage_healed":0,"gold_gain":0,"player_choice":"Ignored","damage_taken":0,"max_hp_gain":0,"max_hp_loss":0,"event_name":"betterNote:BetterNote","floor":23,"gold_loss":0,"cards_obtained":["hubris:InfiniteBlow"]},{"damage_healed":0,"gold_gain":0,"player_choice":"Traded Relic","damage_taken":0,"relics_obtained":["Nloth\u0027s Gift"],"max_hp_gain":0,"max_hp_loss":0,"event_name":"N\u0027loth","floor":24,"relics_lost":["hubris:MysteriousPyramids"],"gold_loss":0}],"is_beta":false,"boss_relics":[{"not_picked":["Philosopher\u0027s Stone","Replay:Fungal Core"],"picked":"Replay:Ancient Bell"},{"not_picked":["Blood Vial","Pen Nib"],"picked":"MawBank"},{"not_picked":["infinitespire:Midas Blood","Gatherer:FlyingFruit"],"picked":"hubris:MysteriousPyramids"},{"not_picked":["Gambling Chip","infinitespire:Golems Mask"],"picked":"Ginger"},{"not_picked":["hubris:Stopwatch","Calling Bell","hubris:RunicObelisk"],"picked":"Gatherer:MiracleBag"}],"items_purged_floors":[32],"is_endless":false,"potions_floor_spawned":[2,10,11,12,13,21,22,25,29,37,41,48,56],"ascension_level":0}}