{"host":"0qulokkk26x4i6bu","time":1614164915,"event":{"mods":["BaseMod","Bestiary","Block Reminder","DeckTracker","Minty Spire (QoL Compilation)","Relic Stats"],"gold_per_floor":[118,138,118,128,12,12,37,47,347,98,118,132,166,180,180,283,283,295,321,321,335,46,75,75,75,75,75,88,88,122,32,32,134,134,144,144,53,275,275,275,293,324,324,337,370,370,421,437,437,437,437,437,21,46,46],"floor_reached":56,"language":"ENG","playtime":5631,"items_purged":["Strike_B","Strike_B"],"score":1531,"play_id":"9051a69c-1d13-4398-b0ec-a3ef6a6d26ad","local_time":"20210224030835","is_ascension_mode":true,"campfire_choices":[{"data":"Zap","floor":6,"key":"SMITH"},{"data":"Consume","floor":15,"key":"SMITH"},{"data":"Mayhem","floor":27,"key":"SMITH"},{"data":"Capacitor","floor":32,"key":"SMITH"},{"data":"Fission","floor":40,"key":"SMITH"},{"floor":49,"key":"RECALL"},{"data":"Apotheosis","floor":52,"key":"SMITH"}],"circlet_count":0,"master_deck":["Defend_B+1","Defend_B+1","Defend_B+1","Defend_B+1","Zap+1","Dualcast+1","CurseOfTheBell","Capacitor+1","Consume+1","FTL","Compile Driver","Core Surge","Ball Lightning","Turbo+1","BootSequence+1","Mayhem+1","Compile Driver","Loop","Coolheaded+1","Undo+1","Doom and Gloom","Fission+1","Storm+1","Self Repair+1","Chaos+1","Capacitor","Glacier","Creative AI","Coolheaded+1","Redo+1","Apotheosis+1","Loop","Barrage","Defragment","Conserve Battery"],"relics":["Calling Bell","Bronze Scales","The Courier","Thread and Needle","MealTicket","Dead Branch","Old Coin","Vajra","Singing Bowl","Nuclear Battery","Red Mask","Torii","Membership Card","Eternal Feather","Centennial Puzzle","Letter Opener","Blue Candle","War Paint","Astrolabe","Medical Kit","Boot","White Beast Statue","Pocketwatch","Gambling Chip","Oddly Smooth Stone","CaptainsWheel","TheAbacus","Mummified Hand"],"acts_visited":["Exordium","TheCity","TheBeyond","TheEnding"],"potions_floor_usage":[7,16,28,50,55,55,55],"damage_taken":[{"damage":1,"enemies":"Cultist","floor":1,"turns":4},{"damage":5,"enemies":"Jaw Worm","floor":2,"turns":5},{"damage":1,"enemies":"Small Slimes","floor":4,"turns":4},{"damage":37,"enemies":"Gremlin Nob","floor":7,"turns":6},{"damage":8,"enemies":"3 Louse","floor":8,"turns":3},{"damage":13,"enemies":"Exordium Thugs","floor":11,"turns":3},{"damage":7,"enemies":"Red Slaver","floor":12,"turns":3},{"damage":6,"enemies":"Lagavulin","floor":13,"turns":5},{"damage":0,"enemies":"Looter","floor":14,"turns":3},{"damage":27,"enemies":"Slime Boss","floor":16,"turns":9},{"damage":12,"enemies":"2 Thieves","floor":18,"turns":5},{"damage":35,"enemies":"Masked Bandits","floor":19,"turns":4},{"damage":0,"enemies":"3 Byrds","floor":21,"turns":3},{"damage":25,"enemies":"Slavers","floor":23,"turns":6},{"damage":14,"enemies":"3 Cultists","floor":28,"turns":5},{"damage":0,"enemies":"Book of Stabbing","floor":30,"turns":5},{"damage":2,"enemies":"Collector","floor":33,"turns":7},{"damage":0,"enemies":"Orb Walker","floor":35,"turns":4},{"damage":18,"enemies":"3 Darklings","floor":41,"turns":4},{"damage":1,"enemies":"Giant Head","floor":42,"turns":9},{"damage":13,"enemies":"Transient","floor":44,"turns":5},{"damage":1,"enemies":"Reptomancer","floor":45,"turns":5},{"damage":1,"enemies":"2 Orb Walkers","floor":47,"turns":3},{"damage":1,"enemies":"Jaw Worm Horde","floor":48,"turns":3},{"damage":2,"enemies":"Donu and Deca","floor":50,"turns":5},{"damage":22,"enemies":"Shield and Spear","floor":54,"turns":6},{"damage":38,"enemies":"The Heart","floor":55,"turns":5}],"seed_played":"-30012046742795698","potions_obtained":[{"floor":1,"key":"GamblersBrew"},{"floor":3,"key":"FocusPotion"},{"floor":8,"key":"FairyPotion"},{"floor":11,"key":"Ancient Potion"},{"floor":16,"key":"Dexterity Potion"},{"floor":19,"key":"Swift Potion"},{"floor":28,"key":"Strength Potion"},{"floor":45,"key":"Swift Potion"},{"floor":54,"key":"LiquidBronze"}],"is_trial":false,"path_per_floor":["M","M","?","M","$","R","E","M","T","$","M","M","E","M","R","B",null,"M","?","T","M","$","E","?","?","T","R","M","?","E","$","R","B",null,"M","?","$","?","?","R","M","E","T","M","E","?","?","M","R","B",null,"R","$","E","B",null],"character_chosen":"DEFECT","items_purchased":["MealTicket","Capacitor","Vajra","Membership Card","Mayhem","Compile Driver","Loop","War Paint","Doom and Gloom","Medical Kit","Capacitor","Gambling Chip","Defragment","Oddly Smooth Stone","CaptainsWheel","TheAbacus","Dexterity Potion","Conserve Battery"],"campfire_rested":0,"item_purchase_floors":[5,10,10,22,22,22,22,31,31,37,37,53,53,53,53,53,53,53],"current_hp_per_floor":[74,69,69,68,68,68,31,23,23,38,25,18,14,14,14,23,77,65,30,30,30,45,20,20,20,20,32,20,20,20,35,50,48,79,81,81,81,81,81,81,63,74,74,71,82,76,85,89,89,89,89,89,89,79,51],"gold":46,"neow_bonus":"BOSS_RELIC","is_daily":false,"chose_seed":false,"campfire_upgraded":6,"win_rate":0.0,"timestamp":1614164915,"path_taken":["M","?","?","M","?","R","E","M","T","$","?","M","E","M","R","BOSS","M","?","?","?","$","E","?","?","T","R","?","?","E","$","R","BOSS","M","?","$","?","?","R","M","E","T","?","E","?","?","?","R","BOSS","R","$","E","BOSS"],"items_purchased_type":["Relic","Card","Relic","Relic","Card","Card","Card","Relic","Card","Relic","Card","Relic","Card","Relic","Relic","Relic","Potion","Card"],"build_version":"2020-12-22","purchased_purges":2,"victory":true,"max_hp_per_floor":[75,75,75,75,75,75,75,75,75,75,75,75,77,77,77,77,77,77,77,77,77,77,77,77,77,77,77,79,79,79,79,79,79,79,81,81,81,81,81,81,81,83,83,83,85,89,89,89,89,89,89,89,89,91,91],"relic_stats":{"Singing Bowl":16,"Torii":20,"counters":[27,129],"Dead Branch":[90],"Blue Candle":[9],"Astrolabe":["Storm","Self Repair","Chaos"],"Eternal Feather":27,"Letter Opener":[349],"War Paint":["Turbo","Dualcast"],"Medical Kit":[13],"Boot":[28],"Centennial Puzzle":[33],"TheAbacus":[18],"Mummified Hand":[22],"Bronze Scales":[447],"Gambling Chip":[4],"MealTicket":45,"obtain_stats":[{"Singing Bowl":13,"Torii":20,"Vajra":10,"Boot":42,"Old Coin":9,"Centennial Puzzle":24,"TheAbacus":53,"Mummified Hand":54,"Gambling Chip":53,"MealTicket":5,"Red Mask":19,"Cracked Core":0,"Dead Branch":7,"Blue Candle":30,"Astrolabe":34,"Oddly Smooth Stone":53,"Thread and Needle":0,"Eternal Feather":23,"The Courier":0,"Letter Opener":26,"War Paint":31,"Medical Kit":37,"White Beast Statue":45,"Nuclear Battery":17,"Calling Bell":0,"CaptainsWheel":53,"Bronze Scales":0,"Membership Card":22,"Pocketwatch":47},{"Singing Bowl":8,"Torii":12,"Vajra":5,"Boot":20,"Old Coin":5,"Centennial Puzzle":14,"TheAbacus":25,"Mummified Hand":26,"Gambling Chip":25,"MealTicket":3,"Red Mask":12,"Cracked Core":0,"Dead Branch":4,"Blue Candle":16,"Astrolabe":17,"Oddly Smooth Stone":25,"Thread and Needle":0,"Eternal Feather":14,"The Courier":0,"Letter Opener":14,"War Paint":16,"Medical Kit":18,"White Beast Statue":22,"Nuclear Battery":10,"Calling Bell":0,"CaptainsWheel":25,"Bronze Scales":0,"Membership Card":13,"Pocketwatch":23},{"Singing Bowl":33,"Torii":54,"Vajra":22,"Boot":97,"Old Coin":22,"Centennial Puzzle":63,"TheAbacus":118,"Mummified Hand":124,"Gambling Chip":118,"MealTicket":13,"Red Mask":54,"Cracked Core":0,"Dead Branch":19,"Blue Candle":73,"Astrolabe":80,"Oddly Smooth Stone":118,"Thread and Needle":0,"Eternal Feather":63,"The Courier":0,"Letter Opener":63,"War Paint":73,"Medical Kit":84,"White Beast Statue":107,"Nuclear Battery":45,"Calling Bell":0,"CaptainsWheel":118,"Bronze Scales":0,"Membership Card":57,"Pocketwatch":110}],"Pocketwatch":[3]},"card_choices":[{"not_picked":["Recycle","Stack","Storm"],"picked":"SKIP","floor":1},{"not_picked":["Reprogram","Darkness"],"picked":"Coolheaded","floor":2},{"not_picked":["Steam Power","Lockon","Stack"],"picked":"SKIP","floor":4},{"not_picked":["Doom and Gloom","Gash"],"picked":"Rainbow","floor":7},{"not_picked":["Sweeping Beam","Steam Power"],"picked":"Cold Snap","floor":8},{"not_picked":["BootSequence","Streamline"],"picked":"Consume","floor":11},{"not_picked":["Beam Cell","Aggregate"],"picked":"FTL","floor":12},{"not_picked":["Steam","Double Energy","Consume"],"picked":"Singing Bowl","floor":13},{"not_picked":["Undo","Static Discharge"],"picked":"Compile Driver","floor":14},{"not_picked":["Thunder Strike","Amplify"],"picked":"Core Surge","floor":16},{"not_picked":["Compile Driver","Streamline"],"picked":"Ball Lightning","floor":18},{"not_picked":["Stack","Steam Power"],"picked":"Turbo","floor":19},{"not_picked":["Undo","Static Discharge"],"picked":"BootSequence+1","floor":21},{"not_picked":["Steam","Machine Learning"],"picked":"Coolheaded+1","floor":23},{"not_picked":["Coolheaded+1","Sweeping Beam","Streamline"],"picked":"Singing Bowl","floor":28},{"not_picked":["Reinforced Body+1","Go for the Eyes"],"picked":"Undo+1","floor":30},{"not_picked":["Amplify","All For One"],"picked":"Fission","floor":33},{"not_picked":["Blizzard","Glacier","BootSequence"],"picked":"Singing Bowl","floor":35},{"not_picked":["Hologram","Beam Cell"],"picked":"Coolheaded+1","floor":41},{"not_picked":["Scrape","Compile Driver+1","Stack"],"picked":"Singing Bowl","floor":42},{"not_picked":["Auto Shields","Tempest+1"],"picked":"Redo+1","floor":44},{"not_picked":["Gash","Redo","Turbo"],"picked":"Singing Bowl","floor":45},{"not_picked":["Dramatic Entrance","Thinking Ahead"],"picked":"Apotheosis","floor":46},{"not_picked":["Apotheosis","Metamorphosis","Dark Shackles"],"picked":"Singing Bowl","floor":46},{"not_picked":["HandOfGreed","Impatience","Deep Breath"],"picked":"Singing Bowl","floor":46},{"not_picked":["Doom and Gloom+1","Leap+1"],"picked":"Loop","floor":47},{"not_picked":["White Noise","Loop"],"picked":"Barrage","floor":48},{"not_picked":["Coolheaded+1","Go for the Eyes","Redo"],"picked":"Singing Bowl","floor":54}],"player_experience":86995,"relics_obtained":[{"floor":0,"key":"Bronze Scales"},{"floor":0,"key":"The Courier"},{"floor":0,"key":"Thread and Needle"},{"floor":7,"key":"Dead Branch"},{"floor":9,"key":"Old Coin"},{"floor":13,"key":"Singing Bowl"},{"floor":19,"key":"Red Mask"},{"floor":20,"key":"Torii"},{"floor":23,"key":"Eternal Feather"},{"floor":26,"key":"Letter Opener"},{"floor":30,"key":"Blue Candle"},{"floor":42,"key":"Boot"},{"floor":45,"key":"White Beast Statue"},{"floor":47,"key":"Pocketwatch"},{"floor":54,"key":"Mummified Hand"}],"event_choices":[{"damage_healed":0,"gold_gain":0,"player_choice":"Bought 1 Potion","damage_taken":0,"max_hp_gain":0,"max_hp_loss":0,"event_name":"The Woman in Blue","floor":3,"gold_loss":0},{"damage_healed":0,"gold_gain":0,"player_choice":"Fought Bandits","damage_taken":0,"max_hp_gain":0,"max_hp_loss":0,"event_name":"Masked Bandits","floor":19,"gold_loss":0},{"damage_healed":0,"gold_gain":0,"player_choice":"Opened","damage_taken":0,"relics_obtained":["Centennial Puzzle"],"max_hp_gain":0,"max_hp_loss":0,"event_name":"The Mausoleum","floor":24,"gold_loss":0},{"damage_healed":0,"gold_gain":0,"player_choice":"Simplicity","damage_taken":0,"max_hp_gain":0,"max_hp_loss":0,"event_name":"Back to Basics","floor":25,"gold_loss":0,"cards_upgraded":["Strike_B","Strike_B","Defend_B","Defend_B","Defend_B","Defend_B"]},{"cards_removed":["Rainbow"],"damage_healed":0,"gold_gain":0,"player_choice":"Purged","damage_taken":0,"max_hp_gain":0,"max_hp_loss":0,"event_name":"Purifier","floor":29,"gold_loss":0},{"cards_removed":["Cold Snap"],"damage_healed":0,"gold_gain":0,"player_choice":"Removed Attack","damage_taken":0,"max_hp_gain":0,"max_hp_loss":0,"event_name":"Falling","floor":36,"gold_loss":0},{"damage_healed":0,"gold_gain":222,"player_choice":"Wore Mask","damage_taken":0,"max_hp_gain":0,"max_hp_loss":0,"event_name":"Tomb of Lord Red Mask","floor":38,"gold_loss":0},{"damage_healed":0,"gold_gain":0,"player_choice":"2 cards matched","damage_taken":0,"max_hp_gain":0,"max_hp_loss":0,"event_name":"Match and Keep!","floor":39,"gold_loss":0,"cards_obtained":["Glacier","Creative AI"]},{"damage_healed":0,"gold_gain":0,"player_choice":"Memory 3","damage_taken":10,"max_hp_gain":0,"max_hp_loss":0,"event_name":"SensoryStone","floor":46,"gold_loss":0},{"damage_healed":0,"gold_gain":0,"player_choice":"Fight","damage_taken":0,"max_hp_gain":0,"max_hp_loss":0,"event_name":"Mysterious Sphere","floor":47,"gold_loss":0}],"is_beta":false,"boss_relics":[{"not_picked":["Tiny House","Busted Crown"],"picked":"Nuclear Battery"},{"not_picked":["Pandora\u0027s Box","Philosopher\u0027s Stone"],"picked":"Astrolabe"}],"items_purged_floors":[10,22],"is_endless":false,"potions_floor_spawned":[1,8,11,16,19,28,30,35,44,45,47,48,54],"ascension_level":2}}