{"host":"6406jj8da6015sxr","time":1614176558,"event":{"mods":["AchievementEnabler","BaseMod","Colored Map","DeckTracker","Keyboard Shortcuts","Minty Spire (QoL Compilation)","Permanent Neow","Relic Stats","SuperFastMode","everything is the same but u backflip on backflip"],"gold_per_floor":[369,369,28,46,56,56,56,56,82,110,131,131,145,171,171,251,251,272,155,180,207,257,301,301,329,329,361,388,388,398,420,420,504,504,521,233,251,268,96,96,96,127,127,150,165,192,192,192,192,192,192,192],"floor_reached":51,"language":"KOR","playtime":2691,"items_purged":["Strike_G","Strike_G","Strike_G"],"score":1529,"play_id":"534f21a9-f624-4fd4-9534-095e31e9e71a","local_time":"20210224232238","is_ascension_mode":true,"campfire_choices":[{"data":"Neutralize","floor":6.0,"key":"SMITH"},{"data":"Sucker Punch","floor":8.0,"key":"SMITH"},{"floor":12.0,"key":"REST"},{"data":"Skewer","floor":15.0,"key":"SMITH"},{"data":"After Image","floor":24.0,"key":"SMITH"},{"floor":32.0,"key":"REST"},{"data":"Night Terror","floor":40.0,"key":"SMITH"},{"floor":47.0,"key":"DIG"},{"floor":49.0,"key":"DIG"}],"circlet_count":0,"master_deck":["AscendersBane","Strike_G","Defend_G","Defend_G","Defend_G","Defend_G","Defend_G","Survivor","Neutralize+1","Sucker Punch+1","Flying Knee","Crippling Poison","Dagger Spray","Skewer+1","After Image+1","PiercingWail+1","Blade Dance","Acrobatics","Ghostly","Ghostly","Ghostly","Tactician","Night Terror+1","Cloak And Dagger","After Image","Acrobatics","Madness","Madness","Blade Dance","Backflip"],"relics":["Ring of the Snake","Dead Branch","Ninja Scroll","CeramicFish","Philosopher\u0027s Stone","Akabeko","Tiny Chest","Juzu Bracelet","Blue Candle","Busted Crown","Vajra","Shovel","Shuriken","Omamori","Smiling Mask","The Specimen"],"acts_visited":["Exordium","TheCity","TheBeyond"],"potions_floor_usage":[],"damage_taken":[{"damage":4.0,"enemies":"Jaw Worm","floor":1.0,"turns":5.0},{"damage":1.0,"enemies":"Cultist","floor":4.0,"turns":4.0},{"damage":0.0,"enemies":"2 Louse","floor":5.0,"turns":2.0},{"damage":24.0,"enemies":"Gremlin Gang","floor":10.0,"turns":5.0},{"damage":0.0,"enemies":"Large Slime","floor":11.0,"turns":3.0},{"damage":0.0,"enemies":"Lots of Slimes","floor":13.0,"turns":2.0},{"damage":9.0,"enemies":"Exordium Wildlife","floor":14.0,"turns":4.0},{"damage":20.0,"enemies":"Slime Boss","floor":16.0,"turns":6.0},{"damage":16.0,"enemies":"2 Thieves","floor":18.0,"turns":4.0},{"damage":1.0,"enemies":"Spheric Guardian","floor":20.0,"turns":4.0},{"damage":2.0,"enemies":"Gremlin Leader","floor":23.0,"turns":5.0},{"damage":31.0,"enemies":"Slavers","floor":25.0,"turns":7.0},{"damage":0.0,"enemies":"Book of Stabbing","floor":27.0,"turns":6.0},{"damage":0.0,"enemies":"Centurion and Healer","floor":28.0,"turns":5.0},{"damage":0.0,"enemies":"Chosen and Byrds","floor":30.0,"turns":6.0},{"damage":0.0,"enemies":"Sentry and Sphere","floor":31.0,"turns":7.0},{"damage":2.0,"enemies":"Automaton","floor":33.0,"turns":12.0},{"damage":0.0,"enemies":"3 Darklings","floor":35.0,"turns":3.0},{"damage":1.0,"enemies":"3 Shapes","floor":38.0,"turns":4.0},{"damage":1.0,"enemies":"Reptomancer","floor":42.0,"turns":8.0},{"damage":0.0,"enemies":"Maw","floor":44.0,"turns":5.0},{"damage":5.0,"enemies":"Jaw Worm Horde","floor":45.0,"turns":4.0},{"damage":16.0,"enemies":"Awakened One","floor":50.0,"turns":13.0},{"damage":9,"enemies":"Donu and Deca","floor":51,"turns":1}],"seed_played":"-2953430079110127499","potions_obtained":[{"floor":10.0,"key":"EntropicBrew"},{"floor":13.0,"key":"Ancient Potion"},{"floor":14.0,"key":"DuplicationPotion"},{"floor":18.0,"key":"FearPotion"},{"floor":27.0,"key":"Fire Potion"},{"floor":28.0,"key":"BlessingOfTheForge"},{"floor":44.0,"key":"ColorlessPotion"},{"floor":45.0,"key":"FearPotion"}],"is_trial":false,"path_per_floor":["M","?","$","M","M","R","T","R","T","M","M","R","M","M","R","B",null,"M","$","M","?","?","E","R","E","T","E","M","?","M","M","R","B",null,"M","$","?","M","$","R","?","E","T","M","M","T","R","?","R","B","B"],"character_chosen":"THE_SILENT","items_purchased":["Dead Branch","Blade Dance","Vajra","Acrobatics","Blade Dance"],"campfire_rested":2,"item_purchase_floors":[3,19,36,36,39],"current_hp_per_floor":[40,40,40,39,39,39,39,39,39,15,15,34,34,25,25,5,51,35,35,34,33,33,31,31,9,9,9,9,2,2,2,13,11,31,31,31,24,23,23,23,23,22,22,22,17,17,17,17,17,1,0,0],"gold":192,"neow_bonus":"TWO_FIFTY_GOLD","is_daily":false,"chose_seed":false,"campfire_upgraded":5,"win_rate":0.0,"timestamp":1614176558,"path_taken":["M","?","$","M","M","R","?","R","T","?","M","R","M","?","R","BOSS","M","$","M","?","?","E","R","E","T","E","M","?","M","M","R","BOSS","M","$","?","M","$","R","?","E","T","M","M","?","R","?","R","BOSS","BOSS"],"items_purchased_type":["Relic","Card","Relic","Card","Card"],"build_version":"2020-12-22","purchased_purges":3,"victory":false,"max_hp_per_floor":[66,66,66,66,66,66,66,66,66,66,66,66,66,66,66,66,66,66,66,66,33,33,33,33,33,33,33,33,38,38,38,38,38,38,38,38,38,38,38,38,38,38,38,38,38,38,38,38,38,38,38,38],"relic_stats":{"Busted Crown":10,"Shovel":2,"counters":[24,125],"Shuriken":[27],"Dead Branch":[321],"CeramicFish":171,"Blue Candle":[2],"Tiny Chest":1,"Juzu Bracelet":2,"Smiling Mask":0,"obtain_stats":[{"The Specimen":49,"Dead Branch":3,"CeramicFish":9,"Blue Candle":27,"Vajra":36,"Juzu Bracelet":26,"Omamori":46,"Smiling Mask":47,"Akabeko":23,"Busted Crown":34,"Shovel":42,"Ninja Scroll":7,"Shuriken":43,"Philosopher\u0027s Stone":17,"Tiny Chest":25,"Ring of the Snake":0},{"The Specimen":22,"Dead Branch":1,"CeramicFish":3,"Blue Candle":13,"Vajra":18,"Juzu Bracelet":12,"Omamori":22,"Smiling Mask":22,"Akabeko":11,"Busted Crown":17,"Shovel":20,"Ninja Scroll":3,"Shuriken":20,"Philosopher\u0027s Stone":8,"Tiny Chest":12,"Ring of the Snake":0},{"The Specimen":111,"Dead Branch":5,"CeramicFish":11,"Blue Candle":57,"Vajra":90,"Juzu Bracelet":51,"Omamori":111,"Smiling Mask":111,"Akabeko":44,"Busted Crown":87,"Shovel":102,"Ninja Scroll":11,"Shuriken":102,"Philosopher\u0027s Stone":31,"Tiny Chest":51,"Ring of the Snake":0}],"Ring of the Snake":[48]},"card_choices":[{"not_picked":["Bane","Cloak And Dagger"],"picked":"Sucker Punch","floor":1.0},{"not_picked":["Dodge and Roll","Outmaneuver"],"picked":"Flying Knee","floor":4.0},{"not_picked":["Unload","Sucker Punch"],"picked":"Flying Knee","floor":5.0},{"not_picked":["Acrobatics","Deadly Poison"],"picked":"Crippling Poison","floor":10.0},{"not_picked":["Backflip","Quick Slash"],"picked":"Dagger Spray","floor":11.0},{"not_picked":["Bane","Backflip","Blur"],"picked":"SKIP","floor":13.0},{"not_picked":["Backflip","Bane"],"picked":"Skewer","floor":14.0},{"not_picked":["Venomology","Phantasmal Killer"],"picked":"After Image","floor":16.0},{"not_picked":["Concentrate","Sucker Punch"],"picked":"PiercingWail+1","floor":18.0},{"not_picked":["Riddle With Holes","Outmaneuver"],"picked":"Acrobatics","floor":20.0},{"not_picked":["Riddle With Holes+1","Bane"],"picked":"Tactician","floor":23.0},{"not_picked":["Flechettes","Dodge and Roll","Sucker Punch"],"picked":"SKIP","floor":25.0},{"not_picked":["Finisher","Predator","Caltrops"],"picked":"SKIP","floor":27.0},{"not_picked":["Accuracy","Bane"],"picked":"Night Terror","floor":28.0},{"not_picked":["Bane","Dodge and Roll","Concentrate"],"picked":"SKIP","floor":30.0},{"not_picked":["Skewer","Deadly Poison"],"picked":"Cloak And Dagger","floor":31.0},{"not_picked":["Malaise","Storm of Steel"],"picked":"After Image","floor":33.0},{"not_picked":["Predator+1"],"picked":"SKIP","floor":35.0},{"not_picked":["Accuracy"],"picked":"SKIP","floor":38.0},{"not_picked":["Slice"],"picked":"SKIP","floor":42.0},{"not_picked":[],"picked":"Backflip","floor":44.0},{"not_picked":["Dagger Throw"],"picked":"SKIP","floor":45.0}],"player_experience":100131,"relics_obtained":[{"floor":7.0,"key":"Ninja Scroll"},{"floor":9.0,"key":"CeramicFish"},{"floor":23.0,"key":"Akabeko"},{"floor":25.0,"key":"Tiny Chest"},{"floor":26.0,"key":"Juzu Bracelet"},{"floor":27.0,"key":"Blue Candle"},{"floor":42.0,"key":"Shovel"},{"floor":43.0,"key":"Shuriken"},{"floor":46.0,"key":"Omamori"},{"floor":47.0,"key":"Smiling Mask"},{"floor":49.0,"key":"The Specimen"}],"event_choices":[{"damage_healed":0.0,"max_hp_gain":0.0,"max_hp_loss":0.0,"gold_gain":0.0,"event_name":"Liars Game","player_choice":"Ignored","floor":2.0,"gold_loss":0.0,"damage_taken":0.0},{"damage_healed":0.0,"max_hp_gain":0.0,"max_hp_loss":33.0,"gold_gain":0.0,"event_name":"Ghosts","player_choice":"Became a Ghost","floor":21.0,"gold_loss":0.0,"damage_taken":0.0,"cards_obtained":["Ghostly","Ghostly","Ghostly"]},{"damage_healed":0.0,"max_hp_gain":0.0,"max_hp_loss":0.0,"gold_gain":100.0,"event_name":"The Joust","player_choice":"Bet on Murderer","floor":22.0,"gold_loss":50.0,"damage_taken":0.0},{"damage_healed":0.0,"max_hp_gain":5.0,"max_hp_loss":0.0,"gold_gain":0.0,"event_name":"Forgotten Altar","player_choice":"Shed Blood","floor":29.0,"gold_loss":0.0,"damage_taken":12.0},{"damage_healed":0.0,"max_hp_gain":0.0,"max_hp_loss":0.0,"gold_gain":0.0,"event_name":"Winding Halls","player_choice":"Embrace Madness","floor":37.0,"gold_loss":0.0,"damage_taken":7.0,"cards_obtained":["Madness","Madness"]},{"cards_removed":["Strike_G"],"damage_healed":0.0,"max_hp_gain":0.0,"max_hp_loss":0.0,"gold_gain":0.0,"event_name":"Purifier","player_choice":"Purged","floor":41.0,"gold_loss":0.0,"damage_taken":0.0},{"cards_removed":["Flying Knee"],"damage_healed":0.0,"max_hp_gain":0.0,"max_hp_loss":0.0,"gold_gain":0.0,"event_name":"Falling","player_choice":"Removed Attack","floor":48.0,"gold_loss":0.0,"damage_taken":0.0}],"is_beta":false,"boss_relics":[{"not_picked":["Runic Pyramid","HoveringKite"],"picked":"Philosopher\u0027s Stone"},{"not_picked":["Sozu","Tiny House"],"picked":"Busted Crown"}],"items_purged_floors":[19,36,39],"is_endless":false,"potions_floor_spawned":[10,13,14,18,27,28,44,45],"killed_by":"Donu and Deca","ascension_level":20}}