{"host":"prxrhpgaxnj4om9r","time":1614170425,"event":{"mods":["AchievementEnabler","BaseMod","Colored Map","DeckTracker","Minty Spire (QoL Compilation)"],"gold_per_floor":[115,51,66,66,77,108,108,139,186,186,186,201,201,228,228,228,228],"floor_reached":16,"language":"KOR","playtime":529,"items_purged":[],"score":153,"play_id":"cd575bf2-c997-4e06-a477-78192b7c83a1","local_time":"20210224214025","is_ascension_mode":true,"campfire_choices":[{"data":"ForeignInfluence","floor":7,"key":"SMITH"},{"data":"Eruption","floor":11,"key":"SMITH"},{"floor":13,"key":"REST"},{"data":"ClearTheMind","floor":15,"key":"SMITH"}],"circlet_count":0,"master_deck":["Strike_P","Strike_P","Strike_P","Strike_P","Defend_P","Defend_P","Defend_P","Defend_P","Eruption+1","Vigilance","Panacea","Consecrate+1","CutThroughFate","ClearTheMind+1","ForeignInfluence+1","ReachHeaven+1","Crescendo"],"relics":["PureWater","Letter Opener","Strawberry","Singing Bowl","Nunchaku","Question Card"],"acts_visited":["Exordium"],"potions_floor_usage":[6,8,14],"damage_taken":[{"damage":0,"enemies":"Small Slimes","floor":1,"turns":3},{"damage":0,"enemies":"Cultist","floor":3,"turns":2},{"damage":4,"enemies":"Jaw Worm","floor":5,"turns":2},{"damage":10,"enemies":"3 Sentries","floor":6,"turns":4},{"damage":12,"enemies":"Lagavulin","floor":8,"turns":3},{"damage":0,"enemies":"3 Louse","floor":12,"turns":2},{"damage":22,"enemies":"3 Sentries","floor":14,"turns":5},{"damage":50,"enemies":"Hexaghost","floor":16,"turns":2}],"seed_played":"-3205602148181374074","potions_obtained":[{"floor":1,"key":"StancePotion"},{"floor":5,"key":"PowerPotion"},{"floor":8,"key":"Regen Potion"}],"is_trial":false,"path_per_floor":["M","?","M","$","M","E","R","E","T","?","R","M","R","E","R","B"],"character_chosen":"WATCHER","items_purchased":[],"campfire_rested":1,"item_purchase_floors":[],"current_hp_per_floor":[65,65,65,65,61,58,58,46,46,30,30,32,56,48,48,0,0],"gold":228,"neow_bonus":"RANDOM_COLORLESS","is_daily":false,"chose_seed":false,"campfire_upgraded":3,"win_rate":0.0,"timestamp":1614170425,"path_taken":["M","?","M","?","?","E","R","E","T","?","R","M","R","E","R","BOSS"],"items_purchased_type":[],"build_version":"2020-12-22","purchased_purges":0,"victory":false,"max_hp_per_floor":[72,72,72,72,72,79,79,79,79,79,79,81,81,81,81,81,81],"card_choices":[{"not_picked":["Impatience","Good Instincts"],"picked":"Panacea","floor":0},{"not_picked":["Fasting2","Prostrate"],"picked":"Consecrate","floor":1},{"not_picked":["JustLucky","LikeWater"],"picked":"CutThroughFate","floor":3},{"not_picked":["EmptyBody","SandsOfTime"],"picked":"ClearTheMind","floor":5},{"not_picked":["EmptyBody","Halt"],"picked":"ForeignInfluence","floor":6},{"not_picked":["DevaForm","Protect"],"picked":"ReachHeaven","floor":8},{"not_picked":["FollowUp","WindmillStrike","FlurryOfBlows"],"picked":"Singing Bowl","floor":12},{"not_picked":["Brilliance","Sanctity"],"picked":"Crescendo","floor":14}],"player_experience":635660,"relics_obtained":[{"floor":6,"key":"Strawberry"},{"floor":8,"key":"Singing Bowl"},{"floor":9,"key":"Nunchaku"},{"floor":14,"key":"Question Card"}],"event_choices":[{"damage_healed":0,"gold_gain":0,"player_choice":"Paid Gold","damage_taken":0,"relics_obtained":["Letter Opener"],"max_hp_gain":0,"max_hp_loss":0,"event_name":"WeMeetAgain","floor":2,"gold_loss":64},{"damage_healed":0,"gold_gain":0,"player_choice":"Entered Light","damage_taken":16,"max_hp_gain":0,"max_hp_loss":0,"event_name":"Shining Light","floor":10,"gold_loss":0,"cards_upgraded":["ReachHeaven","Consecrate"]}],"is_beta":false,"boss_relics":[],"items_purged_floors":[],"is_endless":false,"potions_floor_spawned":[1,5,8],"killed_by":"Hexaghost","ascension_level":6}}