{"host":"njb27ds59h4j3ikk","time":1614205273,"event":{"mods":["BaseMod","Better Altar","Better Match","Better Note","Better Sensory Stone","Better Skull","Better Third Choice","BetterRewards","Downfall","Hermit","Hubris","Minty Spire (QoL Compilation)","Permanent Neow","Quarter Circle Forward PUNCH!","Quick Restart","Rare Cards Sparkle","Replay The Spire","Shop Mod","StSLib","Trackpad","Transform Curses"],"gold_per_floor":[116,116,133,152,152,177,177,202,274,299,299,299,310,343,343,443,443,456,456,475,490,87,119,119,148,148,168,203,203,128,158,158,260,260,273,288,304,317,139,170,170,201,201,218,143,175,186,202,202,202,202,202,98,124,124],"floor_reached":56,"language":"ENG","playtime":4294,"items_purged":[],"score":2380,"play_id":"3af97039-f03b-461b-a2cc-687f07075e3a","local_time":"20210224172113","is_ascension_mode":true,"campfire_choices":[{"floor":12.0,"key":"REST"},{"data":"hermit:WideOpen","floor":15.0,"key":"SMITH"},{"data":"hermit:HeroicBravado","floor":24.0,"key":"SMITH"},{"floor":32.0,"key":"REST"},{"floor":41.0,"key":"RECALL"},{"data":"hermit:BlackWind","floor":49,"key":"SMITH"},{"data":"ReplayTheSpireMod:Brewmster","floor":52,"key":"SMITH"}],"circlet_count":0,"master_deck":["hermit:Strike_Hermit","hermit:Strike_Hermit","hermit:Strike_Hermit+1","hermit:Strike_Hermit","hermit:Defend_Hermit","hermit:Defend_Hermit","hermit:Defend_Hermit","hermit:Defend_Hermit","hermit:Snapshot","hermit:Covet","Swift Strike","hermit:Glare","hermit:Quickdraw","hermit:Coalescence","hermit:Headshot","hermit:WideOpen+1","hermit:Determination","hermit:Snipe","hermit:Spite","hermit:Dive","hermit:HighCaliber","hermit:HeroicBravado+1","hermit:FlashPowder+1","hermit:Vantage+1","hermit:HoleUp+1","hermit:Horror","hermit:BlackWind+1","hermit:Magnum","hermit:Midnight","ReplayTheSpireMod:Brewmster+1","hermit:Ricochet","hermit:FinalCanter","hermit:LuckOfTheDraw+1","hermit:Misfire","hermit:LowProfile+1","hermit:Ricochet+1","Bandage Up","hermit:Virtue","hermit:Gambit","ReplayTheSpireMod:Necrogeddon","hermit:Grudge","hermit:Gestalt","hubris:DuctTapeCard","hermit:Desperado+1","hermit:HighCaliber+1","ReplayTheSpireMod:IOU","ReplayUltimateDefense","ReplayTheSpireMod:Private Reserves","hermit:CalledShot+1"],"relics":["hermit:Momento","Torii","Orichalcum","Blue Candle","The Courier","Replay:Bottled Flurry","Replay:Ringing Soul","Anchor","hubris:Icosahedron","Black Star","MerchantsRug","trackpad:CultistFigurine","Replay:Bottled Steam","qcfpunch:Red_Headband","ReplayFunnel","PreservedInsect","trackpad:ByrdBGone","Incense Burner","Replay:Wax Seal","hubris:TerracottaHorce","BargainBundle","Lantern","qcfpunch:Not_Strongest_Fighting_Style_Guidebook","ReplayTheSpireMod:Shallot","hexamod:BolsterEngine","hubris:DuctTape","Dream Catcher","ReplayTheSpireMod:TigerMarble","Pen Nib","trackpad:Compendium","HornCleat","Calipers","Replay:Rubber Ducky"],"acts_visited":["Exordium","TheCity","TheBeyond","TheEnding"],"potions_floor_usage":[50,50,50,50,50,50,50,50,50,50,55,55,55],"damage_taken":[{"damage":1.0,"enemies":"Small Slimes","floor":1.0,"turns":4.0},{"damage":0.0,"enemies":"Cultist","floor":3.0,"turns":3.0},{"damage":1.0,"enemies":"2 Louse","floor":4.0,"turns":2.0},{"damage":6.0,"enemies":"3 Sentries","floor":6.0,"turns":8.0},{"damage":24.0,"enemies":"Gremlin Nob","floor":8.0,"turns":4.0},{"damage":23.0,"enemies":"Lagavulin","floor":10.0,"turns":4.0},{"damage":3.0,"enemies":"Large Slime","floor":13.0,"turns":5.0},{"damage":0.0,"enemies":"Gremlin Nob","floor":14.0,"turns":2.0},{"damage":12.0,"enemies":"Hexaghost","floor":16.0,"turns":8.0},{"damage":16.0,"enemies":"3 Byrds","floor":18.0,"turns":5.0},{"damage":10.0,"enemies":"Spheric Guardian","floor":20.0,"turns":5.0},{"damage":5.0,"enemies":"Snake Plant","floor":21.0,"turns":4.0},{"damage":5.0,"enemies":"Replay:Snechameleon","floor":23.0,"turns":7.0},{"damage":18.0,"enemies":"Book of Stabbing","floor":25.0,"turns":8.0},{"damage":8.0,"enemies":"Centurion and Healer","floor":27.0,"turns":7.0},{"damage":22.0,"enemies":"Gremlin Leader","floor":28.0,"turns":4.0},{"damage":3.0,"enemies":"Replay:Snechameleon","floor":31.0,"turns":5.0},{"damage":21.0,"enemies":"hubris:MusketHawk","floor":33.0,"turns":8.0},{"damage":25.0,"enemies":"3 Shapes","floor":35.0,"turns":4.0},{"damage":6.0,"enemies":"Orb Walker","floor":36.0,"turns":3.0},{"damage":8.0,"enemies":"Spire Growth","floor":37.0,"turns":4.0},{"damage":1.0,"enemies":"Maw","floor":38.0,"turns":7.0},{"damage":1.0,"enemies":"R_Hoarder","floor":40.0,"turns":9.0},{"damage":26.0,"enemies":"Reptomancer","floor":42.0,"turns":3.0},{"damage":0.0,"enemies":"3 Darklings","floor":44.0,"turns":3.0},{"damage":4.0,"enemies":"R_Hoarder","floor":46.0,"turns":4.0},{"damage":2,"enemies":"Jaw Worm Horde","floor":47,"turns":5},{"damage":1,"enemies":"Writhing Mass","floor":48,"turns":4},{"damage":95,"enemies":"hubris:GrandSnecko","floor":50,"turns":16},{"damage":2,"enemies":"Shield and Spear","floor":54,"turns":6},{"damage":5,"enemies":"The Heart","floor":55,"turns":6}],"seed_played":"-1147950771638902221","potions_obtained":[{"floor":1.0,"key":"Fire Potion"},{"floor":4.0,"key":"Regen Potion"},{"floor":6.0,"key":"Milkshake"},{"floor":10.0,"key":"Languid Potion"},{"floor":16.0,"key":"champ:CounterPotion"},{"floor":19.0,"key":"DuplicationPotion"},{"floor":19.0,"key":"ColorlessPotion"},{"floor":19.0,"key":"hermit:Tonic"},{"floor":23.0,"key":"Explosive Potion"},{"floor":27.0,"key":"Swift Potion"},{"floor":31.0,"key":"Explosive Potion"},{"floor":36.0,"key":"ColorlessPotion"},{"floor":42.0,"key":"Adrenaline Potion"},{"floor":46.0,"key":"Toxic Potion"},{"floor":47,"key":"Explosive Potion"},{"floor":48,"key":"sneckomod:MuddlingPotion"},{"floor":54,"key":"PowerPotion"}],"is_trial":false,"path_per_floor":["M","?","M","M","?","E","?","E","T","E","?","R","M","E","R","B",null,"M","?","M","M","$","E","R","E","T","M","E","?","?","E","R","B",null,"M","M","M","M","$","E","R","E","T","M","?","E","M","M","R","B",null,"R","$","E","B",null],"character_chosen":"HERMIT","items_purchased":["Mango","Swift Strike","hermit:Glare","Orichalcum","hermit:Quickdraw","hermit:Coalescence","Pear","MerchantsRug","Potion Belt","BargainBundle","Lantern","qcfpunch:Not_Strongest_Fighting_Style_Guidebook","ReplayTheSpireMod:Shallot","Bandage Up","GamblersBrew","Adrenaline Potion","ReplayUltimateDefense","ReplayTheSpireMod:Private Reserves"],"campfire_rested":2,"item_purchase_floors":[0,0,0,0,0,0,22,22,22,39,39,39,39,39,39,39,53,53],"current_hp_per_floor":[88,88,88,87,87,81,86,62,62,42,42,71,71,74,74,80,100,87,87,80,78,88,86,86,71,71,66,47,47,50,50,92,74,128,106,103,103,105,108,114,114,91,91,91,94,93,174,176,176,94,158,158,161,162,163],"gold":124,"neow_bonus":"","is_daily":false,"chose_seed":false,"campfire_upgraded":4,"win_rate":0.0,"timestamp":1614205273,"path_taken":["M","?","?","M","?","E","?","E","T","E","?","R","M","E","R","BOSS","M","?","M","M","$","E","R","E","T","M","E","?","?","E","R","BOSS","M","M","M","?","$","E","R","E","T","M","?","E","M","?","R","BOSS","R","$","E","BOSS"],"items_purchased_type":["Relic","Card","Card","Relic","Card","Card","Relic","Relic","Relic","Relic","Relic","Relic","Relic","Card","Potion","Potion","Card","Card"],"build_version":"2020-12-22","purchased_purges":0,"victory":true,"max_hp_per_floor":[89,89,89,89,89,89,94,94,94,97,97,97,100,103,103,106,106,109,109,112,115,125,128,128,131,131,134,137,137,140,143,143,146,146,149,152,155,158,161,164,164,167,167,167,170,173,176,179,179,179,179,179,182,185,185],"card_choices":[{"not_picked":["hermit:Grudge","hermit:Dive"],"picked":"hermit:Headshot","floor":1.0},{"not_picked":["hermit:Manifest","hermit:TakeCover"],"picked":"hermit:WideOpen","floor":3.0},{"not_picked":["hermit:HoleUp","hermit:Shortfuse"],"picked":"hermit:Virtue","floor":4.0},{"not_picked":["hermit:NoHoldsBarred","hermit:LuckOfTheDraw"],"picked":"hermit:Determination","floor":6.0},{"not_picked":["hermit:LoneWolf","hermit:TrackingShot"],"picked":"hermit:Snipe","floor":8.0},{"not_picked":["hermit:Coalescence","hermit:GhostlyPresence"],"picked":"hermit:Spite","floor":10.0},{"not_picked":["hermit:Coalescence","hermit:Showdown"],"picked":"hermit:Dive","floor":13.0},{"not_picked":["hermit:NoHoldsBarred","hermit:LuckOfTheDraw"],"picked":"hermit:HighCaliber","floor":14.0},{"not_picked":["hermit:Reprieve","hermit:Magnum"],"picked":"hermit:HeroicBravado","floor":16.0},{"not_picked":["hermit:GoldenBullet+1","hermit:Ricochet"],"picked":"hermit:FlashPowder+1","floor":18.0},{"not_picked":["hermit:Maintenance","hermit:Dive"],"picked":"hermit:Vantage+1","floor":20.0},{"not_picked":["hermit:HighCaliber","hermit:Showdown"],"picked":"hermit:HoleUp+1","floor":21.0},{"not_picked":["hermit:Headshot+1","hermit:LuckOfTheDraw"],"picked":"hermit:Horror","floor":23.0},{"not_picked":["hermit:Snipe","hermit:Coalescence"],"picked":"hermit:BlackWind","floor":25.0},{"not_picked":["hermit:Combo","hermit:ItchyTrigger"],"picked":"hermit:Coalescence+1","floor":27.0},{"not_picked":["hermit:HoleUp","hermit:ShadowCloak"],"picked":"hermit:Magnum","floor":28.0},{"not_picked":["hermit:Grudge","hermit:Cheat"],"picked":"hermit:Midnight","floor":30.0},{"not_picked":["Poisoned Strike","Crow Ritual"],"picked":"ReplayTheSpireMod:Brewmster","floor":30.0},{"not_picked":["hermit:TakeCover","hermit:Gambit"],"picked":"hermit:Ricochet","floor":31.0},{"not_picked":["hermit:Adapt","hermit:Gambit"],"picked":"hermit:FinalCanter","floor":33.0},{"not_picked":["hermit:Vantage+1","hermit:LoneWolf"],"picked":"hermit:LuckOfTheDraw+1","floor":35.0},{"not_picked":["hermit:Scavenge","hermit:HoleUp"],"picked":"hermit:Misfire","floor":36.0},{"not_picked":["hermit:TakeAim+1","hermit:Enervate"],"picked":"hermit:LowProfile+1","floor":37.0},{"not_picked":["hermit:ItchyTrigger","hermit:NoHoldsBarred"],"picked":"hermit:Ricochet+1","floor":38.0},{"not_picked":["hermit:FullyLoaded+1","hermit:Ricochet","hermit:ItchyTrigger"],"picked":"SKIP","floor":40.0},{"not_picked":["hermit:Misfire+1","hermit:Shortfuse"],"picked":"hermit:Virtue","floor":42.0},{"not_picked":["hermit:LowProfile+1","hermit:Coalescence+1","hermit:Roughhouse"],"picked":"SKIP","floor":44.0},{"not_picked":["hermit:HighNoon","hermit:Roughhouse"],"picked":"hermit:Gambit","floor":45.0},{"not_picked":["Crow Ritual","Mayhem"],"picked":"ReplayTheSpireMod:Necrogeddon","floor":45.0},{"not_picked":["hermit:CursedWeapon","hermit:GhostlyPresence"],"picked":"hermit:Grudge","floor":45.0},{"not_picked":["hermit:TrackingShot","hermit:Headshot+1"],"picked":"hermit:Gestalt","floor":46.0},{"not_picked":["hermit:HoleUp","hermit:Grudge"],"picked":"hermit:Desperado+1","floor":47},{"not_picked":["hermit:Quickdraw+1","hermit:Dive"],"picked":"hermit:HighCaliber+1","floor":48},{"not_picked":["hermit:LoneWolf","hermit:Headshot+1"],"picked":"hermit:CalledShot+1","floor":54}],"player_experience":1400355,"relics_obtained":[{"floor":6.0,"key":"The Courier"},{"floor":8.0,"key":"Replay:Bottled Flurry"},{"floor":9.0,"key":"Replay:Ringing Soul"},{"floor":10.0,"key":"Anchor"},{"floor":14.0,"key":"Art of War"},{"floor":23.0,"key":"trackpad:CultistFigurine"},{"floor":23.0,"key":"Replay:Bottled Steam"},{"floor":25.0,"key":"qcfpunch:Red_Headband"},{"floor":25.0,"key":"ReplayFunnel"},{"floor":28.0,"key":"PreservedInsect"},{"floor":28.0,"key":"trackpad:ByrdBGone"},{"floor":31.0,"key":"Incense Burner"},{"floor":31.0,"key":"Replay:Wax Seal"},{"floor":40.0,"key":"hexamod:BolsterEngine"},{"floor":40.0,"key":"hubris:DuctTape"},{"floor":42.0,"key":"Dream Catcher"},{"floor":42.0,"key":"ReplayTheSpireMod:TigerMarble"},{"floor":43.0,"key":"Pen Nib"},{"floor":46.0,"key":"trackpad:Compendium"},{"floor":46.0,"key":"HornCleat"},{"floor":54,"key":"Calipers"},{"floor":54,"key":"Replay:Rubber Ducky"}],"event_choices":[{"damage_healed":0.0,"max_hp_gain":0.0,"max_hp_loss":0.0,"gold_gain":0.0,"event_name":"WeMeetAgain","player_choice":"Gave Potion","floor":2.0,"gold_loss":0.0,"damage_taken":0.0,"relics_obtained":["Blue Candle"]},{"damage_healed":0.0,"max_hp_gain":5.0,"max_hp_loss":0.0,"gold_gain":0.0,"event_name":"Big Fish","player_choice":"Donut","floor":7.0,"gold_loss":0.0,"damage_taken":0.0},{"damage_healed":0.0,"max_hp_gain":0.0,"max_hp_loss":0.0,"gold_gain":0.0,"event_name":"Lab","player_choice":"Got Potions","floor":19.0,"gold_loss":0.0,"damage_taken":0.0},{"cards_removed":["hermit:Glare"],"damage_healed":0.0,"max_hp_gain":0.0,"max_hp_loss":0.0,"gold_gain":0.0,"event_name":"Purifier","player_choice":"Purged","floor":29.0,"gold_loss":0.0,"damage_taken":0.0},{"damage_healed":0.0,"max_hp_gain":0.0,"max_hp_loss":0.0,"gold_gain":0.0,"event_name":"betterMatch:BetterMatch","player_choice":"1","floor":30.0,"gold_loss":0.0,"damage_taken":0.0,"cards_obtained":["betterMatch:UncommonCard","betterMatch:ColorlessRareCard"]},{"damage_healed":0.0,"max_hp_gain":0.0,"max_hp_loss":0.0,"gold_gain":0.0,"event_name":"betterMatch:BetterMatch","player_choice":"1","floor":45.0,"gold_loss":0.0,"damage_taken":0.0,"cards_obtained":["betterMatch:RareCard","betterMatch:ColorlessRareCard","betterMatch:UncommonCard"]}],"is_beta":false,"boss_relics":[{"not_picked":["Runic Dome","trackpad:Coffee"],"picked":"Black Star"},{"not_picked":["hubris:RunicObelisk","Painkiller Herb"],"picked":"hubris:TerracottaHorce"}],"items_purged_floors":[],"is_endless":false,"potions_floor_spawned":[1,4,6,10,16,20,23,27,31,36,42,46,47,48,54],"ascension_level":10}}