{"host":"en4narc5947t7k9n","time":1614168957,"event":{"mods":["AchievementEnabler","BaseMod","Colored Map","Minty Spire (QoL Compilation)","SuperFastMode"],"gold_per_floor":[115,126,144,160,180,180,201,201,201,221,221,248,267,267,267,267,267],"floor_reached":16,"language":"KOR","playtime":906,"items_purged":[],"score":106,"play_id":"c67adba7-6fb5-41c5-850b-52deb47d6e2d","local_time":"20210224211557","is_ascension_mode":false,"campfire_choices":[{"data":"Venomology","floor":6,"key":"SMITH"},{"data":"Blur","floor":8,"key":"SMITH"},{"floor":15,"key":"RECALL"}],"circlet_count":0,"master_deck":["Strike_G","Strike_G","Strike_G","Strike_G","Defend_G","Defend_G","Defend_G","Defend_G","Defend_G","Survivor","Neutralize","Venomology+1","Bane","Deadly Poison","Calculated Gamble","Blur+1","Poisoned Stab","Dagger Throw","Malaise","Blur","Dash","Malaise"],"relics":["Ring of the Snake","Odd Mushroom","Oddly Smooth Stone"],"acts_visited":["Exordium"],"potions_floor_usage":[3,3,4,4,5,5,7,10,11,12,12,16,16],"damage_taken":[{"damage":1,"enemies":"Jaw Worm","floor":1,"turns":7},{"damage":2,"enemies":"Small Slimes","floor":2,"turns":4},{"damage":5,"enemies":"2 Louse","floor":3,"turns":4},{"damage":2,"enemies":"Large Slime","floor":4,"turns":8},{"damage":0,"enemies":"2 Fungi Beasts","floor":5,"turns":2},{"damage":24,"enemies":"The Mushroom Lair","floor":7,"turns":7},{"damage":1,"enemies":"Looter","floor":10,"turns":3},{"damage":0,"enemies":"Red Slaver","floor":11,"turns":1},{"damage":19,"enemies":"Lagavulin","floor":12,"turns":8},{"damage":10,"enemies":"Exordium Thugs","floor":13,"turns":6},{"damage":17,"enemies":"The Guardian","floor":16,"turns":2}],"seed_played":"867646857957885037","potions_obtained":[{"floor":1,"key":"Weak Potion"},{"floor":3,"key":"AttackPotion"},{"floor":4,"key":"DistilledChaos"},{"floor":7,"key":"Swift Potion"}],"is_trial":false,"path_per_floor":["M","M","M","M","M","R","?","R","T","M","M","E","M","?","R","B"],"character_chosen":"THE_SILENT","items_purchased":[],"campfire_rested":0,"item_purchase_floors":[],"current_hp_per_floor":[69,67,70,68,68,68,44,44,44,43,43,24,14,14,14,0,0],"gold":267,"neow_bonus":"ONE_RANDOM_RARE_CARD","is_daily":false,"chose_seed":false,"campfire_upgraded":2,"win_rate":0.0,"timestamp":1614168957,"path_taken":["M","M","M","M","M","R","?","R","T","M","M","E","M","?","R","BOSS"],"items_purchased_type":[],"build_version":"2020-12-22","purchased_purges":0,"victory":false,"max_hp_per_floor":[70,70,70,70,70,70,70,70,70,70,70,70,70,70,70,70,70],"card_choices":[{"not_picked":["Prepared","Flying Knee"],"picked":"Bane","floor":1},{"not_picked":["Reflex","Outmaneuver"],"picked":"Deadly Poison","floor":2},{"not_picked":["Tactician","Outmaneuver"],"picked":"Calculated Gamble","floor":3},{"not_picked":["Unload","Concentrate"],"picked":"Blur","floor":4},{"not_picked":["Deflect","Concentrate"],"picked":"Poisoned Stab","floor":5},{"not_picked":["Riddle With Holes","Well Laid Plans"],"picked":"Dagger Throw","floor":7},{"not_picked":["Outmaneuver","Blade Dance"],"picked":"Malaise","floor":10},{"not_picked":["Heel Hook","Expertise"],"picked":"Blur","floor":12},{"not_picked":["Prepared","Dodge and Roll"],"picked":"Dash","floor":13}],"player_experience":197695,"relics_obtained":[{"floor":7,"key":"Odd Mushroom"},{"floor":12,"key":"Oddly Smooth Stone"}],"event_choices":[{"damage_healed":0,"gold_gain":0,"player_choice":"Fought Mushrooms","damage_taken":0,"max_hp_gain":0,"max_hp_loss":0,"event_name":"Mushrooms","floor":7,"gold_loss":0},{"damage_healed":0,"gold_gain":0,"cards_transformed":["Strike_G"],"player_choice":"Change","damage_taken":0,"max_hp_gain":0,"max_hp_loss":0,"event_name":"Living Wall","floor":14,"gold_loss":0,"cards_obtained":["Malaise"]}],"is_beta":false,"boss_relics":[],"items_purged_floors":[],"is_endless":false,"potions_floor_spawned":[1,3,4,7,11],"killed_by":"The Guardian","ascension_level":0}}