{"host":"xo0glkmxta74xh34","time":1614199872,"event":{"mods":["BaseMod","Downfall","Minty Spire (QoL Compilation)","Reliquary","Replay The Spire","StSLib"],"gold_per_floor":[82,67,517,278,294,294,319,319,319,348,248,248,133,69,84,185,185,85,98,107,126,126,126,150,185,185,85,85,98,120,161,180,287,287,287,287,303,316,334,352,352,403,417,504,504,529,541,99,116,116,116,142,67,67,67,67],"floor_reached":57,"language":"ENG","playtime":4770,"items_purged":["downfall:Icky","downfall:Icky","ReplayTheSpireMod:Splinters"],"score":1243,"play_id":"9b5dffec-53eb-424a-a679-33654db0099b","local_time":"20210224145112","is_ascension_mode":false,"campfire_choices":[{"data":"Guardian:TwinSlam","floor":6.0,"key":"SMITH"},{"data":"Guardian:CurlUp","floor":9.0,"key":"SMITH"},{"floor":11.0,"key":"RECALL"},{"data":"Guardian:HyperBeam_Guardian","floor":18.0,"key":"SMITH"},{"floor":23.0,"key":"REST"},{"data":"champ:EnchantShield","floor":27.0,"key":"SMITH"},{"data":"Guardian:TimeSifter","floor":35.0,"key":"SMITH"},{"floor":45.0,"key":"REST"},{"floor":54,"key":"REST"}],"circlet_count":0,"master_deck":["Guardian:Strike_Guardian","Guardian:Strike_Guardian","Guardian:Strike_Guardian","Guardian:Defend_Guardian","Guardian:Defend_Guardian","Guardian:Defend_Guardian","Guardian:Defend_Guardian","Guardian:CurlUp+1","Guardian:TwinSlam+1","Guardian:HyperBeam_Guardian+1","Guardian:ArmoredProtocol","Guardian:BronzeArmor","Guardian:FuturePlans","Guardian:TimeSifter+1","CurseOfTheBell","champ:EnchantShield+1","Guardian:BronzeArmor+1","Guardian:BronzeOrb","Guardian:DonusPower","Guardian:StasisField","Guardian:GemFinder","Guardian:TemporalStrike+1","Guardian:ArmoredProtocol+1","Guardian:AncientConstruct","Guardian:Incinerate+1","Guardian:BaubleBeam","Guardian:Orbwalk+1","Guardian:BronzeArmor+1","Guardian:TimeBomb+1","Guardian:PiercingHide","Guardian:PolyBeam+1","Guardian:ChargeUp","Guardian:GatlingBeam+1","Guardian:Repulse+1"],"relics":["Guardian:ModeShifter","Ice Cream","Slimebound:StickyStick","reliquary:Knoch","Vajra","downfall:HeartBlessingGreen","downfall:ShatteredFragment","Calling Bell","Incense Burner","Replay:Bottled Steam","downfall:HeartBlessingRed","Nilry\u0027s Codex","Pen Nib","Pondfish Scales","downfall:HeartBlessingBlue","Bronze Scales","Replay:Bronze Core","reliquary:Aerogel","Prayer Wheel","Molten Egg 2","reliquary:BallBearing","Guardian:StasisUpgradeRelic","Centennial Puzzle"],"acts_visited":["Exordium","TheCity","TheBeyond","TheEnding"],"potions_floor_usage":[50,50,50,56,56,56],"damage_taken":[{"damage":0.0,"enemies":"downfall:FleeingMerchant","floor":2.0,"turns":4.0},{"damage":5.0,"enemies":"downfall:FleeingMerchant","floor":4.0,"turns":4.0},{"damage":0.0,"enemies":"2 Louse","floor":5.0,"turns":4.0},{"damage":16.0,"enemies":"3 Sentries","floor":10.0,"turns":8.0},{"damage":20.0,"enemies":"downfall:FleeingMerchant","floor":13.0,"turns":4.0},{"damage":4.0,"enemies":"downfall:FleeingMerchant","floor":14.0,"turns":4.0},{"damage":4.0,"enemies":"Small Slimes","floor":15.0,"turns":2.0},{"damage":0.0,"enemies":"SI_SHIV_ARCHETYPE","floor":16.0,"turns":5.0},{"damage":0.0,"enemies":"3 Byrds","floor":19.0,"turns":3.0},{"damage":14.0,"enemies":"downfall:LooterAlt2","floor":21.0,"turns":3.0},{"damage":1.0,"enemies":"Replay:Snechameleon","floor":25.0,"turns":6.0},{"damage":0.0,"enemies":"Snecko","floor":29.0,"turns":4.0},{"damage":0.0,"enemies":"Snake Plant","floor":30.0,"turns":4.0},{"damage":15.0,"enemies":"Slavers","floor":31.0,"turns":4.0},{"damage":7.0,"enemies":"Sentry and Sphere","floor":32.0,"turns":4.0},{"damage":33.0,"enemies":"DF_ARCHETYPE_CLAW","floor":33.0,"turns":6.0},{"damage":2.0,"enemies":"3 Shapes","floor":37.0,"turns":4.0},{"damage":0.0,"enemies":"Orb Walker","floor":38.0,"turns":1.0},{"damage":1.0,"enemies":"Transient","floor":39.0,"turns":5.0},{"damage":23.0,"enemies":"Maw","floor":40.0,"turns":7.0},{"damage":0.0,"enemies":"2 Orb Walkers","floor":42.0,"turns":5.0},{"damage":8.0,"enemies":"Sphere and 2 Shapes","floor":43.0,"turns":5.0},{"damage":5.0,"enemies":"Giant Head","floor":46.0,"turns":9.0},{"damage":1.0,"enemies":"Jaw Worm Horde","floor":47.0,"turns":2.0},{"damage":0.0,"enemies":"downfall:FleeingMerchant","floor":48.0,"turns":3.0},{"damage":0.0,"enemies":"Maw","floor":49.0,"turns":7.0},{"damage":19,"enemies":"IC_BLOCK_ARCHETYPE","floor":50,"turns":10},{"damage":31,"enemies":"downfall:CharBossMerchant","floor":52,"turns":8},{"damage":10,"enemies":"downfall:NeowBoss","floor":55,"turns":17},{"damage":57,"enemies":"downfall:NeowBossFinal","floor":56,"turns":11}],"seed_played":"4793387427460679123","potions_obtained":[{"floor":5.0,"key":"Regen Potion"},{"floor":10.0,"key":"hexamod:SoulburnPotion"},{"floor":19.0,"key":"GamblersBrew"},{"floor":25.0,"key":"champ:CounterPotion"},{"floor":31.0,"key":"Fire Potion"},{"floor":32.0,"key":"sneckomod:MuddlingPotion"},{"floor":33.0,"key":"champ:CounterPotion"},{"floor":39.0,"key":"Explosive Potion"},{"floor":40.0,"key":"hexamod:SoulburnPotion"},{"floor":47.0,"key":"Toxic Potion"},{"floor":49.0,"key":"champ:CounterPotion"},{"floor":52,"key":"Elixir"}],"is_trial":false,"path_per_floor":["R","$","?","$","M","R","T","?","R","E","R","?","$","$","M","B",null,"R","M","?","M","?","R","T","E","T","R","?","M","M","E","M","B",null,"R","?","M","M","M","M","T","?","M","?","R","E","M","$","M","B",null,"E","$","R","B","B",null],"character_chosen":"GUARDIAN","items_purchased":["Slimebound:StickyStick","PowerPotion","reliquary:BallBearing","Guardian:StasisUpgradeRelic","Guardian:Gem_Purple","Guardian:PiercingHide","EntropicBrew","Guardian:PolyBeam+1","DuplicationPotion"],"campfire_rested":3,"item_purchase_floors":[4,14,48,48,48,48,48,48,53],"current_hp_per_floor":[80,80,80,75,75,75,75,75,75,74,74,50,30,26,22,22,80,80,80,80,66,50,74,74,73,73,83,83,83,83,68,61,28,90,90,90,88,88,87,64,64,64,56,56,83,78,77,77,77,58,90,59,59,86,76,19],"gold":67,"neow_bonus":"ONE_RARE_RELIC","is_daily":false,"chose_seed":false,"campfire_upgraded":5,"win_rate":0.0,"timestamp":1614199872,"path_taken":["R","$","?","$","M","R","T","?","R","E","R","?","?","$","M","BOSS","R","M","?","?","?","R","T","E","?","R","?","?","M","E","M","BOSS","R","?","M","?","M","M","T","?","M","?","R","E","M","$","M","BOSS","E","$","R","BOSS","BOSS"],"items_purchased_type":["Relic","Potion","Relic","Relic","Card","Card","Potion","Card","Potion"],"build_version":"2020-12-22","purchased_purges":3,"victory":true,"max_hp_per_floor":[80,80,80,80,80,80,80,80,80,80,80,80,80,80,80,80,80,80,80,80,80,80,80,80,80,80,90,90,90,90,90,90,90,90,90,90,90,90,90,90,90,90,90,90,90,90,90,90,90,90,90,90,90,90,90,90],"card_choices":[{"not_picked":["Guardian:TemporalStrike","Guardian:Recover"],"picked":"Guardian:Gem_Yellow","floor":2.0},{"not_picked":["Guardian:Emergency","Guardian:Gem_Lightblue","Guardian:Recover"],"picked":"SKIP","floor":4.0},{"not_picked":["Guardian:ShieldCharger","Guardian:Emergency","Guardian:TemporalShield"],"picked":"SKIP","floor":5.0},{"not_picked":["Guardian:TemporalStrike","Guardian:WalkerClaw"],"picked":"Guardian:HyperBeam_Guardian","floor":10.0},{"not_picked":["Guardian:ChargeCore","Guardian:PrimingBeam"],"picked":"Guardian:ArmoredProtocol","floor":13.0},{"not_picked":["Guardian:TemporalStrike","Guardian:ShieldCharger"],"picked":"Guardian:BronzeArmor","floor":14.0},{"not_picked":["Guardian:PolyBeam","Guardian:Gem_Purple"],"picked":"Guardian:FuturePlans","floor":15.0},{"not_picked":["Guardian:Gem_Orange","Guardian:ExploitGems"],"picked":"Guardian:TimeSifter","floor":16.0},{"not_picked":["Guardian:Gem_Fragmented","Guardian:Recover","Guardian:PiercingHide"],"picked":"SKIP","floor":19.0},{"not_picked":["Guardian:Gem_Red","Guardian:Gem_Lightblue"],"picked":"Guardian:BronzeArmor+1","floor":21.0},{"not_picked":["Guardian:Gem_Red","Guardian:Gem_Lightblue"],"picked":"Guardian:Gem_Synthetic","floor":25.0},{"not_picked":["Guardian:Gem_Fragmented","Guardian:WalkerClaw","Guardian:ShieldSpikes"],"picked":"SKIP","floor":29.0},{"not_picked":["Guardian:SentryBeam+1","Guardian:Incinerate"],"picked":"Guardian:BronzeOrb","floor":30.0},{"not_picked":["Guardian:WalkerClaw","Guardian:PolyBeam"],"picked":"Guardian:Gem_Synthetic","floor":31.0},{"not_picked":["Guardian:Planning","Guardian:Gem_White"],"picked":"Guardian:DonusPower","floor":32.0},{"not_picked":["Guardian:CompilePackage","Guardian:StasisStrike"],"picked":"Guardian:StasisField","floor":33.0},{"not_picked":["Guardian:FloatingOrbs","Guardian:TemporalShield+1"],"picked":"Guardian:TemporalStrike+1","floor":37.0},{"not_picked":["Guardian:Gem_Cyan","Guardian:Gem_Green"],"picked":"Guardian:Gem_Red","floor":37.0},{"not_picked":["Guardian:CrystalBeam","Guardian:WalkerClaw+1"],"picked":"Guardian:ArmoredProtocol+1","floor":38.0},{"not_picked":["Guardian:SentryBeam+1","Guardian:FloatingOrbs+1"],"picked":"Guardian:AncientConstruct","floor":39.0},{"not_picked":["Guardian:ShieldSpikes","Guardian:TemporalShield","Guardian:Gem_Green"],"picked":"SKIP","floor":40.0},{"not_picked":["Guardian:RollAttack+1","Guardian:TemporalShield"],"picked":"Guardian:Incinerate+1","floor":42.0},{"not_picked":["Guardian:Gem_Red","Guardian:VentSteam"],"picked":"Guardian:BaubleBeam","floor":43.0},{"not_picked":["Guardian:ChargeCore+1","Guardian:TemporalStrike+1"],"picked":"Guardian:Gem_Green","floor":43.0},{"not_picked":["Guardian:RefractedBeam","Guardian:PolyBeam+1"],"picked":"Guardian:Gem_Blue","floor":44.0},{"not_picked":["Guardian:PrismaticBeam","Guardian:Suspension+1"],"picked":"Guardian:Orbwalk+1","floor":44.0},{"not_picked":["Guardian:Gem_Purple","Guardian:PrimingBeam+1"],"picked":"Guardian:BronzeArmor+1","floor":44.0},{"not_picked":["Guardian:PiercingHide","Guardian:ShieldSpikes","Guardian:Reroute+1"],"picked":"SKIP","floor":46.0},{"not_picked":["Guardian:TemporalShield+1","Guardian:Planning+1","Guardian:RollAttack+1"],"picked":"SKIP","floor":47.0},{"not_picked":["Guardian:Preprogram","Guardian:Gem_Blue","Guardian:TemporalShield"],"picked":"SKIP","floor":47.0},{"not_picked":["Guardian:Suspension","Guardian:BronzeArmor"],"picked":"Guardian:TimeBomb+1","floor":48.0},{"not_picked":["Guardian:Gem_Blue","Guardian:Gem_Green"],"picked":"Guardian:ChargeUp","floor":49.0},{"not_picked":["Guardian:PrimingBeam+1","Guardian:PiercingHide"],"picked":"Guardian:GatlingBeam+1","floor":49.0},{"not_picked":["Guardian:PrismaticBeam+1","Guardian:Suspension+1"],"picked":"Guardian:Repulse+1","floor":52}],"player_experience":550526,"relics_obtained":[{"floor":7.0,"key":"reliquary:Knoch"},{"floor":10.0,"key":"Vajra"},{"floor":17.0,"key":"CeramicFish"},{"floor":17.0,"key":"Incense Burner"},{"floor":17.0,"key":"Replay:Bottled Steam"},{"floor":22.0,"key":"Nilry\u0027s Codex"},{"floor":25.0,"key":"Pen Nib"},{"floor":26.0,"key":"Pondfish Scales"},{"floor":31.0,"key":"Bronze Scales"},{"floor":41.0,"key":"reliquary:Aerogel"},{"floor":42.0,"key":"Prayer Wheel"},{"floor":46.0,"key":"Molten Egg 2"},{"floor":52,"key":"Centennial Puzzle"}],"event_choices":[{"cards_removed":["downfall:Icky"],"damage_healed":0.0,"max_hp_gain":0.0,"max_hp_loss":0.0,"gold_gain":0.0,"event_name":"Living Wall","player_choice":"Forget","floor":8.0,"gold_loss":0.0,"damage_taken":0.0},{"cards_removed":["Guardian:Strike_Guardian"],"damage_healed":0.0,"max_hp_gain":0.0,"max_hp_loss":0.0,"gold_gain":0.0,"event_name":"NoteForYourself","player_choice":"Took Card","floor":20.0,"gold_loss":0.0,"damage_taken":0.0,"cards_obtained":["champ:EnchantShield"]},{"damage_healed":0.0,"max_hp_gain":0.0,"max_hp_loss":0.0,"gold_gain":0.0,"event_name":"Mysterious Sphere","player_choice":"Fight","floor":42.0,"gold_loss":0.0,"damage_taken":0.0}],"is_beta":false,"boss_relics":[{"not_picked":["SlaversCollar","Replay:Drink Me"],"picked":"Calling Bell"},{"not_picked":["Runic Pyramid","reliquary:Craggleroot"],"picked":"Replay:Bronze Core"}],"items_purged_floors":[4,13,48],"is_endless":false,"potions_floor_spawned":[5,10,19,25,31,32,33,39,40,47,49,52],"ascension_level":0}}