{"host":"nbofzmb1hl9rnais","time":1614145961,"event":{"mods":["BaseMod","Colored Map","Minty Spire (QoL Compilation)","StSLib","The Bug Knight"],"gold_per_floor":[118,129,149,163,174,174,190,190,213,213,213,240,119,147,147,250,250,261,261,275,285,303,329,329,355,355,366,366,376,391,186,186,283,283,303,323,145,160,178,178,198,216,239,239,259,259,111,136,136,136],"floor_reached":51,"language":"ENG","playtime":4560,"items_purged":["Infinite Blades+1","Deadly Poison"],"score":744,"play_id":"f284064d-0392-49a7-ba72-e07566b6750e","local_time":"20210223215241","daily_mods":["SealedDeck"],"is_ascension_mode":true,"campfire_choices":[{"data":"HollowMod:NewJinnsSoul","floor":6,"key":"SMITH"},{"data":"Deflect","floor":8,"key":"SMITH"},{"data":"Infinite Blades","floor":10,"key":"SMITH"},{"data":"HollowMod:SiblingsSouls","floor":15,"key":"SMITH"},{"data":"HollowMod:MantisMark","floor":24,"key":"SMITH"},{"data":"HollowMod:LifebloodCore","floor":28,"key":"SMITH"},{"data":"HollowMod:MawleksShell","floor":32,"key":"SMITH"},{"data":"HollowMod:BrokenVessel","floor":40,"key":"SMITH"},{"data":"HollowMod:LifebloodCore","floor":44,"key":"SMITH"},{"data":"HollowMod:TaintedHusks","floor":46,"key":"SMITH"},{"data":"Backflip","floor":49,"key":"SMITH"}],"circlet_count":0,"master_deck":["HollowMod:TaintedHusks+1","HollowMod:NewJinnsSoul+1","HollowMod:InfectedCysts","HollowMod:MantisMark+1","Deflect+1","Blade Dance+1","Backflip+1","Backflip","HollowMod:CloakDash+1","HollowMod:InfectedCysts+1","HollowMod:HuntersJournal","HollowMod:SiblingsSouls+1","HollowMod:LifebloodCocoon+1","HollowMod:LifebloodCore+1","HollowMod:InfectionAssault","HollowMod:CycloneSlash+1","HollowMod:MawleksShell+1","HollowMod:LifebloodCore+1","HollowMod:BrokenVessel+1","HollowMod:InfectedAttack+1","HollowMod:NewLittleFool"],"relics":["Ring of the Snake","War Paint","Bottled Flame","Mango","Boot","Busted Crown","HollowMod:PaleOreRelic","Incense Burner","MealTicket","Runic Pyramid","Orichalcum","Lee\u0027s Waffle","Whetstone"],"acts_visited":["Exordium","TheCity","TheBeyond"],"potions_floor_usage":[14,31,36,38,45,50,50,50],"damage_taken":[{"damage":0,"enemies":"Cultist","floor":1,"turns":3},{"damage":0,"enemies":"2 Louse","floor":2,"turns":1},{"damage":1,"enemies":"Jaw Worm","floor":3,"turns":4},{"damage":4,"enemies":"Large Slime","floor":4,"turns":7},{"damage":7,"enemies":"Exordium Thugs","floor":5,"turns":3},{"damage":2,"enemies":"Looter","floor":7,"turns":3},{"damage":12,"enemies":"Lagavulin","floor":12,"turns":6},{"damage":1,"enemies":"3 Sentries","floor":14,"turns":2},{"damage":38,"enemies":"Slime Boss","floor":16,"turns":10},{"damage":0,"enemies":"3 Byrds","floor":18,"turns":3},{"damage":3,"enemies":"Shell Parasite","floor":20,"turns":4},{"damage":0,"enemies":"Chosen and Byrds","floor":21,"turns":6},{"damage":3,"enemies":"3 Cultists","floor":22,"turns":3},{"damage":9,"enemies":"Slavers","floor":23,"turns":4},{"damage":8,"enemies":"Gremlin Leader","floor":25,"turns":5},{"damage":8,"enemies":"Sentry and Sphere","floor":27,"turns":4},{"damage":0,"enemies":"Snake Plant","floor":29,"turns":3},{"damage":0,"enemies":"Cultist and Chosen","floor":30,"turns":4},{"damage":18,"enemies":"Automaton","floor":33,"turns":12},{"damage":0,"enemies":"Orb Walker","floor":35,"turns":4},{"damage":1,"enemies":"3 Darklings","floor":36,"turns":3},{"damage":10,"enemies":"Jaw Worm Horde","floor":38,"turns":2},{"damage":21,"enemies":"4 Shapes","floor":39,"turns":3},{"damage":0,"enemies":"Maw","floor":41,"turns":8},{"damage":32,"enemies":"Jaw Worm Horde","floor":42,"turns":3},{"damage":2,"enemies":"Writhing Mass","floor":45,"turns":5},{"damage":3,"enemies":"Reptomancer","floor":48,"turns":5},{"damage":18,"enemies":"Donu and Deca","floor":50,"turns":9}],"seed_played":"-7195059724124517134","potions_obtained":[{"floor":3,"key":"Explosive Potion"},{"floor":4,"key":"Dexterity Potion"},{"floor":14,"key":"GamblersBrew"},{"floor":22,"key":"FearPotion"},{"floor":23,"key":"DistilledChaos"},{"floor":35,"key":"CunningPotion"},{"floor":41,"key":"Weak Potion"},{"floor":45,"key":"AttackPotion"},{"floor":48,"key":"CultistPotion"}],"is_trial":true,"path_per_floor":["M","M","M","M","M","R","M","R","T","R","T","E","$","E","R","B",null,"M","?","M","M","M","E","R","E","T","M","R","M","M","$","R","B",null,"M","M","$","M","M","R","M","M","T","R","M","R","$","E","R","B",null],"character_chosen":"THE_SILENT","items_purchased":["HollowMod:HuntersJournal","HollowMod:SiblingsSouls","HollowMod:MawleksShell","Fruit Juice","HollowMod:BrokenVessel","Lee\u0027s Waffle"],"campfire_rested":0,"item_purchase_floors":[13,13,31,31,37,47],"current_hp_per_floor":[70,70,69,65,58,58,56,56,56,56,56,58,58,57,57,19,84,84,84,81,81,78,69,69,61,61,53,53,53,53,73,73,55,89,89,88,89,79,58,58,58,26,26,26,24,24,96,93,93,75],"gold":136,"neow_bonus":"","is_daily":false,"chose_seed":false,"campfire_upgraded":11,"win_rate":0.0,"timestamp":1614145961,"path_taken":["M","M","M","M","?","R","M","R","T","R","?","E","$","E","R","BOSS","M","?","?","M","M","E","R","E","T","M","R","?","M","$","R","BOSS","M","M","$","M","M","R","M","M","T","R","M","R","$","E","R","BOSS"],"items_purchased_type":["Card","Card","Card","Potion","Card","Relic"],"build_version":"2020-12-22","purchased_purges":2,"victory":true,"max_hp_per_floor":[70,70,70,70,70,70,70,70,70,70,70,84,84,84,84,84,84,84,84,84,84,84,84,84,84,84,84,84,84,84,89,89,89,89,89,89,89,89,89,89,89,89,89,89,89,89,96,96,96,96],"card_choices":[{"not_picked":["Sucker Punch","HollowMod:SoulSplash","HollowMod:DashSlash"],"picked":"SKIP","floor":1},{"not_picked":["HollowMod:ShadowDash","HollowMod:HeavyBlow"],"picked":"Deadly Poison","floor":2},{"not_picked":["Flying Knee","HollowMod:HeavyBlow","Bane"],"picked":"SKIP","floor":3},{"not_picked":["Concentrate","HollowMod:CloakDash"],"picked":"HollowMod:InfectedCysts","floor":4},{"not_picked":["Bane","Calculated Gamble","Heel Hook"],"picked":"SKIP","floor":5},{"not_picked":["Deadly Poison","Sucker Punch","Storm of Steel"],"picked":"SKIP","floor":7},{"not_picked":["Reflex","Dagger Spray","Flying Knee"],"picked":"SKIP","floor":12},{"not_picked":["HollowMod:LifebloodCocoon","Dagger Throw","Masterful Stab"],"picked":"SKIP","floor":14},{"not_picked":["Dagger Throw","Masterful Stab"],"picked":"HollowMod:LifebloodCocoon","floor":14},{"not_picked":["HollowMod:VoidDash","Die Die Die"],"picked":"HollowMod:LifebloodCore","floor":16},{"not_picked":["HollowMod:ShadowDash"],"picked":"SKIP","floor":18},{"not_picked":["Slice"],"picked":"SKIP","floor":20},{"not_picked":["HollowMod:NewJinnsSoul"],"picked":"SKIP","floor":21},{"not_picked":["Masterful Stab"],"picked":"SKIP","floor":22},{"not_picked":[],"picked":"HollowMod:InfectionAssault","floor":23},{"not_picked":["Escape Plan+1"],"picked":"SKIP","floor":25},{"not_picked":[],"picked":"HollowMod:CycloneSlash","floor":27},{"not_picked":["Dagger Spray"],"picked":"SKIP","floor":29},{"not_picked":["Setup"],"picked":"SKIP","floor":30},{"not_picked":[],"picked":"HollowMod:LifebloodCore","floor":33},{"not_picked":["Backstab"],"picked":"SKIP","floor":35},{"not_picked":["HollowMod:SoulSplash+1"],"picked":"SKIP","floor":36},{"not_picked":[],"picked":"HollowMod:InfectedAttack+1","floor":38},{"not_picked":["Blur+1"],"picked":"SKIP","floor":39},{"not_picked":["HollowMod:SiblingsShadow"],"picked":"SKIP","floor":41},{"not_picked":["HollowMod:VengefulVoid"],"picked":"SKIP","floor":42},{"not_picked":[],"picked":"HollowMod:NewLittleFool","floor":45},{"not_picked":["HollowMod:QuirrelsAssistance"],"picked":"SKIP","floor":48}],"player_experience":184786,"relics_obtained":[{"floor":9,"key":"War Paint"},{"floor":11,"key":"Bottled Flame"},{"floor":12,"key":"Mango"},{"floor":14,"key":"Boot"},{"floor":23,"key":"HollowMod:PaleOreRelic"},{"floor":25,"key":"Incense Burner"},{"floor":26,"key":"MealTicket"},{"floor":43,"key":"Orichalcum"},{"floor":48,"key":"Whetstone"}],"event_choices":[{"damage_healed":0,"gold_gain":0,"player_choice":"Upgraded","damage_taken":0,"max_hp_gain":0,"max_hp_loss":0,"event_name":"Upgrade Shrine","floor":19,"gold_loss":0,"cards_upgraded":["HollowMod:LifebloodCocoon"]}],"is_beta":false,"boss_relics":[{"not_picked":["Astrolabe","SacredBark"],"picked":"Busted Crown"},{"not_picked":["Ring of the Serpent","Cursed Key"],"picked":"Runic Pyramid"}],"items_purged_floors":[31,37],"is_endless":false,"potions_floor_spawned":[3,4,14,22,23,25,29,35,41,45,48],"ascension_level":1}}