{"host":"p9fmk1zxjhqthrxg","time":1614206090,"event":{"mods":["BaseMod","Bestiary","Colored Map","Colored Powertips","Highlight Path","Minty Spire (QoL Compilation)","Random Character Button","Rare Cards Sparkle","StSLib"],"gold_per_floor":[15,15,30,48,48,48,67,67,93,108,133,156,195,214,214,343,343,368,443,456,13,13,13,57,57,106,106,141,162,162,162],"floor_reached":30,"language":"ENG","playtime":2569,"items_purged":[],"score":270,"play_id":"36f3d594-5262-47df-947e-cd76ddc0a89c","local_time":"20210224163450","is_ascension_mode":false,"campfire_choices":[{"data":"Infinite Blades","floor":6,"key":"SMITH"},{"data":"Die Die Die","floor":8,"key":"SMITH"},{"floor":15,"key":"REST"},{"data":"Eviscerate","floor":23,"key":"SMITH"},{"floor":25,"key":"REST"},{"data":"Accuracy","floor":27,"key":"SMITH"}],"circlet_count":0,"master_deck":["Strike_G","Strike_G","Strike_G","Defend_G","Defend_G","Defend_G","Defend_G","Defend_G","Survivor","Neutralize","Heel Hook","Die Die Die+1","Quick Slash","Injury","Distraction","Infinite Blades+1","Regret","Eviscerate+1","Infinite Blades","Dagger Throw","Prepared","Bouncing Flask","Venomology","Crippling Poison","Accuracy+1","Magnetism","Flying Knee+1","Blade Dance","Cloak And Dagger"],"relics":["Ring of the Snake","Golden Idol","Potion Belt","Orichalcum","Toy Ornithopter","MealTicket","HoveringKite","Singing Bowl","CaptainsWheel","Tiny Chest","Bottled Flame"],"acts_visited":["Exordium","TheCity"],"potions_floor_usage":[16,24,24,28,28,29,29],"damage_taken":[{"damage":7,"enemies":"Jaw Worm","floor":1,"turns":3},{"damage":10,"enemies":"Small Slimes","floor":3,"turns":2},{"damage":0,"enemies":"Cultist","floor":4,"turns":3},{"damage":0,"enemies":"Gremlin Gang","floor":7,"turns":2},{"damage":12,"enemies":"3 Louse","floor":10,"turns":2},{"damage":16,"enemies":"Large Slime","floor":11,"turns":6},{"damage":12,"enemies":"Lagavulin","floor":13,"turns":6},{"damage":4,"enemies":"Looter","floor":14,"turns":3},{"damage":24,"enemies":"Hexaghost","floor":16,"turns":10},{"damage":22,"enemies":"Spheric Guardian","floor":18,"turns":4},{"damage":9,"enemies":"3 Byrds","floor":20,"turns":5},{"damage":39,"enemies":"Slavers","floor":24,"turns":6},{"damage":56,"enemies":"Gremlin Leader","floor":28,"turns":8},{"damage":18,"enemies":"Snake Plant","floor":29,"turns":4},{"damage":15,"enemies":"3 Cultists","floor":30,"turns":2}],"seed_played":"5529297151005731568","potions_obtained":[{"floor":3,"key":"SteroidPotion"},{"floor":7,"key":"Block Potion"},{"floor":16,"key":"BlessingOfTheForge"},{"floor":24,"key":"Strength Potion"},{"floor":28,"key":"PowerPotion"}],"is_trial":false,"path_per_floor":["M","?","M","M","?","R","M","R","T","M","M","T","E","M","R","B",null,"M","?","M","$","$","R","E","R","T","R","E","M","M"],"character_chosen":"THE_SILENT","items_purchased":["Magnetism","Singing Bowl"],"campfire_rested":2,"item_purchase_floors":[21,21],"current_hp_per_floor":[63,63,53,53,53,53,53,53,53,41,25,25,13,9,30,11,70,48,41,32,47,62,62,33,54,54,54,23,15,0,0],"gold":162,"neow_bonus":"TRANSFORM_TWO_CARDS","is_daily":false,"chose_seed":false,"campfire_upgraded":4,"win_rate":0.0,"timestamp":1614206090,"path_taken":["M","?","M","M","?","R","M","R","T","M","M","?","E","M","R","BOSS","M","?","M","?","$","R","E","R","T","R","E","M","?"],"items_purchased_type":["Card","Relic"],"build_version":"2020-12-22","purchased_purges":0,"victory":false,"max_hp_per_floor":[70,70,70,70,70,70,70,70,70,70,70,70,70,70,70,70,70,70,70,70,70,70,70,70,70,70,70,70,70,70,70],"card_choices":[{"not_picked":["Cloak And Dagger","Terror"],"picked":"Quick Slash","floor":1},{"not_picked":["Dagger Throw","PiercingWail"],"picked":"Distraction","floor":3},{"not_picked":["Cloak And Dagger","Endless Agony"],"picked":"Infinite Blades","floor":4},{"not_picked":["Leg Sweep","Caltrops"],"picked":"Eviscerate","floor":7},{"not_picked":["Crippling Poison","Deadly Poison"],"picked":"Infinite Blades","floor":10},{"not_picked":["Slice","Dodge and Roll"],"picked":"Dagger Throw","floor":11},{"not_picked":["Underhanded Strike","Endless Agony"],"picked":"Prepared","floor":13},{"not_picked":["Deflect","Flying Knee"],"picked":"Bouncing Flask","floor":14},{"not_picked":["Phantasmal Killer","Burst"],"picked":"Venomology","floor":16},{"not_picked":["Sucker Punch","Quick Slash+1"],"picked":"Crippling Poison","floor":18},{"not_picked":["Blade Dance","Sucker Punch+1"],"picked":"Accuracy","floor":20},{"not_picked":["Masterful Stab","Leg Sweep+1"],"picked":"Flying Knee+1","floor":24},{"not_picked":["Backflip","Riddle With Holes"],"picked":"Blade Dance","floor":28},{"not_picked":["Dagger Throw+1","Bane+1"],"picked":"Cloak And Dagger","floor":29}],"player_experience":152005,"relics_obtained":[{"floor":9,"key":"Orichalcum"},{"floor":12,"key":"Toy Ornithopter"},{"floor":13,"key":"MealTicket"},{"floor":24,"key":"CaptainsWheel"},{"floor":26,"key":"Tiny Chest"},{"floor":28,"key":"Bottled Flame"}],"event_choices":[{"damage_healed":0,"gold_gain":0,"player_choice":"Take Wound","damage_taken":0,"relics_obtained":["Golden Idol"],"max_hp_gain":0,"max_hp_loss":0,"event_name":"Golden Idol","floor":2,"gold_loss":0,"cards_obtained":["Injury"]},{"damage_healed":0,"gold_gain":0,"player_choice":"Box","damage_taken":0,"relics_obtained":["Potion Belt"],"max_hp_gain":0,"max_hp_loss":0,"event_name":"Big Fish","floor":5,"gold_loss":0,"cards_obtained":["Regret"]},{"damage_healed":0,"gold_gain":75,"player_choice":"Touch","damage_taken":7,"max_hp_gain":0,"max_hp_loss":0,"event_name":"FaceTrader","floor":19,"gold_loss":0}],"is_beta":false,"boss_relics":[{"not_picked":["SacredBark","Cursed Key"],"picked":"HoveringKite"}],"items_purged_floors":[],"is_endless":false,"potions_floor_spawned":[3,7,16,24,28],"killed_by":"3 Cultists","ascension_level":0}}