{"host":"ft5t4c9juw39jltm","time":1614144003,"event":{"mods":["Act Like it!","Arknights","BaseMod","CapriCore","Decade(王小明)","Dota2Spire","GungeonMod","Minty Spire (QoL Compilation)","StSLib","WarShipGirlsR/战舰少女R mod","[GremlinLeader]The Maniac","【遗物卡牌】REMEMod"],"gold_per_floor":[109,284,284,301,313,345,345,375,375,385,1,1,1],"floor_reached":12,"language":"ZHS","playtime":776,"items_purged":["Doubt"],"score":113,"play_id":"7daf1ec1-1f7d-4019-b467-f6ae78ed0fc9","local_time":"20210224132003","is_ascension_mode":false,"campfire_choices":[{"data":"Apotheosis","floor":7,"key":"SMITH"}],"circlet_count":0,"master_deck":["Decade_Attack","Decade_Attack","Decade_Attack","Decade_Attack","KamenRide","Decade_SpecialSkill","Decade_Defend+1","Decade_Defend","Decade_Defend","Decade_Defend","Apotheosis+1","Decay","UnarmedAttack3","Decade_Dash2","NMDAZYYGL+1","KamenRideKiva","RideBooker_Skill_1","DenO_Climax"],"relics":["Decadriver","TOEIDeficitBill","REME_ComplimentaryCards","NeowsBlessing","Art of War","Dota2Spire:BlackKingBar","Pantograph","War Paint"],"acts_visited":["Exordium"],"potions_floor_usage":[8],"damage_taken":[{"damage":0,"enemies":"ats:Genji","floor":1,"turns":1},{"damage":0,"enemies":"Cultist","floor":4,"turns":1},{"damage":0,"enemies":"Small Slimes","floor":5,"turns":1},{"damage":28,"enemies":"Gremlin Nob","floor":6,"turns":5},{"damage":0,"enemies":"Lagavulin","floor":8,"turns":1},{"damage":4,"enemies":"2 Fungi Beasts","floor":10,"turns":3},{"damage":59,"enemies":"3 Sentries","floor":12,"turns":4}],"seed_played":"-9001216306379163763","potions_obtained":[{"floor":1,"key":"Regen Potion"},{"floor":6,"key":"DistilledChaos"},{"floor":8,"key":"REME_GoldPotion"}],"is_trial":false,"path_per_floor":["M","?","?","M","M","E","R","E","T","M","$","E"],"character_chosen":"Decade","items_purchased":["Kuuga_GouramAttack","DenO_Climax","War Paint"],"campfire_rested":0,"item_purchase_floors":[11,11,11],"current_hp_per_floor":[70,70,70,70,70,42,42,42,42,40,40,0,0],"gold":1,"neow_bonus":"THREE_ENEMY_KILL","is_daily":false,"chose_seed":false,"campfire_upgraded":1,"win_rate":0.0,"timestamp":1614144003,"path_taken":["M","?","?","?","M","E","R","E","T","M","$","E"],"items_purchased_type":["Card","Card","Relic"],"build_version":"2020-12-22","purchased_purges":1,"victory":false,"max_hp_per_floor":[70,70,70,70,70,70,70,70,70,70,70,70,70],"card_choices":[{"not_picked":["FormRideStorm","Blade_Metal"],"picked":"UnarmedAttack3","floor":5},{"not_picked":["FormRideStorm","DenO_Rod"],"picked":"Decade_Dash2","floor":6},{"not_picked":["UnarmedAttack6","FormRidePegasus"],"picked":"NMDAZYYGL","floor":6},{"not_picked":["FormRideTitan","DecadeViolentEmotion"],"picked":"KamenRideKiva","floor":8},{"not_picked":["UnarmedAttack3","FormRideJack"],"picked":"RideBooker_Skill_1","floor":10}],"player_experience":221584,"relics_obtained":[{"floor":6,"key":"Art of War"},{"floor":8,"key":"Dota2Spire:BlackKingBar"},{"floor":9,"key":"Pantograph"}],"event_choices":[{"damage_healed":0,"gold_gain":175,"player_choice":"AGREE","damage_taken":0,"max_hp_gain":0,"max_hp_loss":0,"event_name":"Liars Game","floor":2,"gold_loss":0,"cards_obtained":["Doubt"]},{"damage_healed":0,"gold_gain":0,"player_choice":"Cursed","damage_taken":0,"max_hp_gain":0,"max_hp_loss":0,"event_name":"Wheel of Change","floor":3,"gold_loss":0,"cards_obtained":["Decay"]}],"is_beta":false,"boss_relics":[],"items_purged_floors":[11],"is_endless":false,"potions_floor_spawned":[1,6,8],"killed_by":"3 Sentries","ascension_level":0}}