{"host":"4so6zk3ni2nu7g2c","time":1614171495,"event":{"mods":["BaseMod","Downfall","Minty Spire (QoL Compilation)","Quick Restart","Replay The Spire","Shop Mod","StSLib"],"gold_per_floor":[99,99,99,99,99,99,126,154,54,72,72,72,103,121,140,242,242,242,258,258,258,258,258,258],"floor_reached":22,"language":"ZHS","playtime":726,"items_purged":[],"score":207,"play_id":"a1bbe5d0-39bc-4aac-beed-82acb44cd494","local_time":"20210224205815","is_ascension_mode":true,"campfire_choices":[{"data":"Slimebound:Split","floor":1.0,"key":"SMITH"},{"data":"Slimebound:LeadByExample","floor":9.0,"key":"SMITH"},{"floor":12,"key":"RECALL"},{"data":"Slimebound:Darklings","floor":18,"key":"SMITH"}],"circlet_count":0,"master_deck":["Slimebound:Strike_Slimebound","Slimebound:Strike_Slimebound","Slimebound:Tackle","Slimebound:Defend_Slimebound","Slimebound:Defend_Slimebound","Slimebound:Defend_Slimebound","Slimebound:Defend_Slimebound","Slimebound:Split+1","Slimebound:CorrosiveSpit","Slimebound:SpikyOuterGoop","Slimebound:LeadByExample+1","Looming Evil","Slimebound:MegaLick","Slimebound:Repurpose","Slimebound:Gluttony","Slimebound:GoopSpray","Slimebound:Teamwork","Slimebound:Darklings+1"],"relics":["Slimebound:AbsorbEndCombat","downfall:HeartsMalice","ReplayTheSpireMod:Ring of Exchange","Ring of Fury","downfall:BrokenWingStatue","Anchor","downfall:HeartBlessingGreen","Replay:PocketPolymizer","Runic Pyramid","Nloth\u0027s Gift"],"acts_visited":["Exordium","TheCity"],"potions_floor_usage":[13,15],"damage_taken":[{"damage":0.0,"enemies":"Cultist","floor":2.0,"turns":1.0},{"damage":0.0,"enemies":"Jaw Worm","floor":3.0,"turns":1.0},{"damage":0.0,"enemies":"downfall:FleeingMerchant","floor":4.0,"turns":1.0},{"damage":47.0,"enemies":"Lagavulin","floor":8.0,"turns":8.0},{"damage":5.0,"enemies":"Small Slimes","floor":10.0,"turns":4.0},{"damage":19,"enemies":"3 Sentries","floor":13,"turns":6},{"damage":1,"enemies":"downfall:LooterAlt","floor":14,"turns":3},{"damage":0,"enemies":"Exordium Wildlife","floor":15,"turns":3},{"damage":19,"enemies":"SI_SHIV_ARCHETYPE","floor":16,"turns":5},{"damage":18,"enemies":"3 Byrds","floor":19,"turns":4},{"damage":145,"enemies":"downfall:LooterAlt2","floor":22,"turns":4}],"seed_played":"2974718125563923148","potions_obtained":[{"floor":8.0,"key":"Fire Potion"},{"floor":13,"key":"BlessingOfTheForge"},{"floor":14,"key":"ColorlessPotion"}],"is_trial":false,"path_per_floor":["R","M","M","$","?","?","T","E","R","M","?","R","E","M","M","B",null,"R","M","?","?","M"],"character_chosen":"SLIMEBOUND","items_purchased":[],"campfire_rested":0,"item_purchase_floors":[],"current_hp_per_floor":[65,65,65,65,65,65,65,24,24,25,46,46,33,36,38,23,65,65,49,49,49,0,0,0],"gold":258,"neow_bonus":"THREE_ENEMY_KILL","is_daily":false,"chose_seed":false,"campfire_upgraded":3,"win_rate":0.0,"timestamp":1614171495,"path_taken":["R","M","?","$","?","?","T","E","R","M","?","R","E","?","M","BOSS","R","M","?","?","?"],"items_purchased_type":[],"build_version":"2020-12-22","purchased_purges":0,"victory":false,"max_hp_per_floor":[65,65,65,65,65,65,65,65,65,65,65,65,65,65,65,65,65,65,65,65,65,65,65,65],"card_choices":[{"not_picked":["Slimebound:RejuvenatingLick","Slimebound:SlimeSpikes"],"picked":"Slimebound:SpikyOuterGoop","floor":2.0},{"not_picked":["Slimebound:LeechingTouch","Slimebound:HauntingLick"],"picked":"Slimebound:LeadByExample","floor":3.0},{"not_picked":["Slimebound:AcidTongue","Slimebound:SplitAcid","Slimebound:DouseInSlime"],"picked":"SKIP","floor":4.0},{"not_picked":["Slimebound:SplitAcid","Slimebound:LeechingTouch","Slimebound:SplitLeeching"],"picked":"SKIP","floor":8.0},{"not_picked":["Slimebound:RollThrough","Slimebound:Recollect"],"picked":"Slimebound:MegaLick","floor":10.0},{"not_picked":["Slimebound:FlameTackle","Slimebound:ProtectTheBoss"],"picked":"Slimebound:Repurpose","floor":13},{"not_picked":["Slimebound:Prepare","Slimebound:LeadByExample"],"picked":"Slimebound:Gluttony","floor":14},{"not_picked":["Slimebound:BestDefense","Slimebound:ItLooksTasty"],"picked":"Slimebound:GoopSpray","floor":15},{"not_picked":["Slimebound:MinionMaster","Slimebound:LeechLife"],"picked":"Slimebound:Teamwork","floor":16},{"not_picked":["Slimebound:PressTheAttack","Slimebound:SplitBruiser","Slimebound:SplitAcid"],"picked":"SKIP","floor":19}],"player_experience":415090,"relics_obtained":[{"floor":5.0,"key":"ReplayTheSpireMod:Ring of Exchange"},{"floor":5.0,"key":"Ring of Fury"},{"floor":7.0,"key":"Anchor"},{"floor":8.0,"key":"Dream Catcher"},{"floor":13,"key":"Replay:PocketPolymizer"}],"event_choices":[{"damage_healed":21,"gold_gain":0,"player_choice":"Banana","damage_taken":0,"max_hp_gain":0,"max_hp_loss":0,"event_name":"Big Fish","floor":11,"gold_loss":0}],"is_beta":false,"boss_relics":[{"not_picked":["Replay:Wanted Poster","SacredBark"],"picked":"Runic Pyramid"}],"items_purged_floors":[],"is_endless":false,"potions_floor_spawned":[8,13,14],"killed_by":"downfall:LooterAlt2","ascension_level":2}}