{"host":"ELF","time":1614168475,"event":{"mods":["BaseMod","Bestiary","Minty Spire (QoL Compilation)","Relic Stats","Slay the Relics Exporter"],"gold_per_floor":[109,109,124,136,136,136,164,164,164,164,176,214,5,5,5,104,104,123,123,135,0,0,0,26,37,60,60,60,78,78,89,89,89,89],"floor_reached":33,"language":"ENG","playtime":2106,"items_purged":["Strike_P","Strike_P"],"score":499,"play_id":"86b28d00-2952-4a4a-ba50-d40fade7c182","local_time":"20210224060755","is_ascension_mode":true,"campfire_choices":[{"floor":6.0,"key":"REST"},{"data":"Eruption","floor":8.0,"key":"SMITH"},{"floor":11.0,"key":"REST"},{"data":"Wallop","floor":15.0,"key":"SMITH"},{"floor":23.0,"key":"REST"},{"floor":30.0,"key":"REST"},{"floor":32.0,"key":"REST"}],"circlet_count":0,"master_deck":["AscendersBane","Strike_P+1","Defend_P","Defend_P+1","Eruption+1","Vigilance","WaveOfTheHand","BattleHymn","Protect","Wallop+1","Fasting2","DeusExMachina","ThirdEye","RitualDagger","BowlingBash","InnerPeace","Consecrate+1","EmptyFist","Ghostly","Ghostly","Ghostly","Ghostly","Ghostly","Shame","Tantrum","TalkToTheHand"],"relics":["Empty Cage","Ice Cream","Yang","MawBank","Anchor","Vajra","Runic Pyramid","Nilry\u0027s Codex","Sundial","Nunchaku","MealTicket"],"acts_visited":["Exordium","TheCity"],"potions_floor_usage":[33],"damage_taken":[{"damage":8.0,"enemies":"Small Slimes","floor":1.0,"turns":5.0},{"damage":14.0,"enemies":"Jaw Worm","floor":3.0,"turns":8.0},{"damage":14.0,"enemies":"2 Louse","floor":4.0,"turns":3.0},{"damage":4.0,"enemies":"3 Sentries","floor":7.0,"turns":7.0},{"damage":0.0,"enemies":"Gremlin Nob","floor":12.0,"turns":3.0},{"damage":19.0,"enemies":"The Guardian","floor":16.0,"turns":11.0},{"damage":0.0,"enemies":"Chosen","floor":18.0,"turns":4.0},{"damage":3.0,"enemies":"Shell Parasite","floor":20.0,"turns":4.0},{"damage":16.0,"enemies":"Slavers","floor":24.0,"turns":6.0},{"damage":34.0,"enemies":"Shelled Parasite and Fungi","floor":25.0,"turns":6.0},{"damage":3.0,"enemies":"Snake Plant","floor":29.0,"turns":4.0},{"damage":1.0,"enemies":"Cultist and Chosen","floor":31.0,"turns":4.0},{"damage":42,"enemies":"Automaton","floor":33,"turns":6}],"seed_played":"2752360376587005647","potions_obtained":[{"floor":1.0,"key":"Ambrosia"},{"floor":4.0,"key":"Ambrosia"},{"floor":7.0,"key":"AttackPotion"},{"floor":20.0,"key":"Fruit Juice"},{"floor":29.0,"key":"Strength Potion"},{"floor":31.0,"key":"Block Potion"}],"is_trial":false,"path_per_floor":["M","?","M","M","?","R","E","R","T","?","R","E","$","?","R","B",null,"M","?","M","$","?","R","E","M","T","?","?","M","R","M","R","B"],"character_chosen":"WATCHER","items_purchased":["Vajra","InnerPeace"],"campfire_rested":5,"item_purchase_floors":[13,21],"current_hp_per_floor":[57,57,43,29,15,36,32,32,32,29,50,50,50,43,43,24,60,60,54,51,51,35,56,40,6,6,6,6,3,13,17,29,0,0],"gold":89,"neow_bonus":"BOSS_RELIC","is_daily":false,"chose_seed":false,"campfire_upgraded":2,"win_rate":0.0,"timestamp":1614168475,"path_taken":["M","?","M","M","?","R","E","R","T","?","R","E","$","?","R","BOSS","M","?","M","$","?","R","E","M","T","?","?","?","R","M","R","BOSS"],"items_purchased_type":["Relic","Card"],"build_version":"2020-12-18","purchased_purges":2,"victory":false,"max_hp_per_floor":[72,72,72,72,72,72,72,72,72,72,72,72,72,72,72,72,72,72,72,72,72,72,72,72,72,72,36,36,36,36,41,41,41,41],"relic_stats":{"Nunchaku":[1],"counters":[13,71],"Sundial":[0],"Yang":[69],"MealTicket":0,"MawBank":36,"obtain_stats":[{"Ice Cream":7,"Anchor":12,"Nunchaku":26,"Nilry\u0027s Codex":22,"Sundial":24,"Vajra":13,"Yang":9,"MealTicket":28,"PureWater":0,"Empty Cage":0,"MawBank":10,"Runic Pyramid":17},{"Ice Cream":4,"Anchor":5,"Nunchaku":10,"Nilry\u0027s Codex":8,"Sundial":9,"Vajra":5,"Yang":4,"MealTicket":10,"PureWater":0,"Empty Cage":0,"MawBank":4,"Runic Pyramid":6},{"Ice Cream":23,"Anchor":26,"Nunchaku":57,"Nilry\u0027s Codex":45,"Sundial":51,"Vajra":26,"Yang":23,"MealTicket":57,"PureWater":0,"Empty Cage":0,"MawBank":23,"Runic Pyramid":37}]},"card_choices":[{"not_picked":["ClearTheMind","EmptyMind"],"picked":"WaveOfTheHand","floor":1.0},{"not_picked":["Weave","Conclude"],"picked":"BattleHymn","floor":3.0},{"not_picked":["EmptyFist","ForeignInfluence"],"picked":"Protect","floor":4.0},{"not_picked":["EmptyFist","Meditate"],"picked":"Wallop","floor":7.0},{"not_picked":["Evaluate","Indignation"],"picked":"Fasting2","floor":12.0},{"not_picked":["Devotion","Wish"],"picked":"DeusExMachina","floor":16.0},{"not_picked":["WaveOfTheHand","Wallop"],"picked":"ThirdEye","floor":18.0},{"not_picked":["MentalFortress","ClearTheMind"],"picked":"BowlingBash","floor":20.0},{"not_picked":["Ragnarok","InnerPeace"],"picked":"Consecrate+1","floor":24.0},{"not_picked":["WaveOfTheHand","Crescendo"],"picked":"EmptyFist","floor":25.0},{"not_picked":["ClearTheMind","BowlingBash"],"picked":"Tantrum","floor":29.0},{"not_picked":["ForeignInfluence","SashWhip"],"picked":"TalkToTheHand","floor":31.0}],"player_experience":3551714,"relics_obtained":[{"floor":7.0,"key":"Ice Cream"},{"floor":9.0,"key":"Yang"},{"floor":12.0,"key":"Anchor"},{"floor":22.0,"key":"Nilry\u0027s Codex"},{"floor":24.0,"key":"Sundial"},{"floor":26.0,"key":"Nunchaku"}],"event_choices":[{"damage_healed":0.0,"max_hp_gain":0.0,"max_hp_loss":0.0,"gold_gain":0.0,"event_name":"Liars Game","player_choice":"Ignored","floor":2.0,"gold_loss":0.0,"damage_taken":0.0},{"damage_healed":0.0,"max_hp_gain":0.0,"max_hp_loss":0.0,"gold_gain":0.0,"event_name":"Shining Light","player_choice":"Entered Light","floor":5.0,"gold_loss":0.0,"damage_taken":14.0,"cards_upgraded":["Strike_P","Defend_P"]},{"damage_healed":0.0,"max_hp_gain":0.0,"max_hp_loss":0.0,"gold_gain":0.0,"event_name":"Scrap Ooze","player_choice":"Success","floor":10.0,"gold_loss":0.0,"damage_taken":3.0,"relics_obtained":["MawBank"]},{"cards_removed":["Defend_P"],"damage_healed":0.0,"max_hp_gain":0.0,"max_hp_loss":0.0,"gold_gain":0.0,"event_name":"Golden Wing","player_choice":"Card Removal","floor":14.0,"gold_loss":0.0,"damage_taken":7.0},{"damage_healed":0.0,"max_hp_gain":0.0,"max_hp_loss":0.0,"gold_gain":0.0,"event_name":"Nest","player_choice":"Joined the Cult","floor":19.0,"gold_loss":0.0,"damage_taken":6.0,"cards_obtained":["RitualDagger"]},{"damage_healed":0.0,"max_hp_gain":0.0,"max_hp_loss":0.0,"gold_gain":0.0,"event_name":"Cursed Tome","player_choice":"Obtained Book","floor":22.0,"gold_loss":0.0,"damage_taken":16.0},{"damage_healed":0.0,"max_hp_gain":0.0,"max_hp_loss":36.0,"gold_gain":0.0,"event_name":"Ghosts","player_choice":"Became a Ghost","floor":27.0,"gold_loss":0.0,"damage_taken":0.0,"cards_obtained":["Ghostly","Ghostly","Ghostly","Ghostly","Ghostly"]},{"damage_healed":0.0,"max_hp_gain":0.0,"max_hp_loss":0.0,"gold_gain":0.0,"event_name":"Addict","player_choice":"Stole Relic","floor":28.0,"gold_loss":0.0,"damage_taken":0.0,"relics_obtained":["MealTicket"],"cards_obtained":["Shame"]}],"is_beta":true,"boss_relics":[{"not_picked":["Pandora\u0027s Box","Busted Crown"],"picked":"Runic Pyramid"}],"items_purged_floors":[13,21],"is_endless":false,"potions_floor_spawned":[1,4,7,20,29,31],"killed_by":"Automaton","ascension_level":12}}