{"host":"clf2hd4adhiiw0zf","time":1614124995,"event":{"mods":["AchievementEnabler","BaseMod","Beaked The Cultist","Bestiary","Dark Map","Downfall","Gremlin Mod","Hermit","Jorbs\u0027s Wanderer Trilogy","Marisa????????","Minty Spire (QoL Compilation)","Quick Restart","Replay The Spire","Shop Mod","Spire Arcade","StSLib","The Construct","The Cursed","Wide Potions"],"gold_per_floor":[99,99,99,99,154,187,187,204,239,39,59,93,93,107,118,118,118,118],"floor_reached":16,"language":"ENG","playtime":541,"items_purged":[],"score":153,"play_id":"e99d4ffb-2701-43ea-aea8-3a70a3fd86b9","local_time":"20210223170315","is_ascension_mode":true,"campfire_choices":[{"floor":1,"key":"RECALL"},{"data":"Guardian:PolyBeam","floor":10,"key":"SMITH"}],"circlet_count":0,"master_deck":["Guardian:Strike_Guardian","Guardian:Strike_Guardian","Guardian:Strike_Guardian","Guardian:Strike_Guardian","Guardian:Defend_Guardian+1","Guardian:Defend_Guardian","Guardian:Defend_Guardian","Guardian:Defend_Guardian+1","Guardian:CurlUp","Guardian:TwinSlam","Guardian:ChargeUp","Guardian:VentSteam","Guardian:AncientConstruct","Guardian:PolyBeam","Guardian:PolyBeam+1","Guardian:Gem_Yellow","Guardian:PiercingHide+1","Guardian:PrimingBeam","Guardian:BronzeOrb"],"relics":["Guardian:ModeShifter","downfall:HeartsMalice","Centennial Puzzle","War Paint","Nunchaku","Ancient Tea Set","downfall:HeartBlessingRed","downfall:HeartBlessingBlue","Pen Nib"],"acts_visited":["Exordium"],"potions_floor_usage":[9,9,15,16,16],"damage_taken":[{"damage":0,"enemies":"2 Louse","floor":2,"turns":1},{"damage":0,"enemies":"Small Slimes","floor":3,"turns":1},{"damage":0,"enemies":"Gremlin Nob","floor":5,"turns":1},{"damage":21,"enemies":"Lagavulin","floor":6,"turns":9},{"damage":0,"enemies":"Cultist","floor":8,"turns":5},{"damage":27,"enemies":"3 Sentries","floor":9,"turns":9},{"damage":13,"enemies":"Large Slime","floor":11,"turns":3},{"damage":2,"enemies":"Lagavulin","floor":12,"turns":5},{"damage":5,"enemies":"Blue Slaver","floor":14,"turns":3},{"damage":6,"enemies":"Lots of Slimes","floor":15,"turns":4},{"damage":9,"enemies":"IC_STATUS_ARCHETYPE","floor":16,"turns":2}],"seed_played":"7501798540827018647","potions_obtained":[{"floor":6,"key":"Guardian:AcceleratePotion"},{"floor":8,"key":"AttackPotion"},{"floor":11,"key":"Dexterity Potion"},{"floor":14,"key":"sneckomod:MuddlingPotion"},{"floor":15,"key":"AttackPotion"}],"is_trial":false,"path_per_floor":["R","M","M","?","?","E","T","M","E","R","M","E","?","M","M","B"],"character_chosen":"GUARDIAN","items_purchased":[],"campfire_rested":0,"item_purchase_floors":[],"current_hp_per_floor":[72,72,72,69,69,48,48,48,21,31,18,16,16,11,5,0,0,0],"gold":118,"neow_bonus":"THREE_ENEMY_KILL","is_daily":false,"chose_seed":false,"campfire_upgraded":1,"win_rate":0.0,"timestamp":1614124995,"path_taken":["R","M","M","?","?","E","T","M","E","R","M","E","?","?","M","BOSS"],"items_purchased_type":[],"build_version":"2020-12-22","purchased_purges":0,"victory":false,"max_hp_per_floor":[80,80,80,80,80,80,80,80,80,90,90,90,90,90,90,90,90,90],"card_choices":[{"not_picked":["Guardian:Incinerate","Guardian:Suspension"],"picked":"Guardian:ChargeUp","floor":2},{"not_picked":["Guardian:Emergency","Guardian:TemporalShield"],"picked":"Guardian:Gem_Purple","floor":3},{"not_picked":["Guardian:ChargeCore","Guardian:CrystalBeam"],"picked":"Guardian:VentSteam","floor":5},{"not_picked":["Guardian:Harden","Guardian:BronzeArmor"],"picked":"Guardian:AncientConstruct","floor":6},{"not_picked":["Guardian:FloatingOrbs","Guardian:Gem_Green"],"picked":"Guardian:PolyBeam","floor":8},{"not_picked":["Guardian:Incinerate","Guardian:BodySlam"],"picked":"Guardian:PolyBeam","floor":9},{"not_picked":["Guardian:Planning","Guardian:Gem_Lightblue"],"picked":"Guardian:Gem_Yellow","floor":11},{"not_picked":["Guardian:WalkerClaw","Guardian:TemporalStrike"],"picked":"Guardian:PiercingHide","floor":12},{"not_picked":["Guardian:CrystalBeam","Guardian:Gem_Green"],"picked":"Guardian:PrimingBeam","floor":14},{"not_picked":["Guardian:ShieldCharger","Guardian:VentSteam"],"picked":"Guardian:BronzeOrb","floor":15}],"player_experience":374536,"relics_obtained":[{"floor":5,"key":"War Paint"},{"floor":6,"key":"Nunchaku"},{"floor":9,"key":"Ancient Tea Set"},{"floor":12,"key":"Pen Nib"}],"event_choices":[{"damage_healed":0,"gold_gain":0,"player_choice":"Success","damage_taken":3,"relics_obtained":["Centennial Puzzle"],"max_hp_gain":0,"max_hp_loss":0,"event_name":"Scrap Ooze","floor":4,"gold_loss":0}],"is_beta":false,"boss_relics":[],"items_purged_floors":[],"is_endless":false,"potions_floor_spawned":[6,8,11,14,15],"killed_by":"IC_STATUS_ARCHETYPE","ascension_level":6}}