{"host":"pmmuxs046gii331m","time":1614195356,"event":{"mods":["AchievementEnabler","BaseMod","Colored Powertips","Custom Start","Downfall","Gold Saver","Infinite Spire","Minty Spire (QoL Compilation)","Permanent Neow","Quick Restart","StSLib"],"gold_per_floor":[792,213,226,25,25,25,56,56,356,356,371,371,382,393,393,490,490,510,530,629,400,418,418,418,418,442,442,442],"floor_reached":27,"language":"ENG","playtime":1655,"items_purged":["Strike_R","Strike_R","Strike_R"],"score":306,"play_id":"6bbee3c0-eb88-4b57-8d33-d733cfb2864a","local_time":"20210224143556","is_ascension_mode":true,"campfire_choices":[{"data":"Limit Break","floor":6.0,"key":"SMITH"},{"data":"Inflame","floor":8.0,"key":"SMITH"},{"data":"Seeing Red","floor":10.0,"key":"SMITH"},{"data":"Fire Breathing","floor":15.0,"key":"SMITH"},{"floor":23.0,"key":"REST"},{"data":"Demon Form","floor":25.0,"key":"SMITH"}],"circlet_count":0,"master_deck":["Strike_R","Strike_R","Defend_R","Defend_R","Defend_R","Defend_R","Bash","Twin Strike","Bloodletting","Limit Break+1","Inflame+1","Cleave","Seeing Red+1","Fire Breathing+1","Rage","Iron Wave","Demon Form+1","Heavy Blade","Flex"],"relics":["Burning Blood","Membership Card","Pantograph","Toy Ornithopter","Ice Cream","Darkstone Periapt","Old Coin","Bronze Scales","Black Star","FossilizedHelix","FaceOfCleric","Blood Vial"],"acts_visited":["Exordium","TheCity"],"potions_floor_usage":[27],"damage_taken":[{"damage":1.0,"enemies":"Cultist","floor":1.0,"turns":3.0},{"damage":20.0,"enemies":"Small Slimes","floor":3.0,"turns":4.0},{"damage":28.0,"enemies":"Lagavulin","floor":7.0,"turns":6.0},{"damage":3.0,"enemies":"Jaw Worm","floor":11.0,"turns":4.0},{"damage":14.0,"enemies":"Lots of Slimes","floor":13.0,"turns":3.0},{"damage":15.0,"enemies":"Exordium Wildlife","floor":14.0,"turns":3.0},{"damage":30.0,"enemies":"Hexaghost","floor":16.0,"turns":7.0},{"damage":14.0,"enemies":"3 Byrds","floor":18.0,"turns":4.0},{"damage":20.0,"enemies":"Spheric Guardian","floor":19.0,"turns":4.0},{"damage":40.0,"enemies":"3 Cultists","floor":22.0,"turns":5.0},{"damage":54,"enemies":"Shelled Parasite and Fungi","floor":27,"turns":4}],"seed_played":"-9108792400150664170","potions_obtained":[{"floor":7.0,"key":"Block Potion"},{"floor":11.0,"key":"Dexterity Potion"},{"floor":18.0,"key":"Block Potion"},{"floor":22.0,"key":"Swift Potion"}],"is_trial":false,"path_per_floor":["M","$","M","$","?","R","E","R","T","R","M","?","M","M","R","B",null,"M","M","?","$","M","R","?","R","T","M"],"character_chosen":"IRONCLAD","items_purchased":["Limit Break","Inflame","Membership Card","Pantograph","Toy Ornithopter","Ice Cream","FossilizedHelix","Flex"],"campfire_rested":1,"item_purchase_floors":[2,2,2,2,2,4,21,21],"current_hp_per_floor":[77,77,63,63,68,68,46,46,46,46,49,49,46,37,37,38,73,65,51,51,51,22,47,47,47,47,0,0],"gold":442,"neow_bonus":"THREE_CARDS","is_daily":false,"chose_seed":false,"campfire_upgraded":5,"win_rate":0.0,"timestamp":1614195356,"path_taken":["M","$","?","$","?","R","E","R","T","R","M","?","?","M","R","BOSS","M","M","?","$","M","R","?","R","T","?"],"items_purchased_type":["Card","Card","Relic","Relic","Relic","Relic","Relic","Card"],"build_version":"2020-12-22","purchased_purges":3,"victory":false,"max_hp_per_floor":[80,80,80,80,85,85,85,85,85,85,85,85,85,85,85,85,85,85,85,85,85,85,85,85,85,85,85,85],"card_choices":[{"not_picked":["Anger","Flex"],"picked":"Twin Strike","floor":0.0},{"not_picked":["Heavy Blade","Clash"],"picked":"Bloodletting","floor":1.0},{"not_picked":["Dropkick","Clothesline"],"picked":"Cleave","floor":3.0},{"not_picked":["Dark Embrace","Inflame"],"picked":"Seeing Red","floor":7.0},{"not_picked":["Headbutt","Evolve"],"picked":"Fire Breathing","floor":11.0},{"not_picked":["Spot Weakness","Shockwave"],"picked":"Rage","floor":13.0},{"not_picked":["Anger","Intimidate"],"picked":"Iron Wave","floor":14.0},{"not_picked":["Offering","Corruption"],"picked":"Demon Form","floor":16.0},{"not_picked":["Iron Wave","Sentinel"],"picked":"Heavy Blade","floor":18.0},{"not_picked":["Dual Wield","Disarm","Havoc+1"],"picked":"SKIP","floor":19.0},{"not_picked":["Battle Trance","Entrench","Searing Blow+1"],"picked":"SKIP","floor":22.0}],"player_experience":614790,"relics_obtained":[{"floor":7.0,"key":"Darkstone Periapt"},{"floor":9.0,"key":"Old Coin"},{"floor":26.0,"key":"Blood Vial"}],"event_choices":[{"damage_healed":0.0,"max_hp_gain":5.0,"max_hp_loss":0.0,"gold_gain":0.0,"event_name":"Big Fish","player_choice":"Donut","floor":5.0,"gold_loss":0.0,"damage_taken":0.0},{"damage_healed":0.0,"max_hp_gain":0.0,"max_hp_loss":0.0,"gold_gain":0.0,"event_name":"WeMeetAgain","player_choice":"Gave Potion","floor":12.0,"gold_loss":0.0,"damage_taken":0.0,"relics_obtained":["Bronze Scales"]},{"damage_healed":0.0,"max_hp_gain":0.0,"max_hp_loss":0.0,"gold_gain":99.0,"event_name":"Nest","player_choice":"Stole From Cult","floor":20.0,"gold_loss":0.0,"damage_taken":0.0},{"damage_healed":0.0,"max_hp_gain":0.0,"max_hp_loss":0.0,"gold_gain":0.0,"event_name":"FaceTrader","player_choice":"Trade","floor":24.0,"gold_loss":0.0,"damage_taken":0.0,"relics_obtained":["FaceOfCleric"]}],"is_beta":false,"boss_relics":[{"not_picked":["infinitespire:Burning Sword","Empty Cage"],"picked":"Black Star"}],"items_purged_floors":[2,4,21],"is_endless":false,"potions_floor_spawned":[7,11,18,22],"killed_by":"Shelled Parasite and Fungi","ascension_level":9}}