{"host":"dhv3u8yhd2rnugsp","time":1614205326,"event":{"mods":["100% Spire Juice","BaseMod","Block Reminder","Colored Map","Googly Eyes","Highlight Path","Minty Spire (QoL Compilation)","Permanent Neow","Quick Restart","Random Character Button","StSLib"],"gold_per_floor":[119,138,10,10,27,52,52,70,70,70,28,28,39,65,65,141,141,159,249,5,5,5,5,39,39,39],"floor_reached":25,"language":"ENG","playtime":932,"items_purged":["Strike_G"],"score":454,"play_id":"1cc2c09e-d103-4697-b7b9-a597256e8ca7","local_time":"20210224162206","is_ascension_mode":true,"campfire_choices":[{"floor":7,"key":"REST"},{"data":"Noxious Fumes","floor":12,"key":"SMITH"},{"data":"Noxious Fumes","floor":15,"key":"SMITH"},{"data":"Glass Knife","floor":23,"key":"SMITH"}],"circlet_count":0,"master_deck":["AscendersBane","Strike_G","Strike_G","Strike_G","Strike_G","Defend_G","Defend_G","Defend_G","Defend_G","Defend_G","Survivor","Neutralize","Dodge and Roll","Prepared","Dagger Spray","All Out Attack","Dash","Infinite Blades","Noxious Fumes+1","Noxious Fumes+1","After Image","Glass Knife+1","Quick Slash","Crippling Poison"],"relics":["Black Star","Tiny Chest","Bottled Lightning","PreservedInsect","Lantern","Potion Belt","Velvet Choker","Snake Skull","Dead Branch","Smiling Mask","Turnip"],"acts_visited":["Exordium","TheCity"],"potions_floor_usage":[8,16,16,18,24],"damage_taken":[{"damage":6,"enemies":"Cultist","floor":1,"turns":5},{"damage":3,"enemies":"Jaw Worm","floor":2,"turns":8},{"damage":6,"enemies":"2 Louse","floor":5,"turns":4},{"damage":31,"enemies":"3 Sentries","floor":6,"turns":10},{"damage":11,"enemies":"Exordium Thugs","floor":8,"turns":4},{"damage":0,"enemies":"Looter","floor":13,"turns":3},{"damage":20,"enemies":"Lagavulin","floor":14,"turns":7},{"damage":13,"enemies":"The Guardian","floor":16,"turns":10},{"damage":8,"enemies":"Spheric Guardian","floor":18,"turns":5},{"damage":14,"enemies":"Book of Stabbing","floor":24,"turns":5},{"damage":19,"enemies":"3 Byrds","floor":25,"turns":4}],"seed_played":"2022183667763844063","potions_obtained":[{"floor":2,"key":"FearPotion"},{"floor":13,"key":"Fire Potion"},{"floor":14,"key":"SteroidPotion"},{"floor":16,"key":"SneckoOil"},{"floor":18,"key":"EssenceOfSteel"}],"is_trial":false,"path_per_floor":["M","M","$","?","M","E","R","M","T","?","$","R","M","E","R","B",null,"M","?","$","$","T","R","E","M"],"character_chosen":"THE_SILENT","items_purchased":["Dagger Spray","Noxious Fumes","Snake Skull","Crippling Poison"],"campfire_rested":1,"item_purchase_floors":[3,11,20,20],"current_hp_per_floor":[53,50,50,50,44,13,32,21,21,43,43,43,43,23,23,10,52,44,32,32,32,32,32,18,0,0],"gold":39,"neow_bonus":"BOSS_RELIC","is_daily":false,"chose_seed":false,"campfire_upgraded":3,"win_rate":0.0,"timestamp":1614205326,"path_taken":["M","M","?","?","M","E","R","M","T","?","$","R","M","E","R","BOSS","M","?","?","$","?","R","E","M"],"items_purchased_type":["Card","Card","Relic","Card"],"build_version":"2020-12-22","purchased_purges":1,"victory":false,"max_hp_per_floor":[66,66,66,66,66,66,66,66,66,66,66,66,66,66,66,66,66,66,66,66,66,66,66,66,66,66],"card_choices":[{"not_picked":["Bane","Reflex"],"picked":"Dodge and Roll","floor":1},{"not_picked":["Tactician","Sucker Punch"],"picked":"Prepared","floor":2},{"not_picked":["Deflect","Flying Knee"],"picked":"All Out Attack","floor":5},{"not_picked":["Dodge and Roll","Escape Plan"],"picked":"Dash","floor":6},{"not_picked":["Poisoned Stab","Cloak And Dagger"],"picked":"Infinite Blades","floor":8},{"not_picked":["Deadly Poison","Crippling Poison"],"picked":"Noxious Fumes","floor":13},{"not_picked":["Dagger Spray","Heel Hook"],"picked":"After Image","floor":14},{"not_picked":["Phantasmal Killer","Unload"],"picked":"Glass Knife","floor":16},{"not_picked":["Cloak And Dagger","Expertise"],"picked":"Quick Slash","floor":18},{"not_picked":["Underhanded Strike","Caltrops","Flying Knee"],"picked":"SKIP","floor":24}],"player_experience":1688465,"relics_obtained":[{"floor":6,"key":"Tiny Chest"},{"floor":6,"key":"Bottled Lightning"},{"floor":9,"key":"PreservedInsect"},{"floor":14,"key":"Lantern"},{"floor":14,"key":"Potion Belt"},{"floor":22,"key":"Dead Branch"},{"floor":24,"key":"Smiling Mask"},{"floor":24,"key":"Turnip"}],"event_choices":[{"damage_healed":0,"gold_gain":0,"player_choice":"Ignored","damage_taken":0,"max_hp_gain":0,"max_hp_loss":0,"event_name":"Liars Game","floor":4,"gold_loss":0},{"damage_healed":22,"gold_gain":0,"player_choice":"Banana","damage_taken":0,"max_hp_gain":0,"max_hp_loss":0,"event_name":"Big Fish","floor":10,"gold_loss":0},{"damage_healed":0,"gold_gain":90,"player_choice":"GOLD ","damage_taken":12,"max_hp_gain":0,"max_hp_loss":0,"event_name":"Knowing Skull","floor":19,"potions_obtained":[],"gold_loss":0,"cards_obtained":[]}],"is_beta":false,"boss_relics":[{"not_picked":["Philosopher\u0027s Stone","Fusion Hammer"],"picked":"Velvet Choker"}],"items_purged_floors":[3],"is_endless":false,"potions_floor_spawned":[2,13,14,16,18],"killed_by":"3 Byrds","ascension_level":20}}