{"host":"sum4dy402bbv9y4o","time":1614202034,"event":{"mods":["Aspiration","BaseMod","Conspire","Highlight Path","Minty Spire (QoL Compilation)","StSLib"],"gold_per_floor":[112,13,31,31,51,82,95,122,146,159,171,171,47,61,61,138,138,154,174,174,41,41,41,69,69,69,99,150,168,168,199,199,199,199],"floor_reached":33,"language":"ENG","playtime":1104,"items_purged":["Strike_P","Strike_P"],"score":730,"play_id":"fb794a76-b04b-473f-ad8d-a539eda73474","local_time":"20210225002714","is_ascension_mode":true,"campfire_choices":[{"data":"Eruption","floor":15,"key":"SMITH"},{"floor":23,"key":"REST"},{"floor":25,"key":"REST"},{"floor":30,"key":"REST"},{"floor":32,"key":"REST"}],"circlet_count":0,"master_deck":["AscendersBane","Strike_P+1","Strike_P+1","Defend_P","Defend_P","Defend_P","Eruption+1","Vigilance","EmptyBody","BowlingBash+1","FearNoEvil","MentalFortress+1","CarveReality","Tantrum","Protect","EmptyFist+1","SashWhip","LessonLearned+1","Wallop","TalkToTheHand+1","MentalFortress+1","Halt","FlurryOfBlows","Halt"],"relics":["PureWater","aspiration:Nostalgia","Ring of the Snake","Juzu Bracelet","Frozen Egg 2","Ice Cream","aspiration:ChemicalBlood","Vajra","Darkstone Periapt","Bronze Scales","Damaru","Boot"],"acts_visited":["Exordium","TheCity"],"potions_floor_usage":[6,6,8,16,18,19,19,24,24,27,29,29,31,31],"damage_taken":[{"damage":5,"enemies":"Cultist","floor":1,"turns":5},{"damage":0,"enemies":"Small Slimes","floor":3,"turns":2},{"damage":0,"enemies":"Jaw Worm","floor":5,"turns":3},{"damage":0,"enemies":"Gremlin Nob","floor":6,"turns":2},{"damage":0,"enemies":"Looter","floor":7,"turns":4},{"damage":9,"enemies":"Lagavulin","floor":8,"turns":4},{"damage":0,"enemies":"3 Louse","floor":10,"turns":2},{"damage":0,"enemies":"Exordium Wildlife","floor":11,"turns":2},{"damage":0,"enemies":"Large Slime","floor":14,"turns":2},{"damage":14,"enemies":"The Guardian","floor":16,"turns":14},{"damage":22,"enemies":"Shell Parasite","floor":18,"turns":6},{"damage":9,"enemies":"2 Thieves","floor":19,"turns":2},{"damage":19,"enemies":"Book of Stabbing","floor":24,"turns":6},{"damage":32,"enemies":"Slavers","floor":27,"turns":6},{"damage":12,"enemies":"Cultist and Chosen","floor":29,"turns":6},{"damage":0,"enemies":"Book of Stabbing","floor":31,"turns":4},{"damage":69,"enemies":"Champ","floor":33,"turns":6}],"seed_played":"-308409590441591694","potions_obtained":[{"floor":1,"key":"StancePotion"},{"floor":3,"key":"Strength Potion"},{"floor":7,"key":"Weak Potion"},{"floor":8,"key":"GamblersBrew"},{"floor":10,"key":"ColorlessPotion"},{"floor":19,"key":"Weak Potion"},{"floor":24,"key":"Ancient Potion"},{"floor":29,"key":"LiquidMemories"}],"is_trial":false,"path_per_floor":["M","$","M","?","M","E","M","E","T","M","M","?","$","M","R","B",null,"M","M","?","$","?","R","E","R","T","E","T","M","R","E","R","B"],"character_chosen":"WATCHER","items_purchased":["FollowUp","SashWhip","MentalFortress+1","Halt"],"campfire_rested":4,"item_purchase_floors":[2,13,21,21],"current_hp_per_floor":[56,56,56,56,56,56,56,47,47,47,47,43,43,43,43,29,58,36,27,27,27,27,47,28,48,48,31,31,19,39,39,59,0,0],"gold":199,"neow_bonus":"NOSTALGIA","is_daily":false,"chose_seed":false,"campfire_upgraded":1,"win_rate":0.0,"timestamp":1614202034,"path_taken":["M","$","?","?","M","E","M","E","T","M","M","?","$","M","R","BOSS","M","M","?","$","?","R","E","R","T","E","?","M","R","E","R","BOSS"],"items_purchased_type":["Card","Card","Card","Card"],"build_version":"2020-12-22","purchased_purges":2,"victory":false,"max_hp_per_floor":[68,68,68,68,68,68,68,68,68,68,68,68,68,68,68,68,68,68,68,68,68,68,68,68,68,68,68,68,68,68,68,68,68,68],"card_choices":[{"not_picked":["CrushJoints","FlyingSleeves"],"picked":"EmptyBody","floor":1},{"not_picked":["Weave","Wish"],"picked":"BowlingBash","floor":3},{"not_picked":["Wallop","ThirdEye"],"picked":"FearNoEvil","floor":5},{"not_picked":["Vault","Conclude"],"picked":"MentalFortress+1","floor":6},{"not_picked":["Meditate","Protect"],"picked":"CarveReality","floor":7},{"not_picked":["SashWhip","WreathOfFlame"],"picked":"Tantrum","floor":8},{"not_picked":["PathToVictory","Halt"],"picked":"Protect","floor":10},{"not_picked":["Weave","Ragnarok"],"picked":"EmptyFist","floor":11},{"not_picked":["EmptyBody","Consecrate","WheelKick"],"picked":"SKIP","floor":14},{"not_picked":["SpiritShield","Judgement"],"picked":"LessonLearned","floor":16},{"not_picked":["PathToVictory","FollowUp"],"picked":"Wallop","floor":18},{"not_picked":["JustLucky","FearNoEvil"],"picked":"TalkToTheHand+1","floor":19},{"not_picked":["InnerPeace+1","EmptyBody","SashWhip"],"picked":"SKIP","floor":24},{"not_picked":["FlyingSleeves","ThirdEye","EmptyFist"],"picked":"SKIP","floor":27},{"not_picked":["Halt+1","CarveReality"],"picked":"FlurryOfBlows","floor":29},{"not_picked":["Vengeance","FollowUp"],"picked":"Halt","floor":31}],"player_experience":3141520,"relics_obtained":[{"floor":6,"key":"Frozen Egg 2"},{"floor":8,"key":"Ice Cream"},{"floor":9,"key":"aspiration:ChemicalBlood"},{"floor":24,"key":"Vajra"},{"floor":26,"key":"Darkstone Periapt"},{"floor":27,"key":"Bronze Scales"},{"floor":28,"key":"Damaru"},{"floor":31,"key":"Boot"}],"event_choices":[{"cards_removed":["FollowUp"],"damage_healed":0,"gold_gain":0,"player_choice":"Gave Card","damage_taken":0,"relics_obtained":["Juzu Bracelet"],"max_hp_gain":0,"max_hp_loss":0,"event_name":"WeMeetAgain","floor":4,"gold_loss":0},{"damage_healed":0,"gold_gain":0,"player_choice":"Bought 0 Potions","damage_taken":0,"max_hp_gain":0,"max_hp_loss":0,"event_name":"The Woman in Blue","floor":12,"gold_loss":0},{"damage_healed":0,"gold_gain":0,"player_choice":"Ignored","damage_taken":0,"max_hp_gain":0,"max_hp_loss":0,"event_name":"Cursed Tome","floor":20,"gold_loss":0},{"cards_removed":["Defend_P"],"damage_healed":0,"gold_gain":0,"player_choice":"Elegance","damage_taken":0,"max_hp_gain":0,"max_hp_loss":0,"event_name":"Back to Basics","floor":22,"gold_loss":0}],"is_beta":false,"boss_relics":[{"not_picked":["aspiration:RandomNobGenerator","aspiration:RunicSpoon","conspire:RoyalGoblet"]}],"items_purged_floors":[2,13],"is_endless":false,"potions_floor_spawned":[1,3,7,8,10,19,24,29],"killed_by":"Champ","ascension_level":20}}