{"host":"kejh1c9c53env2nx","time":1614194158,"event":{"mods":["BaseMod","Downfall","Minty Spire (QoL Compilation)","StSLib"],"gold_per_floor":[115,115,135,135,113,142,142,162,232,248,264,314,314,342,342,447,447,465,481,481,481,494,494,519,537,537,537,553,581,595,620,620,717,717,736,786,801,821,505,505,524,550,603,270,301,301,110,126,126,126],"floor_reached":51,"language":"ENG","playtime":4931,"items_purged":["Sunder","Strike_B"],"score":792,"play_id":"d0f7b93a-f65c-4c7c-b7b7-b0559ec8dfff","local_time":"20210224191558","is_ascension_mode":false,"campfire_choices":[{"data":"Go for the Eyes","floor":7,"key":"SMITH"},{"data":"Gash","floor":13,"key":"SMITH"},{"floor":15,"key":"REST"},{"floor":23,"key":"REST"},{"floor":27,"key":"REST"},{"data":"Gash","floor":32,"key":"SMITH"},{"floor":40,"key":"REST"},{"floor":49,"key":"REST"}],"circlet_count":0,"master_deck":["Strike_B","Strike_B","Defend_B","Defend_B","Defend_B","Defend_B","Zap","Dualcast","Steam","Go for the Eyes+1","Reinforced Body","Gash+1","Go for the Eyes","White Noise","Sweeping Beam","Undo","Go for the Eyes+1","Seek","Sweeping Beam+1","Gash+1","Conserve Battery+1","Go for the Eyes","All For One","Steam+1","Gash","BootSequence","Buffer","Blind","Secret Weapon","Go for the Eyes","Sadistic Nature","Transmutation","Steam"],"relics":["Cracked Core","NeowsBlessing","Regal Pillow","Gremlin Horn","Lizard Tail","Centennial Puzzle","Sozu","Nilry\u0027s Codex","Oddly Smooth Stone","Bottled Lightning","PreservedInsect","Lantern","Black Star","Peace Pipe","PrismaticShard","Pantograph","Bag of Preparation","Bag of Marbles","Mummified Hand","Nunchaku","Strange Spoon"],"acts_visited":["Exordium","TheCity","TheBeyond"],"potions_floor_usage":[12,12,16,19],"damage_taken":[{"damage":0,"enemies":"Jaw Worm","floor":1,"turns":1},{"damage":0,"enemies":"Cultist","floor":3,"turns":1},{"damage":0,"enemies":"Lagavulin","floor":6,"turns":1},{"damage":2,"enemies":"Small Slimes","floor":8,"turns":4},{"damage":2,"enemies":"Blue Slaver","floor":10,"turns":5},{"damage":3,"enemies":"2 Fungi Beasts","floor":11,"turns":3},{"damage":13,"enemies":"3 Sentries","floor":12,"turns":7},{"damage":27,"enemies":"Gremlin Nob","floor":14,"turns":5},{"damage":23,"enemies":"Slime Boss","floor":16,"turns":11},{"damage":10,"enemies":"3 Byrds","floor":18,"turns":3},{"damage":0,"enemies":"Shell Parasite","floor":19,"turns":9},{"damage":8,"enemies":"Shelled Parasite and Fungi","floor":22,"turns":6},{"damage":33,"enemies":"Slavers","floor":24,"turns":3},{"damage":0,"enemies":"Snake Plant","floor":25,"turns":6},{"damage":0,"enemies":"Centurion and Healer","floor":28,"turns":6},{"damage":0,"enemies":"Gremlin Leader","floor":29,"turns":8},{"damage":7,"enemies":"Shelled Parasite and Fungi","floor":30,"turns":6},{"damage":62,"enemies":"Champ","floor":33,"turns":15},{"damage":0,"enemies":"3 Shapes","floor":35,"turns":3},{"damage":31,"enemies":"Mind Bloom Boss Battle","floor":36,"turns":9},{"damage":0,"enemies":"Orb Walker","floor":37,"turns":4},{"damage":0,"enemies":"4 Shapes","floor":38,"turns":4},{"damage":0,"enemies":"Maw","floor":41,"turns":9},{"damage":2,"enemies":"Reptomancer","floor":42,"turns":6},{"damage":24,"enemies":"Giant Head","floor":45,"turns":8},{"damage":7,"enemies":"Spire Growth","floor":48,"turns":5},{"damage":54,"enemies":"Donu and Deca","floor":50,"turns":15}],"seed_played":"8015082763923730325","potions_obtained":[{"floor":8,"key":"ColorlessPotion"},{"floor":11,"key":"LiquidBronze"},{"floor":14,"key":"Weak Potion"},{"floor":16,"key":"SkillPotion"}],"is_trial":false,"path_per_floor":["M","?","M","?","$","E","R","M","T","M","M","E","R","E","R","B",null,"M","M","?","?","M","R","E","M","T","R","M","E","M","T","R","B",null,"M","?","M","M","$","R","M","E","T","$","E","?","$","M","R","B",null],"character_chosen":"DEFECT","items_purchased":["Go for the Eyes","PrismaticShard","Blind","Secret Weapon","Go for the Eyes","Steam","Strange Spoon"],"campfire_rested":5,"item_purchase_floors":[5,39,39,44,44,47,47],"current_hp_per_floor":[75,75,75,75,75,75,75,73,73,71,68,55,55,28,65,42,75,65,65,49,49,41,75,42,42,42,75,75,75,68,68,68,6,75,75,44,44,44,44,75,75,73,73,73,49,44,44,37,74,21],"gold":126,"neow_bonus":"THREE_ENEMY_KILL","is_daily":false,"chose_seed":false,"campfire_upgraded":3,"win_rate":0.0,"timestamp":1614194158,"path_taken":["M","?","?","?","$","E","R","M","T","M","M","E","R","E","R","BOSS","M","M","?","?","M","R","E","M","T","R","M","E","M","?","R","BOSS","M","?","M","M","$","R","M","E","T","$","E","?","?","?","R","BOSS"],"items_purchased_type":["Card","Relic","Card","Card","Card","Card","Relic"],"build_version":"2020-12-22","purchased_purges":2,"victory":true,"max_hp_per_floor":[75,75,75,75,75,75,75,75,75,75,75,75,75,75,75,75,75,75,75,75,75,75,75,75,75,75,75,75,75,75,75,75,75,75,75,75,75,75,75,75,75,75,75,75,75,75,75,75,75,75],"card_choices":[{"not_picked":["Hologram","Turbo"],"picked":"Steam","floor":1},{"not_picked":["Compile Driver","Doom and Gloom","Heatsinks"],"picked":"SKIP","floor":3},{"not_picked":["Machine Learning","Rip and Tear"],"picked":"Reinforced Body","floor":6},{"not_picked":["Conserve Battery","Leap","Force Field"],"picked":"SKIP","floor":8},{"not_picked":["Loop","Aggregate"],"picked":"Gash","floor":10},{"not_picked":["Barrage","BootSequence"],"picked":"Go for the Eyes","floor":11},{"not_picked":["Blizzard","Rainbow"],"picked":"White Noise","floor":12},{"not_picked":["Darkness","Self Repair"],"picked":"Sunder","floor":14},{"not_picked":["Creative AI","Rainbow"],"picked":"Hyperbeam","floor":16},{"not_picked":["Leap","Ball Lightning+1"],"picked":"Sweeping Beam","floor":18},{"not_picked":["Aggregate+1","Stack"],"picked":"Undo","floor":19},{"not_picked":["Ball Lightning","Loop+1"],"picked":"Go for the Eyes+1","floor":22},{"not_picked":["Meteor Strike","Blizzard+1"],"picked":"Seek","floor":24},{"not_picked":["Compile Driver+1","Barrage"],"picked":"Sweeping Beam+1","floor":25},{"not_picked":["Go for the Eyes","Ball Lightning"],"picked":"Gash","floor":28},{"not_picked":["Barrage","Aggregate"],"picked":"Conserve Battery+1","floor":29},{"not_picked":["Stack","Leap"],"picked":"Go for the Eyes","floor":30},{"not_picked":["Fission","Seek"],"picked":"All For One","floor":33},{"not_picked":["Ball Lightning+1","Consume"],"picked":"Steam+1","floor":35},{"not_picked":["Redo+1","Compile Driver"],"picked":"Gash","floor":36},{"not_picked":["Capacitor","Fusion"],"picked":"BootSequence","floor":37},{"not_picked":["Fusion","Coolheaded+1"],"picked":"Buffer","floor":38},{"not_picked":["Infinite Blades","bronze:OilSpill","Slimebound:ComboTackle"],"picked":"SKIP","floor":41},{"not_picked":["champ:GutPunch","Sword Boomerang","Slimebound:Prepare"],"picked":"SKIP","floor":42},{"not_picked":["champ:BladeFlurry+1","Blood for Blood","Guardian:CrystalBeam+1"],"picked":"SKIP","floor":45},{"not_picked":["Transmutation","Forethought"],"picked":"Sadistic Nature","floor":46},{"not_picked":["Magnetism","Finesse"],"picked":"Transmutation","floor":46},{"not_picked":["Uppercut","Pommel Strike+1","Guardian:DecasProtection+1"],"picked":"SKIP","floor":48}],"player_experience":90331,"relics_obtained":[{"floor":6,"key":"Regal Pillow"},{"floor":9,"key":"Gremlin Horn"},{"floor":12,"key":"Lizard Tail"},{"floor":14,"key":"Centennial Puzzle"},{"floor":20,"key":"Nilry\u0027s Codex"},{"floor":24,"key":"Oddly Smooth Stone"},{"floor":26,"key":"Bottled Lightning"},{"floor":29,"key":"PreservedInsect"},{"floor":31,"key":"Lantern"},{"floor":36,"key":"Peace Pipe"},{"floor":42,"key":"Pantograph"},{"floor":42,"key":"Bag of Preparation"},{"floor":43,"key":"Bag of Marbles"},{"floor":45,"key":"Mummified Hand"},{"floor":45,"key":"Nunchaku"}],"event_choices":[{"cards_removed":["Strike_B"],"damage_healed":0,"gold_gain":0,"player_choice":"Offered Basic","damage_taken":0,"max_hp_gain":0,"max_hp_loss":0,"event_name":"Bonfire Elementals","floor":2,"gold_loss":0},{"damage_healed":0,"gold_gain":0,"player_choice":"Leave","damage_taken":0,"max_hp_gain":0,"max_hp_loss":0,"event_name":"The Cleric","floor":4,"gold_loss":0},{"damage_healed":0,"gold_gain":0,"player_choice":"Obtained Book","damage_taken":16,"max_hp_gain":0,"max_hp_loss":0,"event_name":"Cursed Tome","floor":20,"gold_loss":0},{"cards_removed":["Hyperbeam"],"damage_healed":0,"gold_gain":0,"player_choice":"Elegance","damage_taken":0,"max_hp_gain":0,"max_hp_loss":0,"event_name":"Back to Basics","floor":21,"gold_loss":0},{"damage_healed":0,"gold_gain":0,"player_choice":"Fight","damage_taken":0,"max_hp_gain":0,"max_hp_loss":0,"event_name":"MindBloom","floor":36,"gold_loss":0},{"damage_healed":0,"gold_gain":0,"player_choice":"Memory 2","damage_taken":5,"max_hp_gain":0,"max_hp_loss":0,"event_name":"SensoryStone","floor":46,"gold_loss":0}],"is_beta":false,"boss_relics":[{"not_picked":["Runic Dome","Fusion Hammer"],"picked":"Sozu"},{"not_picked":["Snecko Eye","FrozenCore"],"picked":"Black Star"}],"items_purged_floors":[39,44],"is_endless":false,"potions_floor_spawned":[8,11,14,16,22,25,28,30,35,37,42,48],"ascension_level":0}}