{"host":"p9fmk1zxjhqthrxg","time":1614188743,"event":{"mods":["BaseMod","Bestiary","Colored Map","Colored Powertips","Highlight Path","Minty Spire (QoL Compilation)","Random Character Button","Rare Cards Sparkle","StSLib"],"gold_per_floor":[115,115,1,21,21,53,53,72,72,83,83,101,28,48,48,153,153,167,181,198,13,13,13,27,126,126,126,144,144,31,47,47,47,47],"floor_reached":33,"language":"ENG","playtime":1253,"items_purged":[],"score":274,"play_id":"28e8bd2c-ea20-430c-9743-5ca96e5d8bf9","local_time":"20210224114543","is_ascension_mode":false,"campfire_choices":[{"data":"1","floor":7,"key":"LIFT"},{"data":"2","floor":11,"key":"LIFT"},{"data":"3","floor":15,"key":"LIFT"},{"data":"Night Terror","floor":23,"key":"SMITH"},{"floor":29,"key":"REST"},{"floor":32,"key":"REST"}],"circlet_count":0,"master_deck":["Strike_G+1","Strike_G+1","Strike_G+1","Strike_G+1","Strike_G+1","Defend_G+1","Defend_G+1","Defend_G+1","Defend_G+1","Defend_G+1","Survivor","Neutralize","Outmaneuver","Dagger Throw","Backflip","Backstab","Dagger Spray","Poisoned Stab","Cloak And Dagger","Underhanded Strike","A Thousand Cuts","Accuracy","Night Terror+1","Flying Knee","Bane+1","Masterful Stab+1","Tactician","Leg Sweep","Dodge and Roll","Deep Breath","Deadly Poison","Escape Plan"],"relics":["Ring of the Snake","NeowsBlessing","Girya","Ornamental Fan","WristBlade","Bronze Scales","Darkstone Periapt","MealTicket"],"acts_visited":["Exordium","TheCity"],"potions_floor_usage":[24,24,31,33],"damage_taken":[{"damage":0,"enemies":"2 Louse","floor":1,"turns":1},{"damage":0,"enemies":"Cultist","floor":4,"turns":1},{"damage":0,"enemies":"3 Sentries","floor":6,"turns":1},{"damage":0,"enemies":"Jaw Worm","floor":8,"turns":2},{"damage":8,"enemies":"2 Fungi Beasts","floor":10,"turns":3},{"damage":0,"enemies":"Large Slime","floor":12,"turns":3},{"damage":0,"enemies":"Gremlin Gang","floor":14,"turns":1},{"damage":20,"enemies":"Slime Boss","floor":16,"turns":7},{"damage":23,"enemies":"Shell Parasite","floor":18,"turns":4},{"damage":6,"enemies":"3 Byrds","floor":19,"turns":3},{"damage":24,"enemies":"Snake Plant","floor":20,"turns":4},{"damage":7,"enemies":"Snecko","floor":24,"turns":3},{"damage":2,"enemies":"Centurion and Healer","floor":28,"turns":5},{"damage":30,"enemies":"Cultist and Chosen","floor":31,"turns":7},{"damage":47,"enemies":"Collector","floor":33,"turns":5}],"seed_played":"-4026365976305441430","potions_obtained":[{"floor":6,"key":"Explosive Potion"},{"floor":8,"key":"CunningPotion"},{"floor":14,"key":"CultistPotion"},{"floor":16,"key":"SteroidPotion"},{"floor":19,"key":"SpeedPotion"},{"floor":24,"key":"Weak Potion"},{"floor":28,"key":"Dexterity Potion"}],"is_trial":false,"path_per_floor":["M","?","$","M","$","E","R","M","T","M","R","M","$","M","R","B",null,"M","M","M","$","?","R","M","?","T","?","M","R","$","M","R","B"],"character_chosen":"THE_SILENT","items_purchased":["Outmaneuver","Dagger Throw","Backflip","A Thousand Cuts","Bronze Scales","Tactician","Deep Breath","Deadly Poison"],"campfire_rested":2,"item_purchase_floors":[3,3,3,13,21,21,30,30],"current_hp_per_floor":[70,70,70,70,70,70,70,70,70,62,62,62,62,62,62,42,70,47,41,17,17,17,17,10,10,10,10,8,29,44,14,35,0,0],"gold":47,"neow_bonus":"THREE_ENEMY_KILL","is_daily":false,"chose_seed":false,"campfire_upgraded":1,"win_rate":0.0,"timestamp":1614188743,"path_taken":["M","?","$","M","$","E","R","M","T","M","R","M","?","M","R","BOSS","M","M","?","?","?","R","M","?","T","?","?","R","?","M","R","BOSS"],"items_purchased_type":["Card","Card","Card","Card","Relic","Card","Card","Card"],"build_version":"2020-12-22","purchased_purges":0,"victory":false,"max_hp_per_floor":[70,70,70,70,70,70,70,70,70,70,70,70,70,70,70,70,70,70,70,70,70,70,70,70,70,70,70,70,70,70,70,70,70,70],"card_choices":[{"not_picked":["Bane","Backstab"],"picked":"Dagger Throw","floor":1},{"not_picked":["Acrobatics","Prepared"],"picked":"Backstab","floor":4},{"not_picked":["Prepared","Night Terror"],"picked":"Dagger Spray","floor":6},{"not_picked":["Backflip","Bane"],"picked":"Poisoned Stab","floor":8},{"not_picked":["Backstab","Terror"],"picked":"Cloak And Dagger","floor":10},{"not_picked":["Heel Hook","Quick Slash"],"picked":"Underhanded Strike","floor":12},{"not_picked":["Cloak And Dagger","Deflect"],"picked":"Accuracy","floor":14},{"not_picked":["A Thousand Cuts","Venomology"],"picked":"Night Terror","floor":16},{"not_picked":["Backstab","Quick Slash"],"picked":"Flying Knee","floor":18},{"not_picked":["PiercingWail","Terror"],"picked":"Bane+1","floor":19},{"not_picked":["Sucker Punch","Escape Plan"],"picked":"Masterful Stab+1","floor":20},{"not_picked":["Sucker Punch+1","Skewer"],"picked":"Leg Sweep","floor":24},{"not_picked":["Prepared+1","Bane"],"picked":"Dodge and Roll","floor":28},{"not_picked":["Cloak And Dagger","Riddle With Holes"],"picked":"Escape Plan","floor":31}],"player_experience":142400,"relics_obtained":[{"floor":6,"key":"Girya"},{"floor":9,"key":"Ornamental Fan"},{"floor":26,"key":"Darkstone Periapt"}],"event_choices":[{"cards_removed":["Dagger Throw"],"damage_healed":5,"gold_gain":0,"player_choice":"Offered Common","damage_taken":0,"max_hp_gain":0,"max_hp_loss":0,"event_name":"Bonfire Elementals","floor":2,"gold_loss":0},{"cards_removed":["Dagger Throw"],"damage_healed":5,"gold_gain":0,"player_choice":"Offered Special","damage_taken":0,"max_hp_gain":0,"max_hp_loss":0,"event_name":"Bonfire Elementals","floor":2,"gold_loss":0},{"damage_healed":0,"gold_gain":0,"player_choice":"Simplicity","damage_taken":0,"max_hp_gain":0,"max_hp_loss":0,"event_name":"Back to Basics","floor":22,"gold_loss":0,"cards_upgraded":["Strike_G","Strike_G","Strike_G","Strike_G","Strike_G","Defend_G","Defend_G","Defend_G","Defend_G","Defend_G"]},{"damage_healed":0,"gold_gain":99,"player_choice":"Stole From Cult","damage_taken":0,"max_hp_gain":0,"max_hp_loss":0,"event_name":"Nest","floor":25,"gold_loss":0},{"damage_healed":0,"gold_gain":0,"player_choice":"Gave Potion","damage_taken":0,"relics_obtained":["MealTicket"],"max_hp_gain":0,"max_hp_loss":0,"event_name":"WeMeetAgain","floor":27,"gold_loss":0}],"is_beta":false,"boss_relics":[{"not_picked":["Busted Crown","Velvet Choker"],"picked":"WristBlade"}],"items_purged_floors":[],"is_endless":false,"potions_floor_spawned":[6,8,14,16,18,19,24,28],"killed_by":"Collector","ascension_level":0}}