{"host":"hszimsrtxxc2k25w","time":1614192365,"event":{"mods":["AchievementEnabler","BaseMod","Colored Map","DeckTracker","Minty Spire (QoL Compilation)","Rare Cards Sparkle","SuperFastMode"],"gold_per_floor":[111,127,177,190,204,354,354,354,380,380,188,216,36,53,53,129,129,140,15,27,27,42,42,42,42],"floor_reached":24,"language":"KOR","playtime":606,"items_purged":["Doubt","Strike_P","Strike_P"],"score":343,"play_id":"ac6e2822-e967-4aeb-a6d1-eedf50841bdd","local_time":"20210225034605","is_ascension_mode":true,"campfire_choices":[{"data":"Eruption","floor":8.0,"key":"SMITH"},{"data":"CrushJoints","floor":10.0,"key":"SMITH"},{"data":"Tantrum","floor":15.0,"key":"SMITH"},{"data":"Omniscience","floor":23.0,"key":"SMITH"}],"circlet_count":0,"master_deck":["AscendersBane","Strike_P","Defend_P","Defend_P","Defend_P","Eruption+1","Vigilance","EmptyFist","CrushJoints+1","FlurryOfBlows","SandsOfTime","EmptyMind","Tantrum+1","MentalFortress","Omniscience+1","Worship"],"relics":["PureWater","Nunchaku","Boot","VioletLotus"],"acts_visited":["Exordium","TheCity"],"potions_floor_usage":[],"damage_taken":[{"damage":3.0,"enemies":"Jaw Worm","floor":1.0,"turns":4.0},{"damage":0.0,"enemies":"Cultist","floor":2.0,"turns":3.0},{"damage":0.0,"enemies":"Small Slimes","floor":4.0,"turns":2.0},{"damage":8.0,"enemies":"3 Louse","floor":5.0,"turns":2.0},{"damage":12.0,"enemies":"3 Sentries","floor":12.0,"turns":6.0},{"damage":9.0,"enemies":"Lots of Slimes","floor":14.0,"turns":3.0},{"damage":16.0,"enemies":"The Guardian","floor":16.0,"turns":8.0},{"damage":1.0,"enemies":"Spheric Guardian","floor":18.0,"turns":3.0},{"damage":9.0,"enemies":"Shell Parasite","floor":20.0,"turns":4.0},{"damage":7.0,"enemies":"Snake Plant","floor":22.0,"turns":3.0},{"damage":24,"enemies":"Slavers","floor":24,"turns":2}],"seed_played":"8805993180823659555","potions_obtained":[{"floor":1.0,"key":"EssenceOfSteel"},{"floor":4.0,"key":"SpeedPotion"}],"is_trial":false,"path_per_floor":["M","M","?","M","M","?","?","R","T","R","$","E","$","M","R","B",null,"M","$","M","?","M","R","E"],"character_chosen":"WATCHER","items_purchased":["SandsOfTime","EmptyMind","MentalFortress"],"campfire_rested":0,"item_purchase_floors":[11,11,13],"current_hp_per_floor":[58,58,52,52,44,44,62,62,62,62,62,50,50,41,41,25,53,52,52,43,43,36,36,12,12],"gold":42,"neow_bonus":"REMOVE_TWO","is_daily":false,"chose_seed":false,"campfire_upgraded":4,"win_rate":0.0,"timestamp":1614192365,"path_taken":["M","M","?","M","?","?","?","R","T","R","$","E","$","M","R","BOSS","M","$","M","?","?","R","E"],"items_purchased_type":["Card","Card","Card"],"build_version":"2020-12-22","purchased_purges":3,"victory":false,"max_hp_per_floor":[62,62,62,62,62,62,62,62,62,62,62,62,62,62,62,62,62,62,62,62,62,62,62,62,62],"card_choices":[{"not_picked":["DeceiveReality","PathToVictory"],"picked":"EmptyFist","floor":1.0},{"not_picked":["Prostrate","Perseverance"],"picked":"CrushJoints","floor":2.0},{"not_picked":["EmptyFist","Indignation","SashWhip"],"picked":"SKIP","floor":4.0},{"not_picked":["BowlingBash","EmptyFist"],"picked":"FlurryOfBlows","floor":5.0},{"not_picked":["SashWhip","FlyingSleeves"],"picked":"Tantrum","floor":12.0},{"not_picked":["CrushJoints","Vengeance","Consecrate"],"picked":"SKIP","floor":14.0},{"not_picked":["Establishment","DeusExMachina"],"picked":"Omniscience","floor":16.0},{"not_picked":["EmptyFist","FollowUp"],"picked":"Worship","floor":18.0},{"not_picked":["EmptyFist","ForeignInfluence","Evaluate"],"picked":"SKIP","floor":20.0},{"not_picked":["CrushJoints+1","JustLucky+1","FollowUp"],"picked":"SKIP","floor":22.0}],"player_experience":703232,"relics_obtained":[{"floor":9.0,"key":"Nunchaku"},{"floor":12.0,"key":"Boot"}],"event_choices":[{"damage_healed":0.0,"max_hp_gain":0.0,"max_hp_loss":0.0,"gold_gain":50.0,"event_name":"FaceTrader","player_choice":"Touch","floor":3.0,"gold_loss":0.0,"damage_taken":6.0},{"damage_healed":0.0,"max_hp_gain":0.0,"max_hp_loss":0.0,"gold_gain":150.0,"event_name":"Liars Game","player_choice":"AGREE","floor":6.0,"gold_loss":0.0,"damage_taken":0.0,"cards_obtained":["Doubt"]},{"damage_healed":20.0,"max_hp_gain":0.0,"max_hp_loss":0.0,"gold_gain":0.0,"event_name":"Big Fish","player_choice":"Banana","floor":7.0,"gold_loss":0.0,"damage_taken":0.0},{"damage_healed":0.0,"max_hp_gain":0.0,"max_hp_loss":0.0,"gold_gain":0.0,"event_name":"Match and Keep!","player_choice":"0 cards matched","floor":21.0,"gold_loss":0.0,"damage_taken":0.0,"cards_obtained":[]}],"is_beta":false,"boss_relics":[{"not_picked":["Busted Crown","Runic Dome"],"picked":"VioletLotus"}],"items_purged_floors":[11,13,19],"is_endless":false,"potions_floor_spawned":[1,4,22],"killed_by":"Slavers","ascension_level":15}}