{"host":"3c8x8j1h2jyrixpf","time":1614136449,"event":{"mods":["BaseMod","Colored Powertips","Highlight Path","Minty Spire (QoL Compilation)","StSLib"],"gold_per_floor":[114,114,64,14,14,57,70,93,119,119,119,119],"floor_reached":11,"language":"ENG","playtime":249,"items_purged":[],"score":117,"play_id":"de2c7777-f6bf-4c4f-9475-258ce72f9f7b","local_time":"20210223211409","is_ascension_mode":true,"campfire_choices":[{"floor":10,"key":"REST"}],"circlet_count":0,"master_deck":["AscendersBane","Strike_B","Strike_B","Strike_B","Defend_B","Defend_B","Defend_B","Defend_B","Zap","Dualcast","Go for the Eyes","Beam Cell","Meteor Strike","Coolheaded","Turbo"],"relics":["Philosopher\u0027s Stone","Golden Idol","Anchor","Bag of Preparation"],"acts_visited":["Exordium"],"potions_floor_usage":[],"damage_taken":[{"damage":0,"enemies":"Jaw Worm","floor":1,"turns":3},{"damage":57,"enemies":"Gremlin Nob","floor":6,"turns":6},{"damage":0,"enemies":"2 Louse","floor":7,"turns":3},{"damage":3,"enemies":"Small Slimes","floor":8,"turns":3},{"damage":35,"enemies":"Lagavulin","floor":11,"turns":7}],"seed_played":"-1053111604579906089","potions_obtained":[{"floor":7,"key":"PotionOfCapacity"}],"is_trial":false,"path_per_floor":["M","?","?","$","?","E","M","M","T","R","E"],"character_chosen":"DEFECT","items_purchased":["Beam Cell"],"campfire_rested":1,"item_purchase_floors":[4],"current_hp_per_floor":[68,73,73,73,73,16,16,13,13,35,0,0],"gold":119,"neow_bonus":"BOSS_RELIC","is_daily":false,"chose_seed":false,"campfire_upgraded":0,"win_rate":0.0,"timestamp":1614136449,"path_taken":["M","?","?","$","?","E","M","M","T","R","E"],"items_purchased_type":["Card"],"build_version":"2020-12-22","purchased_purges":0,"victory":false,"max_hp_per_floor":[75,80,80,80,74,74,74,74,74,74,74,74],"card_choices":[{"not_picked":["Streamline","Heatsinks"],"picked":"Go for the Eyes","floor":1},{"not_picked":["Redo","Streamline"],"picked":"Meteor Strike","floor":6},{"not_picked":["Conserve Battery","Streamline"],"picked":"Coolheaded","floor":7},{"not_picked":["Leap","Thunder Strike"],"picked":"Turbo","floor":8}],"player_experience":305379,"relics_obtained":[{"floor":6,"key":"Anchor"},{"floor":9,"key":"Bag of Preparation"}],"event_choices":[{"damage_healed":0,"gold_gain":0,"player_choice":"Donut","damage_taken":0,"max_hp_gain":5,"max_hp_loss":0,"event_name":"Big Fish","floor":2,"gold_loss":0},{"cards_removed":["Strike_B"],"damage_healed":0,"gold_gain":0,"player_choice":"Card Removal","damage_taken":0,"max_hp_gain":0,"max_hp_loss":0,"event_name":"The Cleric","floor":3,"gold_loss":50},{"damage_healed":0,"gold_gain":0,"player_choice":"Lose Max HP","damage_taken":0,"relics_obtained":["Golden Idol"],"max_hp_gain":0,"max_hp_loss":6,"event_name":"Golden Idol","floor":5,"gold_loss":0}],"is_beta":false,"boss_relics":[],"items_purged_floors":[],"is_endless":false,"potions_floor_spawned":[7],"killed_by":"Lagavulin","ascension_level":13}}