{"host":"i29s15dsg0c43zmx","time":1614188183,"event":{"mods":["AchievementEnabler","BaseMod","Colored Map","Minty Spire (QoL Compilation)","StSLib"],"gold_per_floor":[112,130,54,129,129,129,161,161,184,198,224,234,251,263,263,365,365,375,375,375,155,171,171,185,185,185],"floor_reached":25,"language":"ENG","playtime":954,"items_purged":["Strike_B"],"score":288,"play_id":"dfc0ab52-5e42-43b9-8d0a-d3b1829b8272","local_time":"20210224183623","is_ascension_mode":false,"campfire_choices":[{"data":"Lockon","floor":6,"key":"SMITH"},{"data":"Consume","floor":8,"key":"SMITH"},{"data":"White Noise","floor":15,"key":"SMITH"},{"data":"Creative AI","floor":23,"key":"SMITH"}],"circlet_count":0,"master_deck":["Strike_B","Strike_B","Strike_B","Defend_B","Defend_B","Defend_B","Defend_B","Zap+1","Dualcast","Capacitor","FTL","Lockon+1","Consume+1","Leap","Machine Learning","Conserve Battery","White Noise+1","Double Energy","Creative AI+1","Lockon","Capacitor+1","Rainbow","BootSequence+1"],"relics":["FrozenCore","NeowsBlessing","Boot","Anchor","Nunchaku","SsserpentHead","Orrery"],"acts_visited":["Exordium","TheCity"],"potions_floor_usage":[11,14,24],"damage_taken":[{"damage":0,"enemies":"2 Louse","floor":1,"turns":1},{"damage":0,"enemies":"Small Slimes","floor":2,"turns":1},{"damage":0,"enemies":"Lagavulin","floor":7,"turns":1},{"damage":1,"enemies":"Cultist","floor":10,"turns":3},{"damage":27,"enemies":"3 Sentries","floor":11,"turns":5},{"damage":3,"enemies":"2 Fungi Beasts","floor":12,"turns":4},{"damage":0,"enemies":"Exordium Wildlife","floor":13,"turns":3},{"damage":30,"enemies":"Gremlin Gang","floor":14,"turns":5},{"damage":0,"enemies":"Slime Boss","floor":16,"turns":5},{"damage":12,"enemies":"3 Byrds","floor":18,"turns":4},{"damage":22,"enemies":"Chosen","floor":22,"turns":7},{"damage":23,"enemies":"Centurion and Healer","floor":24,"turns":10},{"damage":25,"enemies":"Slavers","floor":25,"turns":3}],"seed_played":"-7447936885387306144","potions_obtained":[{"floor":1,"key":"Fire Potion"},{"floor":2,"key":"Dexterity Potion"},{"floor":11,"key":"BlessingOfTheForge"},{"floor":14,"key":"FocusPotion"},{"floor":22,"key":"Explosive Potion"}],"is_trial":false,"path_per_floor":["M","M","$","?","?","R","E","R","T","M","E","M","M","M","R","B",null,"M","?","?","$","M","R","M","E"],"character_chosen":"DEFECT","items_purchased":["Lockon","Orrery"],"campfire_rested":0,"item_purchase_floors":[3,21],"current_hp_per_floor":[75,75,75,64,64,64,64,64,64,63,36,33,33,3,3,3,75,63,63,63,63,41,41,18,0,0],"gold":185,"neow_bonus":"THREE_ENEMY_KILL","is_daily":false,"chose_seed":false,"campfire_upgraded":4,"win_rate":0.0,"timestamp":1614188183,"path_taken":["M","M","$","?","?","R","E","R","T","?","E","M","M","M","R","BOSS","M","?","?","$","M","R","M","E"],"items_purchased_type":["Card","Relic"],"build_version":"2020-12-22","purchased_purges":1,"victory":false,"max_hp_per_floor":[75,75,75,75,75,75,75,75,75,75,75,75,75,75,75,75,75,75,75,75,75,75,75,75,75,75],"card_choices":[{"not_picked":["Reprogram","Turbo"],"picked":"Capacitor","floor":1},{"not_picked":["Streamline","Gash"],"picked":"FTL","floor":2},{"not_picked":["Melter","FTL"],"picked":"Consume","floor":7},{"not_picked":["Ball Lightning","Streamline"],"picked":"Leap","floor":10},{"not_picked":["Stack","Gash"],"picked":"Machine Learning","floor":11},{"not_picked":["Stack","Blizzard"],"picked":"Conserve Battery","floor":12},{"not_picked":["Hello World","Blizzard"],"picked":"White Noise","floor":13},{"not_picked":["Steam","Barrage"],"picked":"Double Energy","floor":14},{"not_picked":["Core Surge","All For One"],"picked":"Creative AI","floor":16},{"not_picked":["Streamline","Sweeping Beam","Hologram"],"picked":"SKIP","floor":18},{"not_picked":["Cold Snap","Streamline"],"picked":"Capacitor+1","floor":21},{"not_picked":["Barrage","Turbo"],"picked":"Rainbow","floor":21},{"not_picked":["Reinforced Body","Leap"],"picked":"BootSequence+1","floor":21},{"not_picked":["Steam","Reprogram+1","Recycle"],"picked":"SKIP","floor":22},{"not_picked":["Turbo","Go for the Eyes","Coolheaded+1"],"picked":"SKIP","floor":24}],"player_experience":132592,"relics_obtained":[{"floor":7,"key":"Boot"},{"floor":9,"key":"Anchor"},{"floor":11,"key":"Nunchaku"}],"event_choices":[{"damage_healed":0,"gold_gain":75,"player_choice":"Gather Gold","damage_taken":11,"max_hp_gain":0,"max_hp_loss":0,"event_name":"World of Goop","floor":4,"gold_loss":0},{"damage_healed":0,"gold_gain":0,"player_choice":"Forge","damage_taken":0,"max_hp_gain":0,"max_hp_loss":0,"event_name":"Accursed Blacksmith","floor":5,"gold_loss":0,"cards_upgraded":["Zap"]},{"damage_healed":0,"gold_gain":0,"player_choice":"Read","damage_taken":0,"max_hp_gain":0,"max_hp_loss":0,"event_name":"The Library","floor":19,"gold_loss":0,"cards_obtained":["Lockon"]},{"damage_healed":0,"gold_gain":0,"player_choice":"Trade","damage_taken":0,"relics_obtained":["SsserpentHead"],"max_hp_gain":0,"max_hp_loss":0,"event_name":"FaceTrader","floor":20,"gold_loss":0}],"is_beta":false,"boss_relics":[{"not_picked":["Runic Pyramid","Runic Dome"],"picked":"FrozenCore"}],"items_purged_floors":[21],"is_endless":false,"potions_floor_spawned":[1,2,11,14,22],"killed_by":"Slavers","ascension_level":0}}