{"host":"i8x3uekhioq8aaet","time":1614167789,"event":{"mods":["AchievementEnabler","BaseMod","Colored Map","Colored Powertips","DeckTracker","Minty Spire (QoL Compilation)","Relic Sorter","StSLib"],"gold_per_floor":[117,117,5,15,29,29,29,46,119,119,136,148,176,176,176,273,273,284,284,317,25,124,124,154,154,235,235,252,268,293,313,313,313,313],"floor_reached":33,"language":"ZHT","playtime":1270,"items_purged":[],"score":366,"play_id":"a0317e9b-b5c6-401b-84f1-1b2fc70dc40d","local_time":"20210224195629","is_ascension_mode":true,"campfire_choices":[{"data":"Deadly Poison","floor":6.0,"key":"SMITH"},{"floor":10,"key":"REST"},{"data":"Cloak And Dagger","floor":15,"key":"SMITH"},{"data":"Noxious Fumes","floor":23,"key":"SMITH"},{"floor":25,"key":"REST"},{"data":"Backflip","floor":27,"key":"SMITH"},{"floor":32,"key":"REST"}],"circlet_count":0,"master_deck":["Strike_G","Strike_G","Strike_G","Strike_G","Defend_G+1","Defend_G","Defend_G","Defend_G+1","Defend_G","Survivor","Neutralize","Sucker Punch","Blur","Footwork","Poisoned Stab","Deadly Poison+1","Dodge and Roll","All Out Attack","Bane","Cloak And Dagger+1","Corpse Explosion","CurseOfTheBell","Bouncing Flask+1","Deflect","Noxious Fumes+1","Leg Sweep","Backflip+1","PiercingWail","Cloak And Dagger","Setup","Cloak And Dagger+1"],"relics":["Ring of the Snake","Gremlin Horn","Juzu Bracelet","Bag of Preparation","Calling Bell","War Paint","Pear","Bird Faced Urn","Ancient Tea Set","Red Mask","Orichalcum","Bronze Scales","The Courier","Unceasing Top"],"acts_visited":["Exordium","TheCity"],"potions_floor_usage":[13,16,30],"damage_taken":[{"damage":0.0,"enemies":"2 Louse","floor":1.0,"turns":3.0},{"damage":11.0,"enemies":"Cultist","floor":4.0,"turns":7.0},{"damage":2.0,"enemies":"Jaw Worm","floor":5.0,"turns":6.0},{"damage":16,"enemies":"Exordium Wildlife","floor":8,"turns":6},{"damage":0,"enemies":"Looter","floor":11,"turns":4},{"damage":4,"enemies":"Blue Slaver","floor":12,"turns":4},{"damage":13,"enemies":"3 Sentries","floor":13,"turns":9},{"damage":7,"enemies":"Hexaghost","floor":16,"turns":11},{"damage":6,"enemies":"Chosen","floor":18,"turns":7},{"damage":11,"enemies":"Masked Bandits","floor":20,"turns":3},{"damage":24,"enemies":"Book of Stabbing","floor":24,"turns":8},{"damage":1,"enemies":"Spheric Guardian","floor":28,"turns":3},{"damage":6,"enemies":"Snake Plant","floor":29,"turns":4},{"damage":38,"enemies":"Slavers","floor":30,"turns":4},{"damage":14,"enemies":"Shelled Parasite and Fungi","floor":31,"turns":5},{"damage":53,"enemies":"Champ","floor":33,"turns":10}],"seed_played":"-5184963831088255216","potions_obtained":[{"floor":5.0,"key":"SpeedPotion"},{"floor":11,"key":"SteroidPotion"},{"floor":13,"key":"Swift Potion"},{"floor":28,"key":"PowerPotion"}],"is_trial":false,"path_per_floor":["M","?","$","M","M","R","?","M","T","R","M","M","E","T","R","B",null,"M","?","?","$","?","R","E","R","T","R","M","M","E","M","R","B"],"character_chosen":"THE_SILENT","items_purchased":["Blur","Footwork","Noxious Fumes","Leg Sweep","Orichalcum"],"campfire_rested":3,"item_purchase_floors":[3,3,21,21,21],"current_hp_per_floor":[77,77,77,66,64,64,64,48,48,71,71,67,54,54,54,47,87,81,81,70,70,70,70,48,74,74,74,73,67,31,17,43,0,0],"gold":313,"neow_bonus":"TEN_PERCENT_HP_BONUS","is_daily":false,"chose_seed":false,"campfire_upgraded":4,"win_rate":0.0,"timestamp":1614167789,"path_taken":["M","?","$","M","?","R","?","M","T","R","M","M","E","?","R","BOSS","M","?","?","?","?","R","E","R","T","R","M","M","E","M","R","BOSS"],"items_purchased_type":["Card","Card","Card","Card","Relic"],"build_version":"2020-12-22","purchased_purges":0,"victory":false,"max_hp_per_floor":[77,77,77,77,77,77,77,77,77,77,77,77,77,77,77,77,87,87,87,87,87,87,87,87,87,87,87,87,87,87,87,87,87,87],"card_choices":[{"not_picked":["Slice","Prepared"],"picked":"Sucker Punch","floor":1.0},{"not_picked":["PiercingWail","Endless Agony"],"picked":"Poisoned Stab","floor":4.0},{"not_picked":["After Image","Flying Knee"],"picked":"Deadly Poison","floor":5.0},{"not_picked":["Endless Agony","Prepared"],"picked":"Dodge and Roll","floor":8},{"not_picked":["Prepared","Dagger Spray"],"picked":"All Out Attack","floor":11},{"not_picked":["Acrobatics","Leg Sweep"],"picked":"Bane","floor":12},{"not_picked":["Crippling Poison","Bane"],"picked":"Cloak And Dagger","floor":13},{"not_picked":["Envenom","Malaise"],"picked":"Corpse Explosion","floor":16},{"not_picked":["Flying Knee+1","Sucker Punch+1"],"picked":"Bouncing Flask+1","floor":18},{"not_picked":["Accuracy","Doppelganger"],"picked":"Deflect","floor":20},{"not_picked":["Outmaneuver","Poisoned Stab"],"picked":"Backflip","floor":24},{"not_picked":["Backflip","Underhanded Strike+1"],"picked":"PiercingWail","floor":28},{"not_picked":["Backflip","Quick Slash"],"picked":"Cloak And Dagger","floor":29},{"not_picked":["Poisoned Stab","Sucker Punch"],"picked":"Setup","floor":30},{"not_picked":["All Out Attack","Deflect"],"picked":"Cloak And Dagger+1","floor":31}],"player_experience":351908,"relics_obtained":[{"floor":9,"key":"Gremlin Horn"},{"floor":13,"key":"Juzu Bracelet"},{"floor":14,"key":"Bag of Preparation"},{"floor":17,"key":"War Paint"},{"floor":17,"key":"Pear"},{"floor":17,"key":"Bird Faced Urn"},{"floor":20,"key":"Red Mask"},{"floor":24,"key":"Bronze Scales"},{"floor":26,"key":"The Courier"},{"floor":30,"key":"Unceasing Top"}],"event_choices":[{"cards_removed":["Strike_G"],"damage_healed":0.0,"max_hp_gain":0.0,"max_hp_loss":0.0,"gold_gain":0.0,"event_name":"Purifier","player_choice":"Purged","floor":2.0,"gold_loss":0.0,"damage_taken":0.0},{"damage_healed":0,"gold_gain":0,"player_choice":"Fled","damage_taken":0,"max_hp_gain":0,"max_hp_loss":0,"event_name":"Scrap Ooze","floor":7,"gold_loss":0},{"damage_healed":0,"gold_gain":0,"player_choice":"Opened","damage_taken":0,"relics_obtained":["Ancient Tea Set"],"max_hp_gain":0,"max_hp_loss":0,"event_name":"The Mausoleum","floor":19,"gold_loss":0},{"damage_healed":0,"gold_gain":0,"player_choice":"Fought Bandits","damage_taken":0,"max_hp_gain":0,"max_hp_loss":0,"event_name":"Masked Bandits","floor":20,"gold_loss":0},{"damage_healed":0,"gold_gain":99,"player_choice":"Stole From Cult","damage_taken":0,"max_hp_gain":0,"max_hp_loss":0,"event_name":"Nest","floor":22,"gold_loss":0}],"is_beta":false,"boss_relics":[{"not_picked":["Busted Crown","Black Star"],"picked":"Calling Bell"}],"items_purged_floors":[],"is_endless":false,"potions_floor_spawned":[5,11,13,28],"killed_by":"Champ","ascension_level":2}}