{"host":"eydwxg59205c3vtl","time":1614145431,"event":{"mods":["2.2 Compatiblity","BaseMod","Colored Map","Colored Powertips","Hubris","Minty Spire (QoL Compilation)","StSLib","The Jungle","The Necromancer"],"gold_per_floor":[114,127,141,157,257,289,289,306,384,384,27,38,38,50,50,125,125,141,141,156,156,171,171,196,208,244,284,34,34,34,34],"floor_reached":30,"language":"ENG","playtime":1028,"items_purged":["Strike_W","Defend_W"],"score":527,"play_id":"3c4e0877-7baf-4efe-ab45-a646677e5e2c","local_time":"20210224004351","is_ascension_mode":true,"campfire_choices":[{"data":"Whirlwind_of_Bones","floor":7.0,"key":"SMITH"},{"data":"Summon_Undead","floor":10.0,"key":"SMITH"},{"data":"Bone_Armory","floor":13.0,"key":"SMITH"},{"data":"Bones_to_Steel","floor":15.0,"key":"SMITH"},{"data":"Bone_Armor","floor":23.0,"key":"SMITH"},{"floor":25,"key":"REST"}],"circlet_count":0,"master_deck":["AscendersBane","Strike_W","Defend_W","Defend_W","Defend_W","Negative_Energy_Arrows","Bone_Wall","Bones_to_Steel+1","Siphon_Strength","Bone_Armor+1","Summon_Undead+1","Bone_Bullets","Whirlwind_of_Bones+1","Bone_Armory+1","Whirlwind_of_Bones","Skeleton_Dragon","CurseOfTheBell","Bone_Armor+1","Summon_Undead+1","Bone_Bullets","Siphon_Strength","Spectral_Armor","Detonate_Bones+1"],"relics":["Vampire_Amulet","hubris:SlimyHat","Mummified Hand","Lee\u0027s Waffle","Calling Bell","Centennial Puzzle","Ornamental Fan","WingedGreaves","hubris:Icosahedron","MawBank","Ancient Tea Set","Molten Egg 2"],"acts_visited":["Exordium","TheCity"],"potions_floor_usage":[30],"damage_taken":[{"damage":0.0,"enemies":"2 Louse","floor":1.0,"turns":2.0},{"damage":3.0,"enemies":"Cultist","floor":2.0,"turns":4.0},{"damage":2.0,"enemies":"Small Slimes","floor":3.0,"turns":3.0},{"damage":7.0,"enemies":"Blue Slaver","floor":4.0,"turns":4.0},{"damage":15.0,"enemies":"Lagavulin","floor":6.0,"turns":8.0},{"damage":7.0,"enemies":"Red Slaver","floor":8.0,"turns":5.0},{"damage":12.0,"enemies":"Exordium Wildlife","floor":12.0,"turns":4.0},{"damage":10.0,"enemies":"Large Slime","floor":14.0,"turns":7.0},{"damage":19.0,"enemies":"Slime Boss","floor":16.0,"turns":6.0},{"damage":19.0,"enemies":"Shell Parasite","floor":18.0,"turns":9.0},{"damage":37.0,"enemies":"Chosen","floor":20.0,"turns":6.0},{"damage":9.0,"enemies":"Snecko","floor":22.0,"turns":5.0},{"damage":75,"enemies":"Gremlin Leader","floor":24,"turns":9},{"damage":39,"enemies":"Book of Stabbing","floor":27,"turns":7},{"damage":11,"enemies":"Snake Plant","floor":30,"turns":3}],"seed_played":"-6440946891825977589","potions_obtained":[{"floor":2.0,"key":"FairyPotion"},{"floor":3.0,"key":"Swift Potion"},{"floor":4.0,"key":"Fire Potion"},{"floor":14.0,"key":"SteroidPotion"},{"floor":16.0,"key":"ColorlessPotion"},{"floor":18.0,"key":"Energy Potion"},{"floor":27,"key":"Block Potion"}],"is_trial":false,"path_per_floor":["M","M","M","M","?","E","R","M","T","R","$","M","R","M","R","B",null,"M","?","M","?","M","R","E","R","T","E","$","?","M"],"character_chosen":"NECROMANCER","items_purchased":["Bone_Armory","Whirlwind_of_Bones","Lee\u0027s Waffle","Spectral_Armor","Detonate_Bones+1"],"campfire_rested":1,"item_purchase_floors":[11,11,11,28,28],"current_hp_per_floor":[68,67,69,64,64,51,51,55,55,55,78,73,73,67,67,65,75,58,58,43,43,36,36,25,48,48,11,11,11,0,0],"gold":34,"neow_bonus":"TRANSFORM_CARD","is_daily":false,"chose_seed":false,"campfire_upgraded":5,"win_rate":0.0,"timestamp":1614145431,"path_taken":["M","M","M","M","?","E","R","?","T","R","$","M","R","M","R","BOSS","M","?","M","?","M","R","E","R","T","E","$","?","?"],"items_purchased_type":["Card","Card","Relic","Card","Card"],"build_version":"2020-12-22","purchased_purges":2,"victory":false,"max_hp_per_floor":[71,71,71,71,71,71,71,71,71,71,78,78,78,78,78,78,78,78,78,78,78,78,78,78,78,78,78,78,78,78,78],"card_choices":[{"not_picked":["Bone_Spikes","Toxic_Smoke_Screen"],"picked":"Siphon_Strength","floor":1.0},{"not_picked":["Exploit","Pandemic"],"picked":"Bone_Armor","floor":2.0},{"not_picked":["Slay_Living","Bones_to_Steel"],"picked":"Summon_Undead","floor":3.0},{"not_picked":["Scare","Negative_Energy_Mist"],"picked":"Bone_Bullets","floor":4.0},{"not_picked":["Shade_Step","Death_March_Dance"],"picked":"Whirlwind_of_Bones","floor":6.0},{"not_picked":["Negative_Energy_Mist","Slay_Living","Vampiric_Strike"],"picked":"SKIP","floor":8.0},{"not_picked":["Uncharnel","Blood_Is_Power","Negative_Energy_Javelin"],"picked":"SKIP","floor":12.0},{"not_picked":["Chill_Blood","Finger_Of_Death","Life_Drain"],"picked":"SKIP","floor":14.0},{"not_picked":["Requiem","Detonate_Bones"],"picked":"Skeleton_Dragon","floor":16.0},{"not_picked":["Finger_Of_Death","Blood_Whip"],"picked":"Bone_Armor+1","floor":18.0},{"not_picked":["Finger_Of_Death","Death_March_Dance"],"picked":"Summon_Undead","floor":20.0},{"not_picked":["Consume_Illness","Finger_Of_Death","Death_Coil"],"picked":"SKIP","floor":22.0},{"not_picked":["Chill_Blood","Necromantic_Selection"],"picked":"Bone_Bullets","floor":24},{"not_picked":["Exploit+1","Finger_Of_Death+1"],"picked":"Siphon_Strength","floor":27}],"player_experience":634440,"relics_obtained":[{"floor":6.0,"key":"hubris:SlimyHat"},{"floor":9.0,"key":"Mummified Hand"},{"floor":17.0,"key":"Centennial Puzzle"},{"floor":17.0,"key":"Ornamental Fan"},{"floor":17.0,"key":"WingedGreaves"},{"floor":24,"key":"MawBank"},{"floor":26,"key":"Ancient Tea Set"},{"floor":27,"key":"Molten Egg 2"}],"event_choices":[{"damage_healed":0.0,"max_hp_gain":0.0,"max_hp_loss":0.0,"gold_gain":100.0,"event_name":"Wheel of Change","player_choice":"Gold","floor":5.0,"gold_loss":0.0,"damage_taken":0.0},{"cards_removed":["Strike_W"],"damage_healed":0.0,"max_hp_gain":0.0,"max_hp_loss":0.0,"gold_gain":0.0,"event_name":"Back to Basics","player_choice":"Elegance","floor":21.0,"gold_loss":0.0,"damage_taken":0.0},{"damage_healed":0,"gold_gain":0,"player_choice":"Forge","damage_taken":0,"max_hp_gain":0,"max_hp_loss":0,"event_name":"Accursed Blacksmith","floor":29,"gold_loss":0,"cards_upgraded":["Summon_Undead"]}],"is_beta":false,"boss_relics":[{"not_picked":["Snecko Eye","hubris:BlackHole"],"picked":"Calling Bell"}],"items_purged_floors":[11,28],"is_endless":false,"potions_floor_spawned":[2,3,4,14,16,18,20,27],"killed_by":"Snake Plant","ascension_level":19}}