{"host":"e5vsl4ezcfxwu44d","time":1614130628,"event":{"mods":["BaseMod","Colored Powertips","Downfall","Highlight Path","Minty Spire (QoL Compilation)","StSLib","Unceasing Turn Reminder"],"gold_per_floor":[99,116,131,131,141,241,266,166,178,88,538,558,583,214,231,333,333,233,247,260,260,62,62,62,91,91,126,139,39,181,197,216,314,314,314,332,332,332,182,230,230,55,55,68,100,114,127,127,141,141,141,141],"floor_reached":50,"language":"ENG","playtime":5922,"items_purged":["Pain","downfall:Icky","bronze:Strike","downfall:Haunted","bronze:BugBarrage"],"score":662,"play_id":"05837580-81f7-4717-9813-ca689aefda12","local_time":"20210223183708","is_ascension_mode":false,"campfire_choices":[{"floor":1.0,"key":"RECALL"},{"floor":8.0,"key":"REST"},{"data":"bronze:Format","floor":18.0,"key":"SMITH"},{"data":"bronze:GetLatest","floor":26.0,"key":"SMITH"},{"data":"bronze:InfiniteBeams","floor":29.0,"key":"SMITH"},{"floor":35.0,"key":"REST"},{"floor":43.0,"key":"DIG"}],"circlet_count":0,"master_deck":["bronze:Strike","bronze:Defend","bronze:Defend","bronze:Defend","bronze:Defend","bronze:Replicate","bronze:Goto+1","bronze:ChosenStrike","bronze:ClassDefault+1","bronze:Shield","bronze:BronzeArmor","bronze:FindAndReplace","bronze:Frontload","bronze:InfiniteBeams","bronze:WhirlingStrike","bronze:Fortify","bronze:Frontload","bronze:Format+1","bronze:Branch","bronze:ItsAFeature+1","bronze:GetLatest+1","bronze:InfiniteLoop","bronze:InfiniteBeams+1","bronze:Format+1","bronze:ThunderWave","bronze:Frontload+1","bronze:Repair","bronze:Repair+1","bronze:RecursiveStrike","bronze:Branch+1","bronze:DelayedGuard+1","bronze:FindAndReplace","bronze:DelayedSlice+1","bronze:DelayedSlice+1","bronze:Iterate","bronze:Terminator+1","bronze:AlphaBuild+1","bronze:ForceShield+1","bronze:ThunderWave+1"],"relics":["bronze:BronzeCore","WarpedTongs","Oddly Smooth Stone","downfall:HeartBlessingRed","Prayer Wheel","Bottled Flame","Empty Cage","downfall:HeartBlessingGreen","Gremlin Horn","Bottled Lightning","downfall:HeartBlessingBlue","Fusion Hammer","Du-Vu Doll","Shovel","Bag of Preparation","Strawberry","Molten Egg 2"],"acts_visited":["Exordium","TheCity","TheBeyond"],"potions_floor_usage":[],"damage_taken":[{"damage":0.0,"enemies":"Small Slimes","floor":2.0,"turns":4.0},{"damage":1.0,"enemies":"Cultist","floor":3.0,"turns":3.0},{"damage":9.0,"enemies":"2 Louse","floor":5.0,"turns":3.0},{"damage":36.0,"enemies":"downfall:Heads","floor":6.0,"turns":8.0},{"damage":4.0,"enemies":"Exordium Wildlife","floor":9.0,"turns":6.0},{"damage":1.0,"enemies":"downfall:FleeingMerchant","floor":10.0,"turns":4.0},{"damage":0.0,"enemies":"3 Louse","floor":12.0,"turns":3.0},{"damage":6.0,"enemies":"3 Sentries","floor":13.0,"turns":7.0},{"damage":15.0,"enemies":"downfall:FleeingMerchant","floor":14.0,"turns":4.0},{"damage":10.0,"enemies":"downfall:LooterAlt","floor":15.0,"turns":2.0},{"damage":0.0,"enemies":"SI_SHIV_ARCHETYPE","floor":16.0,"turns":5.0},{"damage":0.0,"enemies":"3 Byrds","floor":19.0,"turns":4.0},{"damage":0.0,"enemies":"Chosen","floor":20.0,"turns":3.0},{"damage":6.0,"enemies":"downfall:FleeingMerchant","floor":22.0,"turns":4.0},{"damage":7.0,"enemies":"Slavers","floor":25.0,"turns":5.0},{"damage":12.0,"enemies":"Book of Stabbing","floor":27.0,"turns":6.0},{"damage":0.0,"enemies":"3 Cultists","floor":28.0,"turns":5.0},{"damage":4.0,"enemies":"downfall:FleeingMerchant","floor":30.0,"turns":4.0},{"damage":18.0,"enemies":"Shelled Parasite and Fungi","floor":31.0,"turns":4.0},{"damage":0.0,"enemies":"Snake Plant","floor":32.0,"turns":3.0},{"damage":23.0,"enemies":"IC_MUSHROOM_ARCHETYPE","floor":33.0,"turns":10.0},{"damage":0.0,"enemies":"3 Shapes","floor":36.0,"turns":3.0},{"damage":7.0,"enemies":"2 Orb Walkers","floor":40.0,"turns":4.0},{"damage":0.0,"enemies":"Orb Walker","floor":44.0,"turns":2.0},{"damage":0.0,"enemies":"Reptomancer","floor":45.0,"turns":6.0},{"damage":0.0,"enemies":"Jaw Worm Horde","floor":46.0,"turns":3.0},{"damage":6.0,"enemies":"Writhing Mass","floor":47.0,"turns":6.0},{"damage":0.0,"enemies":"Spire Growth","floor":49.0,"turns":3.0},{"damage":113,"enemies":"WA_ARCHETYPE_DIVINITY","floor":50,"turns":5}],"seed_played":"-65351078410903939","potions_obtained":[{"floor":3.0,"key":"Fruit Juice"},{"floor":6.0,"key":"hexamod:SoulburnPotion"},{"floor":12.0,"key":"ColorlessPotion"},{"floor":13.0,"key":"SkillPotion"},{"floor":25.0,"key":"sneckomod:MuddlingPotion"},{"floor":33.0,"key":"Energy Potion"},{"floor":40.0,"key":"Strength Potion"},{"floor":44.0,"key":"Block Potion"},{"floor":46.0,"key":"PowerPotion"}],"is_trial":false,"path_per_floor":["R","M","M","?","M","?","T","R","M","$","?","M","E","$","M","B",null,"R","M","M","?","$","?","T","E","R","E","M","R","$","M","M","B",null,"R","M","?","?","$","?","T","$","R","M","E","M","M","?","M","B"],"character_chosen":"THE_AUTOMATON","items_purchased":["Bottled Flame","bronze:InfiniteBeams","bronze:Format","bronze:RecursiveStrike"],"campfire_rested":2,"item_purchase_floors":[14,22,22,30],"current_hp_per_floor":[70,70,69,69,65,29,29,51,47,46,46,46,40,25,15,15,75,75,75,75,75,69,69,69,62,62,50,50,60,56,48,65,52,85,85,85,85,85,85,78,78,78,85,92,92,92,92,92,92,0,0,0],"gold":141,"neow_bonus":"UPGRADE_CARD","is_daily":false,"chose_seed":false,"campfire_upgraded":3,"win_rate":0.0,"timestamp":1614130628,"path_taken":["R","M","M","?","?","?","T","R","M","?","?","M","E","$","M","BOSS","R","M","M","?","$","?","T","E","R","E","M","R","$","M","M","BOSS","R","M","?","?","$","?","T","?","R","M","E","?","?","?","M","BOSS"],"items_purchased_type":["Relic","Card","Card","Card"],"build_version":"2020-12-22","purchased_purges":5,"victory":false,"max_hp_per_floor":[70,70,70,70,75,75,75,75,75,75,75,75,75,75,75,75,75,75,75,75,75,75,75,75,75,75,75,75,85,85,85,85,85,85,85,85,85,85,85,85,85,85,92,92,92,92,92,92,92,92,92,92],"card_choices":[{"not_picked":["bronze:OilSpill","bronze:WhirlingStrike"],"picked":"bronze:ChosenStrike","floor":2.0},{"not_picked":["bronze:Invalidate","bronze:WhirlingStrike"],"picked":"bronze:ClassDefault","floor":3.0},{"not_picked":["bronze:Invalidate","bronze:CloningBeam"],"picked":"bronze:Shield","floor":5.0},{"not_picked":["bronze:Backtrace","bronze:DigitalCarnage"],"picked":"bronze:FindAndReplace","floor":6.0},{"not_picked":["bronze:Philosophize","bronze:Deprecate","bronze:DelayedGuard"],"picked":"SKIP","floor":9.0},{"not_picked":["bronze:ChildClass","bronze:Shield"],"picked":"bronze:Frontload","floor":10.0},{"not_picked":["bronze:DelayedGuard","bronze:CutThrough"],"picked":"bronze:InfiniteBeams","floor":12.0},{"not_picked":["bronze:Verify","bronze:Turbo"],"picked":"bronze:WhirlingStrike","floor":13.0},{"not_picked":["bronze:DelayedGuard","bronze:WildBeam"],"picked":"bronze:Fortify","floor":14.0},{"not_picked":["bronze:Deprecate","bronze:Shield"],"picked":"bronze:BugBarrage","floor":15.0},{"not_picked":["bronze:CleanCode","bronze:Return"],"picked":"bronze:Frontload","floor":15.0},{"not_picked":["bronze:BurnOut","bronze:Verify"],"picked":"bronze:Format","floor":16.0},{"not_picked":["bronze:Iterate","bronze:Frontload"],"picked":"bronze:Branch","floor":19.0},{"not_picked":["bronze:WildBeam","bronze:DelayedGuard","bronze:ForLoop"],"picked":"SKIP","floor":19.0},{"not_picked":["bronze:Branch+1","bronze:OilSpill"],"picked":"bronze:ItsAFeature+1","floor":20.0},{"not_picked":["bronze:DelayedGuard","bronze:Shell"],"picked":"bronze:GetLatest","floor":20.0},{"not_picked":["bronze:Refactor","bronze:WhirlingStrike+1"],"picked":"bronze:InfiniteLoop","floor":22.0},{"not_picked":["bronze:Invalidate","bronze:FineTuning"],"picked":"bronze:ThunderWave","floor":25.0},{"not_picked":["bronze:ForLoop","bronze:Invalidate"],"picked":"bronze:Frontload+1","floor":27.0},{"not_picked":["bronze:WhirlingStrike","bronze:DelayedGuard"],"picked":"bronze:Repair","floor":28.0},{"not_picked":["bronze:Fortify","bronze:Repulsor","bronze:BitShift"],"picked":"SKIP","floor":28.0},{"not_picked":["bronze:Shield","bronze:Turbo"],"picked":"bronze:Repair+1","floor":30.0},{"not_picked":["bronze:BitShift","bronze:WhirlingStrike+1"],"picked":"bronze:Branch+1","floor":31.0},{"not_picked":["bronze:DelayedGuard","bronze:Deprecate+1","bronze:DelayedSlice"],"picked":"SKIP","floor":31.0},{"not_picked":["bronze:Frontload","bronze:Verify"],"picked":"bronze:DelayedGuard+1","floor":32.0},{"not_picked":["bronze:WhirlingStrike+1","bronze:ItsAFeature","bronze:Refactor"],"picked":"SKIP","floor":32.0},{"not_picked":["bronze:Verify","bronze:BurnOut"],"picked":"bronze:FindAndReplace","floor":33.0},{"not_picked":["bronze:NullPointer+1","bronze:ForLoop"],"picked":"bronze:DelayedSlice+1","floor":36.0},{"not_picked":["bronze:CutThrough","bronze:DelayedGuard+1"],"picked":"bronze:DelayedSlice+1","floor":36.0},{"not_picked":["bronze:Shell+1","bronze:BugBarrage+1"],"picked":"bronze:Terminator+1","floor":44.0},{"not_picked":["bronze:DigitalCarnage+1","bronze:BronzeArmor+1","bronze:CloningBeam"],"picked":"SKIP","floor":44.0},{"not_picked":["bronze:Deprecate+1","bronze:Repair"],"picked":"bronze:AlphaBuild+1","floor":45.0},{"not_picked":["bronze:Shield","bronze:Fortify+1"],"picked":"bronze:ForceShield+1","floor":46.0},{"not_picked":["bronze:ForLoop+1","bronze:Iterate+1","bronze:Backtrace+1"],"picked":"SKIP","floor":46.0},{"not_picked":["bronze:Fortify+1","bronze:Turbo+1","bronze:Shield"],"picked":"SKIP","floor":47.0},{"not_picked":["bronze:Invalidate","bronze:Turbo","bronze:ForLoop"],"picked":"SKIP","floor":47.0},{"not_picked":["bronze:Overload+1","bronze:ShipIt+1","bronze:OilSpill+1"],"picked":"SKIP","floor":49},{"not_picked":["bronze:ClassDefault","bronze:Optimize+1","bronze:NullPointer+1"],"picked":"SKIP","floor":49}],"player_experience":230628,"relics_obtained":[{"floor":7.0,"key":"Oddly Smooth Stone"},{"floor":13.0,"key":"Prayer Wheel"},{"floor":25.0,"key":"Gremlin Horn"},{"floor":27.0,"key":"Bottled Lightning"},{"floor":40.0,"key":"Shovel"},{"floor":41.0,"key":"Bag of Preparation"},{"floor":43.0,"key":"Strawberry"},{"floor":45.0,"key":"Molten Egg 2"}],"event_choices":[{"damage_healed":0.0,"max_hp_gain":0.0,"max_hp_loss":0.0,"gold_gain":0.0,"event_name":"Mysterious Sphere","player_choice":"Fight","floor":40.0,"gold_loss":0.0,"damage_taken":0.0}],"is_beta":false,"boss_relics":[{"not_picked":["Tiny House","Snecko Eye"],"picked":"Empty Cage"},{"not_picked":["Runic Dome","Calling Bell"],"picked":"Fusion Hammer"}],"items_purged_floors":[10,14,30,39,42],"is_endless":false,"potions_floor_spawned":[3,6,12,13,15,16,19,25,33,40,44,46,47],"killed_by":"WA_ARCHETYPE_DIVINITY","ascension_level":0}}