{"host":"nw2z3r121qgmn6la","time":1614144077,"event":{"mods":["BaseMod","Colored Map","Downfall","Highlight Path","Minty Spire (QoL Compilation)","Random Character Button","Relic Sorter","StSLib"],"gold_per_floor":[99,99,99,99,99,99,124,24,44,44,44,44,71,56,72,72,72,72],"floor_reached":16,"language":"ENG","playtime":876,"items_purged":[],"score":94,"play_id":"0d8c80da-2daf-419e-a3c2-2a1c69f21534","local_time":"20210224052117","is_ascension_mode":false,"campfire_choices":[{"floor":1,"key":"RECALL"},{"data":"hexamod:SoulSteal","floor":8,"key":"SMITH"},{"data":"hexamod:Float","floor":10,"key":"SMITH"},{"data":"hexamod:Sear","floor":12,"key":"SMITH"}],"circlet_count":0,"master_deck":["hexamod:Strike","hexamod:Strike","hexamod:Strike+1","hexamod:Defend","hexamod:Defend+1","hexamod:Defend+1","hexamod:Defend","hexamod:Sear+1","hexamod:Float+1","hexamod:ThirdSeal","downfall:Malfunctioning","hexamod:AdvancingGuard","hexamod:SoulSteal+1","hexamod:FourthSeal","hexamod:AdvancingGuard","Regret","hexamod:HauntingEcho","hexamod:FlamesFromBeyond","hexamod:TimeWarp","hexamod:GhostOfSpirePresent","hexamod:RadiantFlame","hexamod:NightmareStrike"],"relics":["hexamod:SpiritBrand","downfall:HeartsMalice","downfall:HeartBlessingBlue","Lantern","hexamod:SoulConsumer"],"acts_visited":["Exordium"],"potions_floor_usage":[13,14,14,15,16],"damage_taken":[{"damage":0,"enemies":"Small Slimes","floor":2,"turns":1},{"damage":0,"enemies":"Jaw Worm","floor":5,"turns":1},{"damage":0,"enemies":"2 Louse","floor":6,"turns":1},{"damage":10,"enemies":"2 Fungi Beasts","floor":9,"turns":3},{"damage":28,"enemies":"Lagavulin","floor":13,"turns":9},{"damage":4,"enemies":"downfall:FleeingMerchant","floor":14,"turns":4},{"damage":2,"enemies":"Lots of Slimes","floor":15,"turns":3},{"damage":55,"enemies":"WA_ARCHETYPE_RETAIN","floor":16,"turns":7}],"seed_played":"710673156051216218","potions_obtained":[{"floor":9,"key":"Weak Potion"},{"floor":13,"key":"Energy Potion"},{"floor":13,"key":"LiquidBronze"},{"floor":14,"key":"Block Potion"},{"floor":15,"key":"GamblersBrew"}],"is_trial":false,"path_per_floor":["R","M","?","?","M","M","T","R","M","R","?","R","E","$","M","B"],"character_chosen":"THE_SPIRIT","items_purchased":[],"campfire_rested":0,"item_purchase_floors":[],"current_hp_per_floor":[70,70,70,70,70,70,70,80,70,70,70,70,42,42,44,0,0,0],"gold":72,"neow_bonus":"THREE_ENEMY_KILL","is_daily":false,"chose_seed":false,"campfire_upgraded":3,"win_rate":0.0,"timestamp":1614144077,"path_taken":["R","M","?","?","M","M","T","R","M","R","?","R","E","$","M","BOSS"],"items_purchased_type":[],"build_version":"2020-12-22","purchased_purges":0,"victory":false,"max_hp_per_floor":[70,70,70,70,70,70,70,80,80,80,80,80,80,80,80,80,80,80],"card_choices":[{"not_picked":["hexamod:HeatCrush","hexamod:ThermalTransfer"],"picked":"hexamod:ThirdSeal","floor":2},{"not_picked":["hexamod:InspiringFlames","hexamod:Again"],"picked":"hexamod:AdvancingGuard","floor":5},{"not_picked":["hexamod:NightmareStrike","hexamod:BurningTouch"],"picked":"hexamod:SoulSteal","floor":6},{"not_picked":["hexamod:NightmareStrike","hexamod:SpectralAdrenaline"],"picked":"hexamod:FourthSeal","floor":9},{"not_picked":["hexamod:ThermalTransfer","hexamod:InspiringFlames"],"picked":"hexamod:AdvancingGuard","floor":9},{"not_picked":["hexamod:Firestarter","hexamod:PhantomFireball"],"picked":"hexamod:HauntingEcho","floor":13},{"not_picked":["hexamod:GhostShield","hexamod:SwordOfDarkness"],"picked":"hexamod:FlamesFromBeyond","floor":13},{"not_picked":["hexamod:SecondSeal","hexamod:GhostShield"],"picked":"hexamod:TimeWarp","floor":14},{"not_picked":["hexamod:Firestarter","hexamod:GhostLash"],"picked":"hexamod:GhostOfSpirePresent","floor":14},{"not_picked":["hexamod:Hexaguard","hexamod:BurningTouch"],"picked":"hexamod:RadiantFlame","floor":15},{"not_picked":["hexamod:HeatShield","hexamod:SpectersWail"],"picked":"hexamod:NightmareStrike","floor":15}],"player_experience":284050,"relics_obtained":[{"floor":13,"key":"hexamod:SoulConsumer"}],"event_choices":[{"damage_healed":0,"gold_gain":0,"player_choice":"Box","damage_taken":0,"relics_obtained":["Lantern"],"max_hp_gain":0,"max_hp_loss":0,"event_name":"Big Fish","floor":11,"gold_loss":0,"cards_obtained":["Regret"]}],"is_beta":false,"boss_relics":[],"items_purged_floors":[],"is_endless":false,"potions_floor_spawned":[9,13],"killed_by":"WA_ARCHETYPE_RETAIN","ascension_level":0}}