{"host":"8vqkh0x3c7vpgzzm","time":1614198621,"event":{"mods":["AchievementEnabler","BaseMod","Colored Map","Colored Powertips","Curses Come First","DeckTracker","Highlight Path","Minty Spire (QoL Compilation)","Permanent Neow","Quick Restart","Random Character Mod","Rare Cards Sparkle","Relic Sorter","Relic Stats","StSLib","SuperFastMode","Unceasing Turn Reminder","egg","everything is the same but u backflip on backflip"],"gold_per_floor":[362,373,132,132,57,82,82,109,109,109,109,137,137,57,57,135,135,75,75,75,75,0,0,0,0,0,0,0,0,0,0,0,0,0],"floor_reached":33,"language":"ENG","playtime":1369,"items_purged":["Normality"],"score":594,"play_id":"20384d0f-d292-403a-84b5-1fa816576977","local_time":"20210224213021","is_ascension_mode":true,"campfire_choices":[{"floor":7,"key":"REST"},{"data":"Zap","floor":10,"key":"SMITH"},{"floor":15,"key":"REST"},{"data":"Hologram","floor":23,"key":"SMITH"},{"data":"Coolheaded","floor":27,"key":"SMITH"},{"floor":32,"key":"REST"}],"circlet_count":0,"master_deck":["AscendersBane","Strike_B","Strike_B+1","Defend_B","Defend_B+1","Defend_B+1","Zap+1","Dualcast","Ball Lightning+1","Rip and Tear","Steam","Hologram+1","Lockon","Biased Cognition","Sweeping Beam+1","Ghostly","Ghostly","Ghostly","Rainbow","Coolheaded+1","Coolheaded+1"],"relics":["Cracked Core","War Paint","Singing Bowl","Sundial","Pear","Odd Mushroom","Ectoplasm","White Beast Statue","InkBottle"],"acts_visited":["Exordium","TheCity"],"potions_floor_usage":[8,16,25,25,30,33,33],"damage_taken":[{"damage":5,"enemies":"2 Louse","floor":1,"turns":3},{"damage":7,"enemies":"Small Slimes","floor":2,"turns":4},{"damage":24,"enemies":"Lagavulin","floor":6,"turns":6},{"damage":15,"enemies":"3 Sentries","floor":8,"turns":6},{"damage":7,"enemies":"The Mushroom Lair","floor":12,"turns":4},{"damage":0,"enemies":"Slime Boss","floor":16,"turns":6},{"damage":17,"enemies":"2 Thieves","floor":18,"turns":3},{"damage":12,"enemies":"3 Byrds","floor":20,"turns":4},{"damage":19,"enemies":"Centurion and Healer","floor":24,"turns":7},{"damage":2,"enemies":"Cultist and Chosen","floor":25,"turns":7},{"damage":1,"enemies":"Book of Stabbing","floor":29,"turns":5},{"damage":0,"enemies":"Shelled Parasite and Fungi","floor":30,"turns":4},{"damage":0,"enemies":"Centurion and Healer","floor":31,"turns":4},{"damage":29,"enemies":"Automaton","floor":33,"turns":10}],"seed_played":"-6925329722842472119","potions_obtained":[{"floor":6,"key":"SneckoOil"},{"floor":12,"key":"AttackPotion"},{"floor":18,"key":"GamblersBrew"},{"floor":24,"key":"ColorlessPotion"},{"floor":25,"key":"DistilledChaos"},{"floor":29,"key":"EssenceOfSteel"},{"floor":30,"key":"ColorlessPotion"}],"is_trial":false,"path_per_floor":["M","M","$","?","?","E","R","E","T","R","?","?","?","$","R","B",null,"M","?","M","$","?","R","M","M","T","R","$","E","M","M","R","B"],"character_chosen":"DEFECT","items_purchased":["War Paint","Lockon"],"campfire_rested":3,"item_purchase_floors":[3,14],"current_hp_per_floor":[59,52,52,45,45,21,42,29,39,39,39,32,7,7,31,31,70,53,41,31,31,31,31,12,10,10,10,10,9,11,13,27,0,0],"gold":0,"neow_bonus":"TWO_FIFTY_GOLD","is_daily":false,"chose_seed":false,"campfire_upgraded":3,"win_rate":0.0,"timestamp":1614198621,"path_taken":["M","M","$","?","?","E","R","E","T","R","?","?","?","$","R","BOSS","M","?","M","$","?","R","M","?","T","R","$","E","M","M","R","BOSS"],"items_purchased_type":["Relic","Card"],"build_version":"2020-12-22","purchased_purges":1,"victory":false,"max_hp_per_floor":[71,71,71,71,71,71,71,73,83,83,83,83,83,83,83,83,83,83,41,43,43,43,43,43,43,43,43,43,43,45,47,47,47,47],"relic_stats":{"Singing Bowl":8,"counters":[14,73],"Sundial":[8],"Ectoplasm":182,"War Paint":["Defend_B","Defend_B"],"obtain_stats":[{"Pear":9,"Singing Bowl":6,"Sundial":8,"Ectoplasm":17,"War Paint":3,"Odd Mushroom":12,"Cracked Core":0,"White Beast Statue":26,"InkBottle":29},{"Pear":4,"Singing Bowl":3,"Sundial":4,"Ectoplasm":6,"War Paint":2,"Odd Mushroom":5,"Cracked Core":0,"White Beast Statue":10,"InkBottle":11},{"Pear":19,"Singing Bowl":13,"Sundial":19,"Ectoplasm":29,"War Paint":7,"Odd Mushroom":23,"Cracked Core":0,"White Beast Statue":50,"InkBottle":55}],"InkBottle":[8]},"card_choices":[{"not_picked":["Conserve Battery","Lockon"],"picked":"Ball Lightning","floor":1},{"not_picked":["Barrage","Compile Driver"],"picked":"Rip and Tear","floor":2},{"not_picked":["Ball Lightning","Stack"],"picked":"Steam","floor":6},{"not_picked":["Thunder Strike","Force Field","Rebound"],"picked":"Singing Bowl","floor":8},{"not_picked":["Barrage","Fusion"],"picked":"Hologram","floor":12},{"not_picked":["Reboot","Echo Form"],"picked":"Biased Cognition","floor":16},{"not_picked":["Streamline","Cold Snap"],"picked":"Sweeping Beam+1","floor":18},{"not_picked":["Turbo","Storm","Reprogram"],"picked":"Singing Bowl","floor":20},{"not_picked":["Steam","Gash"],"picked":"Rainbow","floor":24},{"not_picked":["Turbo+1","Go for the Eyes"],"picked":"Coolheaded","floor":25},{"not_picked":["Hello World","Thunder Strike"],"picked":"Coolheaded+1","floor":29},{"not_picked":["Conserve Battery","Steam+1","Reprogram"],"picked":"Singing Bowl","floor":30},{"not_picked":["Reprogram","Force Field","Gash"],"picked":"Singing Bowl","floor":31}],"player_experience":651330,"relics_obtained":[{"floor":6,"key":"Singing Bowl"},{"floor":8,"key":"Sundial"},{"floor":9,"key":"Pear"},{"floor":12,"key":"Odd Mushroom"},{"floor":26,"key":"White Beast Statue"},{"floor":29,"key":"InkBottle"}],"event_choices":[{"cards_removed":["Strike_B"],"damage_healed":0,"gold_gain":0,"player_choice":"Card Removal","damage_taken":7,"max_hp_gain":0,"max_hp_loss":0,"event_name":"Golden Wing","floor":4,"gold_loss":0},{"cards_removed":["Defend_B"],"damage_healed":0,"gold_gain":0,"player_choice":"Card Removal","damage_taken":0,"max_hp_gain":0,"max_hp_loss":0,"event_name":"The Cleric","floor":5,"gold_loss":75},{"damage_healed":0,"gold_gain":0,"player_choice":"Searched \u00270\u0027 times","damage_taken":0,"max_hp_gain":0,"max_hp_loss":0,"event_name":"Dead Adventurer","floor":11,"gold_loss":0},{"damage_healed":0,"gold_gain":0,"player_choice":"Fought Mushrooms","damage_taken":0,"max_hp_gain":0,"max_hp_loss":0,"event_name":"Mushrooms","floor":12,"gold_loss":0},{"damage_healed":0,"gold_gain":0,"player_choice":"Entered Light","damage_taken":25,"max_hp_gain":0,"max_hp_loss":0,"event_name":"Shining Light","floor":13,"gold_loss":0,"cards_upgraded":["Ball Lightning","Strike_B"]},{"damage_healed":0,"gold_gain":0,"player_choice":"Became a Ghost","damage_taken":0,"max_hp_gain":0,"max_hp_loss":42,"event_name":"Ghosts","floor":19,"gold_loss":0,"cards_obtained":["Ghostly","Ghostly","Ghostly"]},{"cards_removed":["Strike_B"],"damage_healed":0,"gold_gain":0,"player_choice":"Gave Gold","damage_taken":0,"max_hp_gain":0,"max_hp_loss":0,"event_name":"Beggar","floor":22,"gold_loss":75}],"is_beta":false,"boss_relics":[{"not_picked":["SlaversCollar","Snecko Eye"],"picked":"Ectoplasm"}],"items_purged_floors":[3],"is_endless":false,"potions_floor_spawned":[6,12,18,24,25,29,30,31],"killed_by":"Automaton","ascension_level":17}}