{"host":"u6f15rvcj4nca0wu","time":1614195687,"event":{"mods":["BaseMod","Bestiary","Colored Map","Highlight Path","Minty Spire (Améliorations d\u0027érgonomie)","Relic Stats"],"gold_per_floor":[112,112,9,9,9,9,32,46,71,107,72,92,16,32,32,160,160,178,178,103,103,122,122,138,138,138,138,159,59,59,83,83,212,212,226,21,41,57,82,116,140,140,214,214,232,248,272,272,272,272],"floor_reached":51,"language":"FRA","playtime":6821,"items_purged":["Strike_P","Strike_P"],"score":631,"play_id":"3f003c60-318e-41d4-93ba-41716c66d38d","local_time":"20210224204127","is_ascension_mode":false,"campfire_choices":[{"floor":6.0,"key":"REST"},{"data":"BattleHymn","floor":15.0,"key":"SMITH"},{"floor":23.0,"key":"REST"},{"data":"Prostrate","floor":25.0,"key":"SMITH"},{"data":"MasterReality","floor":27.0,"key":"SMITH"},{"floor":32.0,"key":"REST"},{"floor":42.0,"key":"REST"},{"floor":44.0,"key":"REST"},{"floor":49,"key":"REST"}],"circlet_count":0,"master_deck":["Strike_P","Strike_P","Defend_P","Defend_P","Defend_P","Defend_P","Eruption","Vigilance","DeceiveReality+1","BowlingBash","ReachHeaven","Consecrate","BattleHymn+1","Prostrate","MasterReality+1","Prostrate+1","CarveReality","Necronomicurse","FlurryOfBlows+1","Consecrate","Eruption","FlyingSleeves","Judgement","FollowUp+1","ThirdEye+1","WheelKick+1","EmptyMind","FlurryOfBlows","EmptyMind+1"],"relics":["PureWater","Golden Idol","Centennial Puzzle","Bag of Preparation","CaptainsWheel","Busted Crown","Necronomicon","Pen Nib","Runic Pyramid","Blood Vial","Ornamental Fan","White Beast Statue"],"acts_visited":["Exordium","TheCity","TheBeyond"],"potions_floor_usage":[50],"damage_taken":[{"damage":5.0,"enemies":"2 Louse","floor":1.0,"turns":4.0},{"damage":0.0,"enemies":"Small Slimes","floor":7.0,"turns":4.0},{"damage":0.0,"enemies":"Jaw Worm","floor":8.0,"turns":4.0},{"damage":1.0,"enemies":"Gremlin Nob","floor":10.0,"turns":3.0},{"damage":0.0,"enemies":"Blue Slaver","floor":12.0,"turns":3.0},{"damage":8.0,"enemies":"3 Louse","floor":14.0,"turns":2.0},{"damage":42.0,"enemies":"The Guardian","floor":16.0,"turns":5.0},{"damage":16.0,"enemies":"2 Thieves","floor":18.0,"turns":3.0},{"damage":6.0,"enemies":"3 Byrds","floor":22.0,"turns":3.0},{"damage":5.0,"enemies":"Centurion and Healer","floor":24.0,"turns":5.0},{"damage":1.0,"enemies":"Chosen and Byrds","floor":28.0,"turns":3.0},{"damage":0.0,"enemies":"Snake Plant","floor":31.0,"turns":2.0},{"damage":12.0,"enemies":"Champ","floor":33.0,"turns":8.0},{"damage":15.0,"enemies":"3 Shapes","floor":35.0,"turns":2.0},{"damage":12.0,"enemies":"3 Darklings","floor":37.0,"turns":4.0},{"damage":0.0,"enemies":"Transient","floor":38.0,"turns":5.0},{"damage":0.0,"enemies":"Spire Growth","floor":39.0,"turns":4.0},{"damage":50.0,"enemies":"Nemesis","floor":40.0,"turns":7.0},{"damage":7.0,"enemies":"4 Shapes","floor":41.0,"turns":3.0},{"damage":1.0,"enemies":"Jaw Worm Horde","floor":45.0,"turns":3.0},{"damage":0,"enemies":"Spire Growth","floor":46,"turns":4},{"damage":0,"enemies":"Maw","floor":47,"turns":6},{"damage":149,"enemies":"Awakened One","floor":50,"turns":12}],"seed_played":"6149448000146541846","potions_obtained":[{"floor":1.0,"key":"Fire Potion"},{"floor":8.0,"key":"Regen Potion"},{"floor":16.0,"key":"FairyPotion"},{"floor":18.0,"key":"DistilledChaos"},{"floor":24.0,"key":"Explosive Potion"},{"floor":40.0,"key":"SteroidPotion"},{"floor":45.0,"key":"GamblersBrew"},{"floor":46,"key":"Regen Potion"}],"is_trial":false,"path_per_floor":["M","?","$","?","?","R","M","M","T","E","?","M","$","M","R","B",null,"M","?","$","?","M","R","M","R","T","R","M","$","?","M","R","B",null,"M","$","M","M","M","E","M","R","T","R","M","M","M","?","R","B",null],"character_chosen":"WATCHER","items_purchased":["FairyPotion","BattleHymn","FearPotion","Blood Vial"],"campfire_rested":6,"item_purchase_floors":[3,13,36,36],"current_hp_per_floor":[74,55,55,37,37,60,60,60,60,59,78,78,78,70,70,40,79,63,63,63,47,41,64,59,59,59,59,58,58,58,58,79,67,79,64,64,54,56,58,10,5,28,28,51,52,54,56,56,79,23],"gold":272,"neow_bonus":"TEN_PERCENT_HP_BONUS","is_daily":false,"chose_seed":false,"campfire_upgraded":3,"win_rate":0.0,"timestamp":1614195687,"path_taken":["M","?","$","?","?","R","M","M","T","E","?","?","$","M","R","BOSS","M","?","$","?","M","R","M","R","T","R","M","$","?","M","R","BOSS","M","$","M","M","?","E","M","R","T","R","M","M","M","?","R","BOSS"],"items_purchased_type":["Potion","Card","Potion","Relic"],"build_version":"2020-12-13","purchased_purges":2,"victory":true,"max_hp_per_floor":[79,79,79,79,79,79,79,79,79,79,79,79,79,79,79,79,79,79,79,79,79,79,79,79,79,79,79,79,79,79,79,79,79,79,79,79,79,79,79,79,79,79,79,79,79,79,79,79,79,79],"relic_stats":{"Blood Vial":16,"Centennial Puzzle":[41],"Busted Crown":32,"counters":[23,99],"Golden Idol":158,"Ornamental Fan":[96],"Pen Nib":[21],"Bag of Preparation":[40],"Necronomicon":[26],"obtain_stats":[{"Blood Vial":36,"Centennial Puzzle":4,"CaptainsWheel":10,"Busted Crown":17,"Golden Idol":2,"Ornamental Fan":40,"Pen Nib":26,"Bag of Preparation":9,"Necronomicon":21,"PureWater":0,"White Beast Statue":43,"Runic Pyramid":34},{"Blood Vial":14,"Centennial Puzzle":1,"CaptainsWheel":4,"Busted Crown":7,"Golden Idol":1,"Ornamental Fan":18,"Pen Nib":10,"Bag of Preparation":3,"Necronomicon":8,"PureWater":0,"White Beast Statue":19,"Runic Pyramid":13},{"Blood Vial":51,"Centennial Puzzle":4,"CaptainsWheel":15,"Busted Crown":25,"Golden Idol":4,"Ornamental Fan":71,"Pen Nib":36,"Bag of Preparation":12,"Necronomicon":28,"PureWater":0,"White Beast Statue":74,"Runic Pyramid":49}]},"card_choices":[{"not_picked":["Crescendo","Halt"],"picked":"DeceiveReality","floor":1.0},{"not_picked":["Weave","Vengeance"],"picked":"BowlingBash","floor":7.0},{"not_picked":["ClearTheMind","ThirdEye"],"picked":"ReachHeaven","floor":8.0},{"not_picked":["FlurryOfBlows","Halt"],"picked":"Consecrate","floor":10.0},{"not_picked":["Halt","Fasting2","MentalFortress"],"picked":"SKIP","floor":12.0},{"not_picked":["EmptyMind","Weave"],"picked":"Prostrate","floor":14.0},{"not_picked":["Wish","DevaForm"],"picked":"MasterReality","floor":16.0},{"not_picked":[],"picked":"Prostrate","floor":18.0},{"not_picked":[],"picked":"FlurryOfBlows+1","floor":22.0},{"not_picked":["Meditate"],"picked":"SKIP","floor":24.0},{"not_picked":[],"picked":"Consecrate","floor":28.0},{"not_picked":[],"picked":"FlyingSleeves","floor":31.0},{"not_picked":[],"picked":"Judgement","floor":33.0},{"not_picked":["Meditate"],"picked":"SKIP","floor":35.0},{"not_picked":[],"picked":"FollowUp+1","floor":37.0},{"not_picked":[],"picked":"ThirdEye+1","floor":38.0},{"not_picked":["Meditate"],"picked":"SKIP","floor":39.0},{"not_picked":[],"picked":"WheelKick+1","floor":40.0},{"not_picked":[],"picked":"EmptyMind","floor":41.0},{"not_picked":[],"picked":"FlurryOfBlows","floor":45.0},{"not_picked":[],"picked":"EmptyMind+1","floor":46},{"not_picked":["Indignation"],"picked":"SKIP","floor":47}],"player_experience":341863,"relics_obtained":[{"floor":9.0,"key":"Bag of Preparation"},{"floor":10.0,"key":"CaptainsWheel"},{"floor":21.0,"key":"Necronomicon"},{"floor":26.0,"key":"Pen Nib"},{"floor":40.0,"key":"Ornamental Fan"},{"floor":43.0,"key":"White Beast Statue"}],"event_choices":[{"damage_healed":0.0,"max_hp_gain":0.0,"max_hp_loss":0.0,"gold_gain":0.0,"event_name":"Golden Idol","player_choice":"Take Damage","floor":2.0,"gold_loss":0.0,"damage_taken":19.0,"relics_obtained":["Golden Idol"]},{"damage_healed":0.0,"max_hp_gain":0.0,"max_hp_loss":0.0,"gold_gain":0.0,"event_name":"Scrap Ooze","player_choice":"Success","floor":4.0,"gold_loss":0.0,"damage_taken":18.0,"relics_obtained":["Centennial Puzzle"]},{"damage_healed":0.0,"max_hp_gain":0.0,"max_hp_loss":0.0,"gold_gain":0.0,"event_name":"Living Wall","player_choice":"Grow","floor":5.0,"gold_loss":0.0,"damage_taken":0.0,"cards_upgraded":["DeceiveReality"]},{"damage_healed":19.0,"max_hp_gain":0.0,"max_hp_loss":0.0,"gold_gain":0.0,"event_name":"The Cleric","player_choice":"Healed","floor":11.0,"gold_loss":35.0,"damage_taken":0.0},{"damage_healed":0.0,"max_hp_gain":0.0,"max_hp_loss":0.0,"gold_gain":0.0,"event_name":"The Library","player_choice":"Read","floor":19.0,"gold_loss":0.0,"damage_taken":0.0,"cards_obtained":["CarveReality"]},{"damage_healed":0.0,"max_hp_gain":0.0,"max_hp_loss":0.0,"gold_gain":0.0,"event_name":"Cursed Tome","player_choice":"Obtained Book","floor":21.0,"gold_loss":0.0,"damage_taken":16.0},{"damage_healed":0.0,"max_hp_gain":0.0,"max_hp_loss":0.0,"gold_gain":0.0,"event_name":"Match and Keep!","player_choice":"1 cards matched","floor":30.0,"gold_loss":0.0,"damage_taken":0.0,"cards_obtained":["Eruption"]},{"damage_healed":0,"gold_gain":0,"player_choice":"Memory 1","damage_taken":0,"max_hp_gain":0,"max_hp_loss":0,"event_name":"SensoryStone","floor":48,"gold_loss":0}],"is_beta":false,"boss_relics":[{"not_picked":["Fusion Hammer","Black Star"],"picked":"Busted Crown"},{"not_picked":["Tiny House","Snecko Eye"],"picked":"Runic Pyramid"}],"items_purged_floors":[20,29],"is_endless":false,"potions_floor_spawned":[1,8,16,18,24,37,38,40,41,45,46,47],"ascension_level":0}}