{"host":"5tzvto3beate6p8b","time":1614198403,"event":{"mods":["BaseMod","Colored Map","DeckTracker","Minty Spire (QoL Compilation)","Relic Stats","StSLib","SuperFastMode"],"gold_per_floor":[116,128,178,19,39,39,74,87,113,19,19,39,39,39,39,118,118,131,131,151,151,19,19,19,19],"floor_reached":24,"language":"JPN","playtime":1048,"items_purged":["Strike_G"],"score":388,"play_id":"8b10aa1e-2977-446b-8452-d3423a5e9c42","local_time":"20210225052643","is_ascension_mode":true,"campfire_choices":[{"data":"Apotheosis","floor":6,"key":"SMITH"},{"data":"Footwork","floor":11,"key":"SMITH"},{"data":"After Image","floor":13,"key":"SMITH"},{"data":"Neutralize","floor":15,"key":"SMITH"},{"floor":23,"key":"REST"}],"circlet_count":0,"master_deck":["AscendersBane","Strike_G+1","Defend_G+1","Defend_G+1","Defend_G+1","Defend_G+1","Defend_G+1","Survivor","Neutralize+1","Apotheosis+1","Backflip","All Out Attack","Leg Sweep","PiercingWail","Deadly Poison","Dagger Throw","Footwork+1","Sucker Punch","After Image+1","After Image","Backstab+1","Grand Finale+1","Envenom+1","Deadly Poison","Caltrops","Caltrops","Blade Dance"],"relics":["Ring of the Snake","Nunchaku","Astrolabe","Nloth\u0027s Gift"],"acts_visited":["Exordium","TheCity"],"potions_floor_usage":[7,16],"damage_taken":[{"damage":0.0,"enemies":"Jaw Worm","floor":1.0,"turns":6.0},{"damage":0.0,"enemies":"Cultist","floor":2.0,"turns":4.0},{"damage":0,"enemies":"2 Louse","floor":5,"turns":2},{"damage":16,"enemies":"Gremlin Nob","floor":7,"turns":4},{"damage":0,"enemies":"Lots of Slimes","floor":8,"turns":4},{"damage":0,"enemies":"3 Louse","floor":12,"turns":3},{"damage":10,"enemies":"Hexaghost","floor":16,"turns":13},{"damage":25,"enemies":"3 Byrds","floor":18,"turns":7},{"damage":11,"enemies":"Chosen","floor":20,"turns":7},{"damage":36,"enemies":"Gremlin Leader","floor":24,"turns":6}],"seed_played":"1450568549595214458","potions_obtained":[{"floor":2.0,"key":"LiquidBronze"},{"floor":5,"key":"Fire Potion"},{"floor":16,"key":"BlessingOfTheForge"}],"is_trial":false,"path_per_floor":["M","M","?","$","M","R","E","M","T","$","R","M","R","$","R","B",null,"M","?","M","?","$","R","E"],"character_chosen":"THE_SILENT","items_purchased":["Leg Sweep","Footwork","Sucker Punch","Caltrops","Blade Dance"],"campfire_rested":1,"item_purchase_floors":[4,10,10,22,22],"current_hp_per_floor":[59,59,53,53,53,53,37,37,37,37,37,37,37,37,37,27,52,27,27,16,16,16,34,0,0],"gold":19,"neow_bonus":"RANDOM_COLORLESS_2","is_daily":false,"chose_seed":false,"campfire_upgraded":4,"win_rate":0.0,"timestamp":1614198403,"path_taken":["M","M","?","$","M","R","E","?","T","$","R","M","R","?","R","BOSS","M","?","?","?","$","R","E"],"items_purchased_type":["Card","Card","Card","Card","Card"],"build_version":"2020-12-22","purchased_purges":1,"victory":false,"max_hp_per_floor":[60,60,60,60,60,60,60,60,60,60,60,60,60,60,60,60,60,60,60,60,60,60,60,60,60],"relic_stats":{"Nunchaku":[5],"counters":[10,56],"Astrolabe":["Backstab","Grand Finale","Envenom"],"Nloth\u0027s Gift":0,"obtain_stats":[{"Nunchaku":9,"Astrolabe":17,"Nloth\u0027s Gift":19,"Ancient Tea Set":7,"Ring of the Snake":0},{"Nunchaku":5,"Astrolabe":7,"Nloth\u0027s Gift":8,"Ancient Tea Set":4,"Ring of the Snake":0},{"Nunchaku":20,"Astrolabe":36,"Nloth\u0027s Gift":43,"Ancient Tea Set":16,"Ring of the Snake":0}],"Ring of the Snake":[20]},"card_choices":[{"not_picked":["Thinking Ahead","The Bomb"],"picked":"Apotheosis","floor":0.0},{"not_picked":["Reflex","Dodge and Roll"],"picked":"Backflip","floor":1.0},{"not_picked":["Calculated Gamble","Dodge and Roll"],"picked":"All Out Attack","floor":2.0},{"not_picked":["All Out Attack","Flying Knee"],"picked":"PiercingWail","floor":5},{"not_picked":["Dodge and Roll","Skewer"],"picked":"Deadly Poison","floor":7},{"not_picked":["Reflex","Deflect"],"picked":"Dagger Throw","floor":8},{"not_picked":["Dagger Throw","Cloak And Dagger"],"picked":"After Image","floor":12},{"not_picked":["Storm of Steel","Tools of the Trade"],"picked":"After Image","floor":16},{"not_picked":["Quick Slash","Terror"],"picked":"Deadly Poison","floor":18},{"not_picked":["Deflect","Acrobatics"],"picked":"Caltrops","floor":20}],"player_experience":879118,"relics_obtained":[{"floor":7,"key":"Ancient Tea Set"},{"floor":9,"key":"Nunchaku"}],"event_choices":[{"damage_healed":0,"gold_gain":50,"player_choice":"Touch","damage_taken":6,"max_hp_gain":0,"max_hp_loss":0,"event_name":"FaceTrader","floor":3,"gold_loss":0},{"damage_healed":0,"gold_gain":0,"player_choice":"Traded Relic","damage_taken":0,"relics_obtained":["Nloth\u0027s Gift"],"max_hp_gain":0,"max_hp_loss":0,"event_name":"N\u0027loth","floor":19,"relics_lost":["Ancient Tea Set"],"gold_loss":0},{"damage_healed":0,"gold_gain":0,"player_choice":"Simplicity","damage_taken":0,"max_hp_gain":0,"max_hp_loss":0,"event_name":"Back to Basics","floor":21,"gold_loss":0,"cards_upgraded":["Strike_G","Defend_G","Defend_G","Defend_G","Defend_G","Defend_G"]}],"is_beta":false,"boss_relics":[{"not_picked":["Sozu","Coffee Dripper"],"picked":"Astrolabe"}],"items_purged_floors":[4],"is_endless":false,"potions_floor_spawned":[2,5,16],"killed_by":"Gremlin Leader","ascension_level":20}}