{"host":"ufhw4cf0hh51lveu","time":1614151070,"event":{"mods":["BaseMod","DeckTracker","Lobotomy","Minty Spire (QoL Compilation)","SuperFastMode"],"gold_per_floor":[111,111,111,111,127,127,11,29,29,29,29,29,43,63,63,193,193,167,167,44,65,39,39,138,138,138,63,81,104,104,129,129,249,249,274,274,288,288,302,302,318,334,334,334,334,348,348,348],"floor_reached":47,"language":"KOR","playtime":1057,"items_purged":["Strike_G"],"score":442,"play_id":"9b3340e7-60dc-45b2-ac87-6545089a1f08","local_time":"20210224161750","is_ascension_mode":false,"campfire_choices":[{"data":"Neutralize","floor":6,"key":"SMITH"},{"data":"After Image","floor":12,"key":"SMITH"},{"data":"Poisoned Stab","floor":15,"key":"SMITH"},{"data":"Bouncing Flask","floor":23,"key":"SMITH"},{"data":"Terror","floor":25,"key":"SMITH"},{"data":"Phantasmal Killer","floor":30,"key":"SMITH"},{"data":"Deadly Poison","floor":32,"key":"SMITH"},{"floor":40,"key":"REST"},{"floor":45,"key":"REST"}],"circlet_count":0,"master_deck":["Strike_G","Strike_G","Defend_G","Defend_G","Defend_G","Defend_G","Defend_G","Survivor","Neutralize+1","Backstab","Deadly Poison+1","Noxious Fumes","Tactician","After Image+1","PiercingWail","Poisoned Stab+1","Phantasmal Killer+1","Poisoned Stab","After Image+1","Bouncing Flask+1","Dagger Spray","Terror+1","Backflip","Well Laid Plans+1","Slice+1","Poisoned Stab"],"relics":["Velvet Choker","Potion Belt","Golden Idol","Pantograph","Singing Bowl","Sozu","Toy Ornithopter","Busted Crown"],"acts_visited":["Exordium","TheCity","TheBeyond"],"potions_floor_usage":[16,16,28,31],"damage_taken":[{"damage":1,"enemies":"2 Louse","floor":1,"turns":3},{"damage":0,"enemies":"Small Slimes","floor":5,"turns":3},{"damage":0,"enemies":"Cultist","floor":8,"turns":4},{"damage":5,"enemies":"3 Louse","floor":13,"turns":4},{"damage":16,"enemies":"Exordium Thugs","floor":14,"turns":5},{"damage":2,"enemies":"Hexaghost","floor":16,"turns":9},{"damage":11,"enemies":"2 Thieves","floor":18,"turns":5},{"damage":3,"enemies":"Chosen","floor":21,"turns":4},{"damage":1,"enemies":"Shelled Parasite and Fungi","floor":28,"turns":6},{"damage":3,"enemies":"Cultist and Chosen","floor":29,"turns":4},{"damage":8,"enemies":"Sentry and Sphere","floor":31,"turns":4},{"damage":7,"enemies":"Champ","floor":33,"turns":11},{"damage":11,"enemies":"3 Darklings","floor":35,"turns":7},{"damage":8,"enemies":"Orb Walker","floor":37,"turns":5},{"damage":21,"enemies":"Sphere and 2 Shapes","floor":39,"turns":7},{"damage":30,"enemies":"Spire Growth","floor":41,"turns":6},{"damage":24,"enemies":"Maw","floor":42,"turns":8},{"damage":15,"enemies":"4 Shapes","floor":46,"turns":5},{"damage":22,"enemies":"Jaw Worm Horde","floor":47,"turns":2}],"seed_played":"-1005460767362561995","potions_obtained":[{"floor":1,"key":"GhostInAJar"},{"floor":5,"key":"LiquidBronze"},{"floor":8,"key":"Dexterity Potion"},{"floor":13,"key":"SteroidPotion"}],"is_trial":false,"path_per_floor":["M","?","?","?","M","R","$","M","T","T","?","R","M","M","R","B",null,"M","?","$","M","$","R","?","R","T","$","M","M","R","M","R","B",null,"M","?","M","?","M","R","M","M","T","?","R","M","M"],"character_chosen":"THE_SILENT","items_purchased":["Noxious Fumes","Tactician","Bouncing Flask","Dagger Spray","Backflip"],"campfire_rested":2,"item_purchase_floors":[7,7,20,20,22],"current_hp_per_floor":[69,57,57,65,65,65,65,65,65,65,65,65,60,44,44,63,65,54,54,54,51,51,51,51,51,51,51,57,56,56,53,53,64,71,62,62,56,56,35,56,28,6,6,6,28,13,0,0],"gold":348,"neow_bonus":"BOSS_RELIC","is_daily":false,"chose_seed":false,"campfire_upgraded":7,"win_rate":0.0,"timestamp":1614151070,"path_taken":["M","?","?","?","M","R","$","M","T","?","?","R","?","M","R","BOSS","M","?","$","M","?","R","?","R","T","?","M","?","R","M","R","BOSS","M","?","M","?","M","R","M","M","T","?","R","M","?"],"items_purchased_type":["Card","Card","Card","Card","Card"],"build_version":"2020-12-22","purchased_purges":1,"victory":false,"max_hp_per_floor":[70,70,65,65,65,65,65,65,65,65,65,65,65,65,65,65,65,65,65,65,65,65,65,65,65,65,65,67,69,69,69,69,71,71,73,73,75,71,71,71,73,75,75,75,75,75,75,75],"card_choices":[{"not_picked":["Predator","Poisoned Stab"],"picked":"Backstab","floor":1},{"not_picked":["Flechettes","Terror"],"picked":"Deadly Poison","floor":5},{"not_picked":["Sucker Punch","Footwork","Outmaneuver"],"picked":"SKIP","floor":8},{"not_picked":["Choke","Backstab"],"picked":"PiercingWail","floor":13},{"not_picked":["Sucker Punch","Heel Hook"],"picked":"Poisoned Stab","floor":14},{"not_picked":["Unload","Glass Knife"],"picked":"Phantasmal Killer","floor":16},{"not_picked":["Backflip","Deadly Poison"],"picked":"Poisoned Stab","floor":18},{"not_picked":["Masterful Stab","Noxious Fumes+1"],"picked":"Terror","floor":21},{"not_picked":["Cloak And Dagger+1","Quick Slash","Prepared"],"picked":"Singing Bowl","floor":28},{"not_picked":["Tactician","Deflect+1","Poisoned Stab+1"],"picked":"Singing Bowl","floor":29},{"not_picked":["Endless Agony","Backflip"],"picked":"Well Laid Plans+1","floor":31},{"not_picked":["Burst","A Thousand Cuts","Phantasmal Killer"],"picked":"Singing Bowl","floor":33},{"not_picked":["Footwork"],"picked":"Singing Bowl","floor":35},{"not_picked":["Cloak And Dagger"],"picked":"Singing Bowl","floor":37},{"not_picked":[],"picked":"Slice+1","floor":39},{"not_picked":["Prepared+1"],"picked":"Singing Bowl","floor":41},{"not_picked":["Riddle With Holes+1"],"picked":"Singing Bowl","floor":42},{"not_picked":[],"picked":"Poisoned Stab","floor":46}],"player_experience":79597,"relics_obtained":[{"floor":9,"key":"Pantograph"},{"floor":10,"key":"Singing Bowl"},{"floor":26,"key":"Toy Ornithopter"}],"event_choices":[{"damage_healed":0,"gold_gain":0,"player_choice":"Success","damage_taken":12,"relics_obtained":["Potion Belt"],"max_hp_gain":0,"max_hp_loss":0,"event_name":"Scrap Ooze","floor":2,"gold_loss":0},{"damage_healed":0,"gold_gain":0,"player_choice":"Lose Max HP","damage_taken":0,"relics_obtained":["Golden Idol"],"max_hp_gain":0,"max_hp_loss":5,"event_name":"Golden Idol","floor":3,"gold_loss":0},{"damage_healed":21,"gold_gain":0,"player_choice":"Banana","damage_taken":0,"max_hp_gain":0,"max_hp_loss":0,"event_name":"Big Fish","floor":4,"gold_loss":0},{"damage_healed":0,"gold_gain":0,"cards_transformed":["Strike_G"],"player_choice":"Transformed","damage_taken":0,"max_hp_gain":0,"max_hp_loss":0,"event_name":"Transmorgrifier","floor":11,"gold_loss":0,"cards_obtained":["After Image"]},{"damage_healed":0,"gold_gain":0,"player_choice":"Copied","damage_taken":0,"max_hp_gain":0,"max_hp_loss":0,"event_name":"Duplicator","floor":19,"gold_loss":0,"cards_obtained":["After Image"]},{"damage_healed":0,"gold_gain":99,"player_choice":"Stole From Cult","damage_taken":0,"max_hp_gain":0,"max_hp_loss":0,"event_name":"Nest","floor":24,"gold_loss":0},{"damage_healed":0,"gold_gain":0,"player_choice":"Ignored","damage_taken":0,"max_hp_gain":0,"max_hp_loss":0,"event_name":"Mysterious Sphere","floor":36,"gold_loss":0},{"damage_healed":0,"gold_gain":0,"player_choice":"Max HP","damage_taken":0,"max_hp_gain":0,"max_hp_loss":4,"event_name":"Winding Halls","floor":38,"gold_loss":0},{"cards_removed":["Strike_G"],"damage_healed":0,"gold_gain":0,"player_choice":"Purged","damage_taken":0,"max_hp_gain":0,"max_hp_loss":0,"event_name":"Purifier","floor":44,"gold_loss":0}],"is_beta":false,"boss_relics":[{"not_picked":["Runic Pyramid","Fusion Hammer"],"picked":"Sozu"},{"not_picked":["Runic Dome","Cursed Key"],"picked":"Busted Crown"}],"items_purged_floors":[27],"is_endless":false,"potions_floor_spawned":[1,5,8,13,33,37,41,46],"killed_by":"Jaw Worm Horde","ascension_level":0}}