{"host":"rupmf8lnk599ormj","time":1614207715,"event":{"mods":["2.2 Compatiblity","AchievementEnabler","BaseMod","Better Match","Better Third Choice","BetterRewards","Colored Map","Colored Powertips","Conspire","Downfall","Evolution","Gold Saver","Googly Eyes","Hero for Fun","Hubris","Minty Spire (QoL Compilation)","Quick Restart","Rare Cards Sparkle","Replay The Spire","Shade Mod","Spicy Shops","StSLib","The Cursed"],"gold_per_floor":[2331,2343,2360,1564,1600,1637,1637,1649,1674,1674,133,146,146,159,159,255,255,290,290,300,300,26,26,37,37,37],"floor_reached":25,"language":"ENG","playtime":1504,"items_purged":[],"score":322,"play_id":"3016eb8f-ce3e-411c-88f2-0d1cee4dcfbc","local_time":"20210224180155","is_ascension_mode":false,"campfire_choices":[{"floor":7,"key":"REST"},{"floor":15,"key":"RECALL"}],"circlet_count":0,"master_deck":["Replay:BluntJabs","Replay:BluntJabs","Replay:BluntJabs","Replay:BluntJabs","EmptyBody","EmptyBody","Defend_P","Defend_P","Eruption","Vigilance","Protect","FollowUp","PathToVictory","WreathOfFlame","HandOfGreed","SashWhip","CrushJoints","CrushJoints","Replay:ManipulateFuture","Devotion+1","Replay:Sssssssssstrike","FollowUp","JustLucky","Crescendo","Judgement","Brilliance","Replay:Bootleg Shield Generator","BowlingBash","Devotion","Scrawl","Replay:ManipulateFuture","Devotion+1","Prostrate","Wireheading","Pray+1"],"relics":["PureWater","EVO:Axolotl","Replay:PocketPolymizer","Replay:Wax Seal","Potion Belt","Gremlin Horn","Chameleon Ring","hubris:Potato","hubris:Metronome","Strange Spoon","hubris:GrandSneckoEye","Guardian:PocketSentry"],"acts_visited":["Exordium","TheCity"],"potions_floor_usage":[20,25,25],"damage_taken":[{"damage":0,"enemies":"conspire:RoseBush","floor":1,"turns":4},{"damage":0,"enemies":"Cultist","floor":2,"turns":2},{"damage":0,"enemies":"2 Louse","floor":3,"turns":2},{"damage":20,"enemies":"Lots of Slimes","floor":5,"turns":6},{"damage":0,"enemies":"3 Louse","floor":6,"turns":2},{"damage":0,"enemies":"Large Slime","floor":8,"turns":3},{"damage":5,"enemies":"conspire:2 RoseBushes","floor":12,"turns":2},{"damage":0,"enemies":"Blue Slaver","floor":14,"turns":2},{"damage":0,"enemies":"Fading Forest","floor":16,"turns":11},{"damage":10,"enemies":"Chosen","floor":18,"turns":3},{"damage":26,"enemies":"2 Thieves","floor":20,"turns":4},{"damage":48,"enemies":"Sentry and Sphere","floor":24,"turns":5},{"damage":1,"enemies":"Shelled Parasite and Fungi","floor":25,"turns":1}],"seed_played":"257256706315774579","potions_obtained":[{"floor":5,"key":"CultistPotion"},{"floor":8,"key":"Reflective Coating"},{"floor":12,"key":"Regen Potion"}],"is_trial":false,"path_per_floor":["M","M","M","$","M","M","R","M","T","?","$","M","?","M","R","B",null,"M","?","M","?","$","?","M","M"],"character_chosen":"WATCHER","items_purchased":["Replay:PocketPolymizer","Replay:Wax Seal","HandOfGreed","SashWhip","CrushJoints","Replay:ManipulateFuture","Devotion","Replay:Sssssssssstrike","Gremlin Horn","Chameleon Ring","hubris:Potato","hubris:Metronome","Strange Spoon","Judgement","Brilliance","Replay:Bootleg Shield Generator","Guardian:PocketSentry","Wireheading"],"campfire_rested":1,"item_purchase_floors":[4,4,4,4,4,4,4,4,11,11,11,11,11,11,11,11,22,22],"current_hp_per_floor":[72,72,72,72,52,52,72,72,72,72,72,67,67,67,67,72,72,62,62,49,49,49,49,1,0,0],"gold":37,"neow_bonus":"THREE_CARDS","is_daily":false,"chose_seed":false,"campfire_upgraded":0,"win_rate":0.0,"timestamp":1614207715,"path_taken":["M","M","M","$","M","M","R","M","T","?","$","?","?","M","R","BOSS","M","?","?","?","$","?","M","M"],"items_purchased_type":["Relic","Relic","Card","Card","Card","Card","Card","Card","Relic","Relic","Relic","Relic","Relic","Card","Card","Card","Relic","Card"],"build_version":"2020-12-22","purchased_purges":0,"victory":false,"max_hp_per_floor":[72,72,72,72,72,72,72,72,72,72,72,72,72,72,72,72,72,72,72,72,72,72,72,72,72,72],"card_choices":[{"not_picked":["Replay:AtTheReady","CutThroughFate"],"picked":"Protect","floor":0},{"not_picked":["Replay:AtTheReady","Protect"],"picked":"FollowUp","floor":1},{"not_picked":["Consecrate","ThirdEye"],"picked":"PathToVictory","floor":2},{"not_picked":["SignatureMove","Crescendo"],"picked":"WreathOfFlame","floor":3},{"not_picked":["EmptyFist","TalkToTheHand"],"picked":"FollowUp","floor":5},{"not_picked":["ThirdEye","Protect"],"picked":"JustLucky","floor":6},{"not_picked":["Evaluate","FollowUp"],"picked":"Crescendo","floor":8},{"not_picked":["CutThroughFate","Replay:Anticipation"],"picked":"BowlingBash","floor":12},{"not_picked":["Replay:AtTheReady","InnerPeace"],"picked":"Devotion","floor":14},{"not_picked":["SpiritShield","ConjureBlade"],"picked":"Scrawl","floor":16},{"not_picked":["Replay:BluntJabs","Fasting2"],"picked":"Replay:ManipulateFuture","floor":18},{"not_picked":["Crescendo","CrushJoints"],"picked":"Prostrate","floor":20},{"not_picked":["CarveReality","Halt"],"picked":"Pray+1","floor":24}],"player_experience":261871,"relics_obtained":[{"floor":9,"key":"Potion Belt"}],"event_choices":[{"damage_healed":0,"gold_gain":0,"player_choice":"Ignored","damage_taken":0,"max_hp_gain":0,"max_hp_loss":0,"event_name":"Purifier","floor":10,"gold_loss":0},{"damage_healed":0,"gold_gain":0,"player_choice":"Copied","damage_taken":0,"max_hp_gain":0,"max_hp_loss":0,"event_name":"Duplicator","floor":19,"gold_loss":0,"cards_obtained":["Devotion"]},{"damage_healed":0,"gold_gain":0,"player_choice":"Ignored","damage_taken":0,"max_hp_gain":0,"max_hp_loss":0,"event_name":"Ghosts","floor":21,"gold_loss":0}],"is_beta":false,"boss_relics":[{"not_picked":["ChewingGum","conspire:SlowCooker"],"picked":"hubris:GrandSneckoEye"}],"items_purged_floors":[],"is_endless":false,"potions_floor_spawned":[5,8,12],"killed_by":"Shelled Parasite and Fungi","ascension_level":0}}