{"host":"qy7jow5usmjkdnnq","time":1612389154,"event":{"mods":["BaseMod","Colored Map","Downfall","Minty Spire (QoL Compilation)","Permanent Neow","Relic Stats","StSLib"],"gold_per_floor":[99,110,125,125,143,143,143,143,143,157,57,77,106,118,128,232,232,232,232,232,232,232],"floor_reached":20,"language":"ENG","playtime":1443,"items_purged":[],"score":252,"play_id":"adf499a6-fcd1-4923-8feb-04177d251496","local_time":"20210203225234","is_ascension_mode":true,"campfire_choices":[{"data":"champ:Execute","floor":1,"key":"SMITH"},{"floor":9,"key":"RECALL"},{"data":"champ:GladiatorStyle","floor":11,"key":"SMITH"},{"data":"champ:Devastate","floor":18,"key":"SMITH"}],"circlet_count":0,"master_deck":["champ:Strike+1","champ:Strike","champ:Strike+1","champ:Strike+1","champ:Defend","champ:Defend+1","champ:Defend","champ:Defend","champ:Execute+1","champ:Taunt","champ:Devastate+1","champ:EnGarde+1","champ:GladiatorStyle+1","downfall:Malfunctioning","champ:ShieldSlam","champ:HeavySlash","champ:FlashCut","champ:StanceDance","champ:StanceDance","champ:VampiricStrike","Writhe"],"relics":["champ:ChampionCrown","War Paint","Bottled Lightning","downfall:HeartBlessingRed","Gremlin Horn","champ:PowerArmor","Happy Flower"],"acts_visited":["Exordium","TheCity"],"potions_floor_usage":[10,13,16,16,20],"damage_taken":[{"damage":23,"enemies":"Jaw Worm","floor":2,"turns":4},{"damage":10,"enemies":"2 Louse","floor":3,"turns":3},{"damage":19,"enemies":"Small Slimes","floor":5,"turns":6},{"damage":18,"enemies":"Exordium Wildlife","floor":10,"turns":4},{"damage":13,"enemies":"2 Fungi Beasts","floor":12,"turns":3},{"damage":35,"enemies":"3 Sentries","floor":13,"turns":5},{"damage":10,"enemies":"Exordium Wildlife","floor":14,"turns":4},{"damage":10,"enemies":"Lots of Slimes","floor":15,"turns":4},{"damage":66,"enemies":"WA_ARCHETYPE_RETAIN","floor":16,"turns":9},{"damage":94,"enemies":"WA_ARCHETYPE_RETAIN","floor":20,"turns":9}],"seed_played":"8099390785537309467","potions_obtained":[{"floor":2,"key":"Slimebound:ThreeZeroPotion"},{"floor":3,"key":"LiquidBronze"},{"floor":5,"key":"Slimebound:ThreeZeroPotion"},{"floor":12,"key":"SteroidPotion"},{"floor":15,"key":"DistilledChaos"},{"floor":16,"key":"Ancient Potion"}],"is_trial":false,"path_per_floor":["R","M","M","?","M","?","T","?","R","M","R","M","E","M","M","B",null,"R","?","?"],"character_chosen":"THE_CHAMP","items_purchased":[],"campfire_rested":0,"item_purchase_floors":[],"current_hp_per_floor":[81,78,78,78,69,62,62,90,90,87,87,84,79,79,79,38,77,77,77,0,0,0],"gold":232,"neow_bonus":"ONE_RANDOM_RARE_CARD","is_daily":false,"chose_seed":false,"campfire_upgraded":3,"win_rate":0.0,"timestamp":1612389154,"path_taken":["R","M","M","?","M","?","T","?","R","M","R","?","E","M","M","BOSS","R","?","?"],"items_purchased_type":[],"build_version":"2020-12-22","purchased_purges":0,"victory":false,"max_hp_per_floor":[90,90,90,90,90,90,90,90,90,90,90,90,90,90,90,90,90,90,90,90,90,90],"relic_stats":{"Gremlin Horn":[5,5],"Happy Flower":[3],"counters":[10,51],"War Paint":["champ:Defend","champ:EnGarde"],"obtain_stats":[{"downfall:HeartBlessingRed":11,"Gremlin Horn":13,"Happy Flower":19,"champ:ChampionCrown":0,"Bottled Lightning":7,"War Paint":6,"champ:PowerArmor":17},{"downfall:HeartBlessingRed":4,"Gremlin Horn":6,"Happy Flower":9,"champ:ChampionCrown":0,"Bottled Lightning":3,"War Paint":3,"champ:PowerArmor":9},{"downfall:HeartBlessingRed":17,"Gremlin Horn":25,"Happy Flower":42,"champ:ChampionCrown":0,"Bottled Lightning":13,"War Paint":13,"champ:PowerArmor":42}]},"card_choices":[{"not_picked":["champ:AdrenalArmor","champ:RecklessLeap"],"picked":"champ:EnGarde","floor":2},{"not_picked":["champ:CrownThrow","champ:Circumvent"],"picked":"champ:GladiatorStyle","floor":3},{"not_picked":["champ:CalledShot","champ:ArenaPreparation"],"picked":"champ:ShieldSlam","floor":5},{"not_picked":["champ:Lariat","champ:Haymaker","champ:ViciousMockery"],"picked":"SKIP","floor":10},{"not_picked":["champ:AdrenalArmor","champ:FanOfKnives"],"picked":"champ:HeavySlash","floor":12},{"not_picked":["champ:Haymaker","champ:EnragedBash"],"picked":"champ:FlashCut","floor":13},{"not_picked":["champ:AdrenalArmor","champ:ShieldWall"],"picked":"champ:StanceDance","floor":14},{"not_picked":["champ:DefensiveShout","champ:ShieldSigil"],"picked":"champ:StanceDance","floor":15},{"not_picked":["champ:EnchantSword","champ:MurderStrike"],"picked":"champ:VampiricStrike","floor":16}],"player_experience":715483,"relics_obtained":[{"floor":7,"key":"Bottled Lightning"},{"floor":13,"key":"Gremlin Horn"}],"event_choices":[{"damage_healed":0,"gold_gain":0,"player_choice":"Success","damage_taken":7,"relics_obtained":["War Paint"],"max_hp_gain":0,"max_hp_loss":0,"event_name":"Scrap Ooze","floor":6,"gold_loss":0},{"damage_healed":30,"gold_gain":0,"player_choice":"Banana","damage_taken":0,"max_hp_gain":0,"max_hp_loss":0,"event_name":"Big Fish","floor":8,"gold_loss":0}],"is_beta":false,"boss_relics":[{"not_picked":["Coffee Dripper","Runic Pyramid"],"picked":"champ:PowerArmor"}],"items_purged_floors":[],"is_endless":false,"potions_floor_spawned":[2,3,5,12,15,16],"killed_by":"WA_ARCHETYPE_RETAIN","ascension_level":9}}