{"host":"k85tjwrh7mjrrc9a","time":1612383438,"event":{"mods":["AchievementEnabler","BaseMod","Colored Powertips","Highlight Path","Minty Spire (QoL Compilation)","Rare Cards Sparkle","StSLib"],"gold_per_floor":[114,114,86,97,44,44,72,72,72,85,85,96,115,165,165,240,240,260,260,280,224,224,224,252,252,252,177,177,196,34,84,84,163,213,226,246,261,261,261],"floor_reached":38,"language":"ENG","playtime":1700,"items_purged":["Decay"],"score":745,"play_id":"e01890f5-52f3-42e5-91d8-fc32687869f9","local_time":"20210203151718","is_ascension_mode":true,"campfire_choices":[{"data":"Armaments","floor":6.0,"key":"SMITH"},{"data":"Demon Form","floor":8.0,"key":"SMITH"},{"data":"Body Slam","floor":11.0,"key":"SMITH"},{"data":"Infernal Blade","floor":15.0,"key":"SMITH"},{"data":"Disarm","floor":23.0,"key":"SMITH"},{"data":"Shrug It Off","floor":25.0,"key":"SMITH"},{"floor":32.0,"key":"REST"}],"circlet_count":0,"master_deck":["AscendersBane","Strike_R+1","Strike_R+1","Strike_R+1","Strike_R","Defend_R","Defend_R","Defend_R","Defend_R","Bash","Body Slam+1","Armaments+1","Headbutt","Demon Form+1","Rampage","Cleave","Infernal Blade+1","Offering","Pommel Strike+1","Disarm+1","Shrug It Off+1","Writhe","Warcry+1","Warcry+1"],"relics":["Burning Blood","Blood Vial","Akabeko","Vajra","Lantern","Cursed Key","Ancient Tea Set","Whetstone","MealTicket","Nunchaku","Tiny House"],"acts_visited":["Exordium","TheCity","TheBeyond"],"potions_floor_usage":[],"damage_taken":[{"damage":15.0,"enemies":"Small Slimes","floor":1.0,"turns":4.0},{"damage":6.0,"enemies":"Cultist","floor":4.0,"turns":3.0},{"damage":31.0,"enemies":"Gremlin Nob","floor":7.0,"turns":4.0},{"damage":2.0,"enemies":"2 Louse","floor":10.0,"turns":3.0},{"damage":14.0,"enemies":"Red Slaver","floor":12.0,"turns":3.0},{"damage":8.0,"enemies":"3 Louse","floor":13.0,"turns":2.0},{"damage":52.0,"enemies":"Hexaghost","floor":16.0,"turns":8.0},{"damage":12.0,"enemies":"Chosen","floor":18.0,"turns":3.0},{"damage":6.0,"enemies":"Spheric Guardian","floor":20.0,"turns":3.0},{"damage":26.0,"enemies":"Slavers","floor":24.0,"turns":6.0},{"damage":38.0,"enemies":"Snake Plant","floor":29.0,"turns":3.0},{"damage":59.0,"enemies":"Collector","floor":33.0,"turns":9.0},{"damage":0.0,"enemies":"3 Shapes","floor":35.0,"turns":3.0},{"damage":9.0,"enemies":"Orb Walker","floor":36.0,"turns":3.0},{"damage":26.0,"enemies":"Transient","floor":37.0,"turns":6.0},{"damage":68,"enemies":"Writhing Mass","floor":38,"turns":7}],"seed_played":"2080272870809396650","potions_obtained":[{"floor":1.0,"key":"Regen Potion"},{"floor":13.0,"key":"EntropicBrew"},{"floor":16.0,"key":"PowerPotion"},{"floor":29.0,"key":"EntropicBrew"},{"floor":33.0,"key":"DistilledChaos"},{"floor":34.0,"key":"Weak Potion"},{"floor":37.0,"key":"SpeedPotion"}],"is_trial":false,"path_per_floor":["M","?","$","M","?","R","E","R","T","M","R","M","M","?","R","B",null,"M","$","M","$","T","R","E","R","T","$","?","M","$","?","R","B",null,"M","M","M","M"],"character_chosen":"IRONCLAD","items_purchased":["Armaments","Shrug It Off","Nunchaku"],"campfire_rested":1,"item_purchase_floors":[3,21,30],"current_hp_per_floor":[61,61,61,63,63,63,40,40,40,46,46,40,40,40,40,11,59,55,55,57,57,57,57,39,39,39,54,54,24,39,39,61,10,64,72,71,53,0,0],"gold":261,"neow_bonus":"RANDOM_COMMON_RELIC","is_daily":false,"chose_seed":false,"campfire_upgraded":6,"win_rate":0.0,"timestamp":1612383438,"path_taken":["M","?","?","M","?","R","E","R","T","?","R","M","M","?","R","BOSS","M","$","?","$","?","R","E","R","T","?","?","?","$","?","R","BOSS","M","M","M","M"],"items_purchased_type":["Card","Card","Relic"],"build_version":"2020-12-22","purchased_purges":1,"victory":false,"max_hp_per_floor":[75,75,75,75,75,75,75,75,75,75,75,75,75,75,75,75,75,75,75,75,75,75,75,75,75,75,75,75,75,75,75,75,75,80,80,80,80,80,80],"card_choices":[{"not_picked":["Dark Embrace","Sword Boomerang"],"picked":"Body Slam","floor":1.0},{"not_picked":["Disarm","Twin Strike"],"picked":"Headbutt","floor":4.0},{"not_picked":["Fire Breathing","Cleave"],"picked":"Demon Form","floor":7.0},{"not_picked":["Entrench","True Grit"],"picked":"Rampage","floor":10.0},{"not_picked":["Warcry","Wild Strike"],"picked":"Cleave","floor":12.0},{"not_picked":["Flex","Reckless Charge"],"picked":"Infernal Blade","floor":13.0},{"not_picked":["Bludgeon","Feed"],"picked":"Offering","floor":16.0},{"not_picked":["Warcry","Twin Strike"],"picked":"Pommel Strike+1","floor":18.0},{"not_picked":["Sentinel","Rupture"],"picked":"Disarm","floor":20.0},{"not_picked":["Twin Strike","Havoc","Brutality"],"picked":"SKIP","floor":24.0},{"not_picked":["Sever Soul","Headbutt","Pommel Strike"],"picked":"SKIP","floor":29.0},{"not_picked":["Sever Soul","Headbutt","Pommel Strike"],"picked":"SKIP","floor":29.0},{"not_picked":["Flex","Clash"],"picked":"Warcry+1","floor":34.0},{"not_picked":["Feel No Pain+1","Body Slam+1","Headbutt"],"picked":"SKIP","floor":35.0},{"not_picked":["Disarm","Thunderclap"],"picked":"Warcry+1","floor":36.0},{"not_picked":["Clash+1","Immolate","Iron Wave"],"picked":"SKIP","floor":37.0}],"player_experience":249762,"relics_obtained":[{"floor":7.0,"key":"Vajra"},{"floor":9.0,"key":"Lantern"},{"floor":22.0,"key":"Ancient Tea Set"},{"floor":24.0,"key":"Whetstone"},{"floor":26.0,"key":"MealTicket"}],"event_choices":[{"cards_removed":["Strike_R"],"damage_healed":0.0,"max_hp_gain":0.0,"max_hp_loss":0.0,"gold_gain":0.0,"event_name":"Purifier","player_choice":"Purged","floor":2.0,"gold_loss":0.0,"damage_taken":0.0},{"damage_healed":0.0,"max_hp_gain":0.0,"max_hp_loss":0.0,"gold_gain":0.0,"event_name":"WeMeetAgain","player_choice":"Paid Gold","floor":5.0,"gold_loss":53.0,"damage_taken":0.0,"relics_obtained":["Akabeko"]},{"damage_healed":0.0,"max_hp_gain":0.0,"max_hp_loss":0.0,"gold_gain":50.0,"event_name":"Golden Shrine","player_choice":"Pray","floor":14.0,"gold_loss":0.0,"damage_taken":0.0},{"damage_healed":0.0,"max_hp_gain":0.0,"max_hp_loss":0.0,"gold_gain":0.0,"event_name":"Transmorgrifier","player_choice":"Ignored","floor":28.0,"gold_loss":0.0,"damage_taken":0.0},{"damage_healed":0.0,"max_hp_gain":0.0,"max_hp_loss":0.0,"gold_gain":50.0,"event_name":"Nest","player_choice":"Stole From Cult","floor":31.0,"gold_loss":0.0,"damage_taken":0.0}],"is_beta":false,"boss_relics":[{"not_picked":["Calling Bell","Runic Cube"],"picked":"Cursed Key"},{"not_picked":["Runic Pyramid","Black Star"],"picked":"Tiny House"}],"items_purged_floors":[27],"is_endless":false,"potions_floor_spawned":[1,13,16,20,29,33,37],"killed_by":"Writhing Mass","ascension_level":18}}