{"host":"dw8ij7emqco3quom","time":1612379572,"event":{"mods":["BaseMod","Minty Spire (QoL Compilation)"],"gold_per_floor":[109,109,119,135,135,135,146,146,171,171,184,184,208,220,220,316,316,331,331,331,331,331,331,361,361,415,415,91,4,37,56,56,159,159,175,186,186,199,209,209,209],"floor_reached":40,"language":"FRA","playtime":2669,"items_purged":["Strike_P"],"score":483,"play_id":"73901bdd-1a9c-41f4-9c8a-5d25ee6c305c","local_time":"20210203201252","is_ascension_mode":true,"campfire_choices":[{"data":"Eruption","floor":6.0,"key":"SMITH"},{"data":"Vigilance","floor":8.0,"key":"SMITH"},{"floor":15.0,"key":"RECALL"},{"floor":23.0,"key":"REST"},{"floor":25.0,"key":"REST"},{"floor":32.0,"key":"REST"}],"circlet_count":0,"master_deck":["Eruption+1","Vigilance+1","EmptyBody","Sanctity","FlurryOfBlows","FlurryOfBlows","Nirvana","ClearTheMind","ReachHeaven","Judgement","TalkToTheHand","Writhe","Wireheading","FollowUp","EmptyFist+1","WheelKick","Protect","FollowUp+1","Indignation+1","ConjureBlade","Indignation","Wallop","JustLucky","SandsOfTime","Nirvana","DeceiveReality+1","FearNoEvil","Evaluate+1"],"relics":["HolyWater","Blood Vial","Odd Mushroom","PreservedInsect","Nilry\u0027s Codex","Oddly Smooth Stone","Whetstone","Calipers","Pandora\u0027s Box"],"acts_visited":["Exordium","TheCity","TheBeyond"],"potions_floor_usage":[],"damage_taken":[{"damage":6.0,"enemies":"Jaw Worm","floor":1.0,"turns":4.0},{"damage":0.0,"enemies":"2 Louse","floor":3.0,"turns":3.0},{"damage":0.0,"enemies":"Cultist","floor":4.0,"turns":2.0},{"damage":0.0,"enemies":"2 Fungi Beasts","floor":7.0,"turns":2.0},{"damage":2.0,"enemies":"Exordium Wildlife","floor":11.0,"turns":2.0},{"damage":19.0,"enemies":"The Mushroom Lair","floor":13.0,"turns":4.0},{"damage":2.0,"enemies":"Blue Slaver","floor":14.0,"turns":3.0},{"damage":51.0,"enemies":"The Guardian","floor":16.0,"turns":10.0},{"damage":0.0,"enemies":"Chosen","floor":18.0,"turns":3.0},{"damage":21.0,"enemies":"Gremlin Leader","floor":24.0,"turns":6.0},{"damage":0.0,"enemies":"Shell Parasite","floor":27.0,"turns":1.0},{"damage":17.0,"enemies":"Slavers","floor":30.0,"turns":4.0},{"damage":17.0,"enemies":"Shelled Parasite and Fungi","floor":31.0,"turns":4.0},{"damage":54.0,"enemies":"Champ","floor":33.0,"turns":10.0},{"damage":54.0,"enemies":"3 Darklings","floor":35.0,"turns":6.0},{"damage":0.0,"enemies":"Orb Walker","floor":36.0,"turns":4.0},{"damage":5.0,"enemies":"Jaw Worm Horde","floor":38.0,"turns":4.0},{"damage":32.0,"enemies":"Transient","floor":39.0,"turns":5.0},{"damage":26,"enemies":"Giant Head","floor":40,"turns":5}],"seed_played":"8614886430066424491","potions_obtained":[{"floor":3.0,"key":"SpeedPotion"},{"floor":4.0,"key":"StancePotion"},{"floor":7.0,"key":"SmokeBomb"},{"floor":18.0,"key":"ColorlessPotion"},{"floor":37.0,"key":"SteroidPotion"},{"floor":37.0,"key":"SteroidPotion"},{"floor":37.0,"key":"Swift Potion"},{"floor":39.0,"key":"Energy Potion"}],"is_trial":false,"path_per_floor":["M","$","M","M","?","R","M","R","T","?","M","?","?","M","R","B",null,"M","?","?","?","?","R","E","R","T","M","$","$","E","M","R","B",null,"M","M","?","M","M","E"],"character_chosen":"WATCHER","items_purchased":["FollowUp","EmptyFist","Whetstone","WheelKick","Protect"],"campfire_rested":3,"item_purchase_floors":[28,28,28,29,29],"current_hp_per_floor":[73,73,73,73,78,78,78,78,78,78,78,78,61,61,61,12,84,84,84,68,68,52,78,59,85,85,87,87,87,72,57,83,31,89,35,37,37,34,4,0,0],"gold":209,"neow_bonus":"TEN_PERCENT_HP_BONUS","is_daily":false,"chose_seed":false,"campfire_upgraded":2,"win_rate":0.0,"timestamp":1612379572,"path_taken":["M","$","M","M","?","R","M","R","T","?","?","?","?","?","R","BOSS","M","?","?","?","?","R","E","R","T","M","?","$","E","M","R","BOSS","M","M","?","M","?","E"],"items_purchased_type":["Card","Card","Relic","Card","Card"],"build_version":"2020-12-22","purchased_purges":1,"victory":false,"max_hp_per_floor":[79,79,79,79,84,84,84,84,84,84,84,84,84,84,84,84,84,84,84,89,89,89,89,89,89,89,89,89,89,89,89,89,89,89,89,89,89,89,89,89,89],"card_choices":[{"not_picked":["SashWhip","EmptyMind"],"picked":"EmptyBody","floor":1.0},{"not_picked":["EmptyBody","BowlingBash"],"picked":"Sanctity","floor":3.0},{"not_picked":["Vengeance","Swivel","FlyingSleeves"],"picked":"SKIP","floor":4.0},{"not_picked":["Consecrate","CrushJoints"],"picked":"FlurryOfBlows","floor":7.0},{"not_picked":["EmptyBody","Halt"],"picked":"FlurryOfBlows","floor":11.0},{"not_picked":["PathToVictory","Study"],"picked":"ClearTheMind","floor":13.0},{"not_picked":["MentalFortress","Consecrate"],"picked":"ReachHeaven","floor":14.0},{"not_picked":["Devotion","Blasphemy"],"picked":"Judgement","floor":16.0},{"not_picked":["JustLucky","WreathOfFlame"],"picked":"TalkToTheHand","floor":18.0},{"not_picked":["WindmillStrike+1","Crescendo"],"picked":"Wireheading","floor":24.0},{"not_picked":["FlurryOfBlows","InnerPeace+1"],"picked":"FollowUp+1","floor":30.0},{"not_picked":["Adaptation","FlyingSleeves+1"],"picked":"Indignation+1","floor":31.0},{"not_picked":["Omniscience","Ragnarok"],"picked":"ConjureBlade","floor":33.0},{"not_picked":["EmptyFist","Weave"],"picked":"DeceiveReality+1","floor":35.0},{"not_picked":["Wallop","CrushJoints"],"picked":"FearNoEvil","floor":36.0},{"not_picked":["JustLucky","Wallop","InnerPeace"],"picked":"SKIP","floor":38.0},{"not_picked":["FlurryOfBlows+1","CutThroughFate"],"picked":"Evaluate+1","floor":39.0}],"player_experience":696094,"relics_obtained":[{"floor":9.0,"key":"Blood Vial"},{"floor":13.0,"key":"Odd Mushroom"},{"floor":22.0,"key":"Nilry\u0027s Codex"},{"floor":24.0,"key":"Oddly Smooth Stone"},{"floor":30.0,"key":"Calipers"}],"event_choices":[{"damage_healed":0.0,"max_hp_gain":5.0,"max_hp_loss":0.0,"gold_gain":0.0,"event_name":"Big Fish","player_choice":"Donut","floor":5.0,"gold_loss":0.0,"damage_taken":0.0},{"cards_removed":["Defend_P"],"damage_healed":0.0,"max_hp_gain":0.0,"max_hp_loss":0.0,"gold_gain":0.0,"event_name":"Purifier","player_choice":"Purged","floor":10.0,"gold_loss":0.0,"damage_taken":0.0},{"damage_healed":0.0,"max_hp_gain":0.0,"max_hp_loss":0.0,"gold_gain":0.0,"cards_transformed":["Defend_P"],"event_name":"Living Wall","player_choice":"Change","floor":12.0,"gold_loss":0.0,"damage_taken":0.0,"cards_obtained":["Nirvana"]},{"damage_healed":0.0,"max_hp_gain":0.0,"max_hp_loss":0.0,"gold_gain":0.0,"event_name":"Mushrooms","player_choice":"Fought Mushrooms","floor":13.0,"gold_loss":0.0,"damage_taken":0.0},{"damage_healed":0.0,"max_hp_gain":0.0,"max_hp_loss":0.0,"gold_gain":0.0,"event_name":"The Mausoleum","player_choice":"Opened","floor":19.0,"gold_loss":0.0,"damage_taken":0.0,"relics_obtained":["PreservedInsect"],"cards_obtained":["Writhe"]},{"damage_healed":0.0,"max_hp_gain":5.0,"max_hp_loss":0.0,"gold_gain":0.0,"event_name":"Forgotten Altar","player_choice":"Shed Blood","floor":20.0,"gold_loss":0.0,"damage_taken":21.0},{"damage_healed":0.0,"max_hp_gain":0.0,"max_hp_loss":0.0,"gold_gain":0.0,"event_name":"Beggar","player_choice":"Ignored","floor":21.0,"gold_loss":0.0,"damage_taken":0.0},{"damage_healed":0.0,"max_hp_gain":0.0,"max_hp_loss":0.0,"gold_gain":0.0,"event_name":"Cursed Tome","player_choice":"Obtained Book","floor":22.0,"gold_loss":0.0,"damage_taken":16.0},{"damage_healed":0.0,"max_hp_gain":0.0,"max_hp_loss":0.0,"gold_gain":0.0,"event_name":"Lab","player_choice":"Got Potions","floor":37.0,"gold_loss":0.0,"damage_taken":0.0}],"is_beta":false,"boss_relics":[{"not_picked":["Calling Bell","Black Star"],"picked":"HolyWater"},{"not_picked":["SlaversCollar","Runic Dome"],"picked":"Pandora\u0027s Box"}],"items_purged_floors":[28],"is_endless":false,"potions_floor_spawned":[3,4,7,18,27,39],"killed_by":"Giant Head","ascension_level":2}}