{"host":"r4aerl4ckfvw1dw3","time":1612369350,"event":{"mods":["BaseMod","BetterRewards","Minty Spire (QoL Compilation)","Quick Restart","StSLib"],"gold_per_floor":[116,129,147,2,18,18,37,37,110,129,149,149,37,55,55,55,55],"floor_reached":16,"language":"ENG","playtime":649,"items_purged":[],"score":115,"play_id":"a21f5aaf-a9a1-49c4-a3ab-1c9df0a1267d","local_time":"20210203082230","is_ascension_mode":true,"campfire_choices":[{"floor":6,"key":"RECALL"},{"floor":12,"key":"REST"},{"data":"Whirlwind","floor":15,"key":"SMITH"}],"circlet_count":0,"master_deck":["Strike_R","Strike_R","Strike_R","Strike_R","Strike_R","Defend_R","Defend_R","Defend_R","Defend_R","Bash","Thunderclap","Feed","Armaments","Heavy Blade","Cleave","Armaments","Warcry","Rampage","Whirlwind+1","Twin Strike"],"relics":["Burning Blood","Medical Kit","NlothsMask"],"acts_visited":["Exordium"],"potions_floor_usage":[11,16,16,16],"damage_taken":[{"damage":8,"enemies":"2 Louse","floor":1,"turns":4},{"damage":1,"enemies":"Cultist","floor":2,"turns":3},{"damage":3,"enemies":"Jaw Worm","floor":3,"turns":5},{"damage":41,"enemies":"Exordium Thugs","floor":5,"turns":6},{"damage":11,"enemies":"Large Slime","floor":7,"turns":6},{"damage":12,"enemies":"Looter","floor":10,"turns":3},{"damage":11,"enemies":"Exordium Wildlife","floor":11,"turns":4},{"damage":12,"enemies":"Large Slime","floor":14,"turns":5},{"damage":84,"enemies":"Slime Boss","floor":16,"turns":8}],"seed_played":"-8175314791510915348","potions_obtained":[{"floor":2,"key":"Ancient Potion"},{"floor":5,"key":"LiquidBronze"},{"floor":7,"key":"FearPotion"},{"floor":11,"key":"BloodPotion"}],"is_trial":false,"path_per_floor":["M","M","M","$","M","R","M","?","T","M","M","R","$","M","R","B"],"character_chosen":"IRONCLAD","items_purchased":["Medical Kit","Rampage","Whirlwind"],"campfire_rested":1,"item_purchase_floors":[4,13,13],"current_hp_per_floor":[86,88,91,91,56,56,54,54,54,48,43,71,71,65,65,0,0],"gold":55,"neow_bonus":"TEN_PERCENT_HP_BONUS","is_daily":false,"chose_seed":false,"campfire_upgraded":1,"win_rate":0.0,"timestamp":1612369350,"path_taken":["M","M","M","$","M","R","M","?","T","M","M","R","$","M","R","BOSS"],"items_purchased_type":["Relic","Card","Card"],"build_version":"2020-12-22","purchased_purges":0,"victory":false,"max_hp_per_floor":[88,88,91,91,91,91,94,94,94,94,94,94,94,94,94,94,94],"card_choices":[{"not_picked":["Shrug It Off","Heavy Blade"],"picked":"Thunderclap","floor":1},{"not_picked":["Anger","Intimidate"],"picked":"Feed","floor":2},{"not_picked":["Evolve","Pommel Strike"],"picked":"Armaments","floor":3},{"not_picked":["Perfected Strike","Clothesline"],"picked":"Heavy Blade","floor":5},{"not_picked":["Perfected Strike","Headbutt"],"picked":"Cleave","floor":7},{"not_picked":["Feel No Pain","Sword Boomerang"],"picked":"Armaments","floor":10},{"not_picked":["Fiend Fire","Havoc"],"picked":"Warcry","floor":11},{"not_picked":["Feel No Pain","Armaments"],"picked":"Twin Strike","floor":14}],"player_experience":472047,"relics_obtained":[],"event_choices":[{"damage_healed":0,"gold_gain":0,"player_choice":"Trade","damage_taken":0,"relics_obtained":["NlothsMask"],"max_hp_gain":0,"max_hp_loss":0,"event_name":"FaceTrader","floor":8,"gold_loss":0}],"is_beta":false,"boss_relics":[],"items_purged_floors":[],"is_endless":false,"potions_floor_spawned":[2,5,7,11],"killed_by":"Slime Boss","ascension_level":4}}