{"host":"y1oqg7uy0jc6f5mb","time":1612335644,"event":{"mods":["AchievementEnabler","BaseMod","Better Altar","Better Match","Better Note","Better Sensory Stone","Better Skull","Better Third Choice","Colored Map","Colored Powertips","Downfall","Highlight Path","Ironclad Rager","Minty Spire (QoL Compilation)","Permanent Neow","Quick Restart","Relic Stats","Replay The Spire","Shop Mod","StSLib"],"gold_per_floor":[117,133,145,145,115,115,141,141,141,153,169,184,184,184,184,40,40,136,136,147,158,158,22,37,70,90,90,117,117,57,74,87,48,48,48,48],"floor_reached":35,"language":"ENG","playtime":2281,"items_purged":["Strike_R","Strike_R"],"score":432,"play_id":"829edd17-b409-4f64-bebb-405555524a8a","local_time":"20210203150044","is_ascension_mode":true,"campfire_choices":[{"data":"ReplayTheSpireMod:Muscle Training","floor":6.0,"key":"SMITH"},{"floor":8.0,"key":"REST"},{"floor":17.0,"key":"REST"},{"floor":27.0,"key":"REST"},{"data":"Disarm","floor":29.0,"key":"SMITH"},{"data":"Demonic Infusion","floor":34,"key":"SMITH"}],"circlet_count":0,"master_deck":["AscendersBane","Strike_R","Defend_R","Defend_R","Defend_R","Defend_R","Bash","ReplayTheSpireMod:Muscle Training+1","Heavy Blade","ReplayTheSpireMod:LeadingStrike+1","Whirlwind","Shockwave","Offering","Spot Weakness+1","Demonic Infusion+1","Run Through+1","Battle Trance+1","ReplayTheSpireMod:Corrosion Curse","Ghostly Armor","Disarm+1","Bludgeon","Reckless Charge","Shrug It Off","Fire Breathing+1","Flex+1","Inflame"],"relics":["Burning Blood","CaptainsWheel","Eternal Feather","Sozu","Pear","Centennial Puzzle"],"acts_visited":["Exordium","TheCity"],"potions_floor_usage":[],"damage_taken":[{"damage":5.0,"enemies":"Jaw Worm","floor":1.0,"turns":5.0},{"damage":14.0,"enemies":"2 Louse","floor":2.0,"turns":3.0},{"damage":12.0,"enemies":"Cultist","floor":3.0,"turns":5.0},{"damage":27.0,"enemies":"3 Sentries","floor":7.0,"turns":6.0},{"damage":14.0,"enemies":"Blue Slaver","floor":10.0,"turns":5.0},{"damage":25.0,"enemies":"Lots of Slimes","floor":11.0,"turns":4.0},{"damage":5.0,"enemies":"Looter","floor":12.0,"turns":4.0},{"damage":18.0,"enemies":"Hexaghost","floor":18.0,"turns":8.0},{"damage":9.0,"enemies":"Chosen","floor":20.0,"turns":3.0},{"damage":10.0,"enemies":"3 Byrds","floor":21.0,"turns":4.0},{"damage":15.0,"enemies":"Cultist and Chosen","floor":24.0,"turns":5.0},{"damage":47.0,"enemies":"Replay:Snechameleon","floor":25.0,"turns":10.0},{"damage":21.0,"enemies":"Snake Plant","floor":26.0,"turns":3.0},{"damage":23,"enemies":"Shelled Parasite and Fungi","floor":31,"turns":5},{"damage":6,"enemies":"Cultist and Chosen","floor":32,"turns":4},{"damage":94,"enemies":"Automaton","floor":35,"turns":6}],"seed_played":"-8364158348326790623","potions_obtained":[{"floor":0.0,"key":"Ancient Potion"},{"floor":0.0,"key":"Doom Potion"},{"floor":0.0,"key":"Elixir"},{"floor":2.0,"key":"Flashbang"},{"floor":5.0,"key":"CultistPotion"},{"floor":12.0,"key":"Dexterity Potion"}],"is_trial":false,"path_per_floor":["M","M","M","?","?","R","E","R","T","M","M","M","?","PTL","PTL","$","R","B",null,"M","M","?","$","M","E","M","R","T","R","?","M","M","$","R","B"],"character_chosen":"IRONCLAD","items_purchased":["Spot Weakness","ReplayTheSpireMod:Corrosion Curse","Inflame"],"campfire_rested":3,"item_purchase_floors":[16,23,33],"current_hp_per_floor":[73,65,59,59,59,59,38,62,62,54,35,36,36,36,36,36,69,57,74,71,67,67,67,58,27,12,51,51,63,63,46,46,46,61,0,0],"gold":48,"neow_bonus":"THREE_SMALL_POTIONS","is_daily":false,"chose_seed":false,"campfire_upgraded":3,"win_rate":0.0,"timestamp":1612335644,"path_taken":["M","M","M","?","?","R","E","R","T","M","?","M","?","PTL","PTL","$","R","BOSS","M","M","?","$","?","E","M","R","T","R","?","?","M","$","R","BOSS"],"items_purchased_type":["Card","Card","Card"],"build_version":"2020-12-22","purchased_purges":2,"victory":false,"max_hp_per_floor":[80,80,80,80,80,80,80,80,80,80,80,80,80,80,80,80,80,80,80,80,80,80,80,80,90,90,90,90,90,90,90,90,90,90,90,90],"relic_stats":{"Sozu":2,"Centennial Puzzle":[9],"counters":[16,80],"Eternal Feather":48,"obtain_stats":[{"Sozu":19,"CaptainsWheel":7,"Centennial Puzzle":28,"Pear":25,"Eternal Feather":9,"Burning Blood":0},{"Sozu":8,"CaptainsWheel":4,"Centennial Puzzle":13,"Pear":12,"Eternal Feather":4,"Burning Blood":0},{"Sozu":40,"CaptainsWheel":19,"Centennial Puzzle":65,"Pear":62,"Eternal Feather":19,"Burning Blood":0}],"Burning Blood":90},"card_choices":[{"not_picked":["Run Through","Intimidate"],"picked":"ReplayTheSpireMod:Muscle Training","floor":1.0},{"not_picked":["Carnage","Anger"],"picked":"Heavy Blade","floor":2.0},{"not_picked":["Searing Blow","Brutality"],"picked":"ReplayTheSpireMod:LeadingStrike","floor":3.0},{"not_picked":["Pommel Strike","Wild Strike"],"picked":"Whirlwind","floor":7.0},{"not_picked":["ReplayTheSpireMod:Strike From Hell","Warcry"],"picked":"Shockwave","floor":10.0},{"not_picked":["Rampage","Seeing Red"],"picked":"Offering","floor":11.0},{"not_picked":["ReplayTheSpireMod:Strike From Hell","Havoc","Warcry"],"picked":"SKIP","floor":12.0},{"not_picked":["Bludgeon","Eclipse"],"picked":"Demonic Infusion","floor":18.0},{"not_picked":["Twin Strike+1","Sever Soul"],"picked":"Run Through+1","floor":20.0},{"not_picked":["Perfected Strike","Clothesline+1"],"picked":"Battle Trance+1","floor":21.0},{"not_picked":["Warcry","Body Slam"],"picked":"Ghostly Armor","floor":24.0},{"not_picked":["Clash","Anger"],"picked":"Disarm","floor":25.0},{"not_picked":["ReplayTheSpireMod:Muscle Training","Clash"],"picked":"Bludgeon","floor":26.0},{"not_picked":["ReplayTheSpireMod:Strike From Hell+1","Infernal Blade"],"picked":"Fire Breathing+1","floor":31},{"not_picked":["Shrug It Off","Rupture"],"picked":"Flex+1","floor":32}],"player_experience":340278,"relics_obtained":[{"floor":7.0,"key":"CaptainsWheel"},{"floor":9.0,"key":"Eternal Feather"},{"floor":25.0,"key":"Pear"},{"floor":28.0,"key":"Centennial Puzzle"}],"event_choices":[{"damage_healed":0.0,"max_hp_gain":0.0,"max_hp_loss":0.0,"gold_gain":0.0,"event_name":"The Woman in Blue","player_choice":"Bought 2 Potions","floor":5.0,"gold_loss":0.0,"damage_taken":0.0},{"damage_healed":0.0,"max_hp_gain":0.0,"max_hp_loss":0.0,"gold_gain":0.0,"event_name":"Living Wall","player_choice":"Grow","floor":13.0,"gold_loss":0.0,"damage_taken":0.0,"cards_upgraded":["ReplayTheSpireMod:LeadingStrike"]},{"damage_healed":0.0,"max_hp_gain":0.0,"max_hp_loss":0.0,"gold_gain":0.0,"event_name":"Upgrade Shrine","player_choice":"Upgraded","floor":22.0,"gold_loss":0.0,"damage_taken":0.0,"cards_upgraded":["Spot Weakness"]},{"damage_healed":0.0,"max_hp_gain":0.0,"max_hp_loss":0.0,"gold_gain":0.0,"cards_transformed":["Strike_R","Strike_R"],"event_name":"Designer","player_choice":"Transformed Cards","floor":30.0,"gold_loss":60.0,"damage_taken":0.0,"cards_obtained":["Reckless Charge","Shrug It Off"]}],"is_beta":false,"boss_relics":[{"not_picked":["SlaversCollar","Honey Jar"],"picked":"Sozu"}],"items_purged_floors":[16,23],"is_endless":false,"potions_floor_spawned":[2,3,12,25,26],"killed_by":"Automaton","ascension_level":11}}