{"host":"mnpd8gh7cwxsn5kh","time":1612377285,"event":{"mods":["BaseMod","Bestiary","Block Reminder","Colored Map","Colored Powertips","Highlight Path","Minty Spire (QoL Compilation)","Relic Sorter","Relic Stats"],"gold_per_floor":[368,368,385,396,414,448,69,88,88,98,125,125,125,158,158,258,258,273,286,46,46,46,74,84,115,138,164,178,192,212,312,312,412,412,429,429,446,9,29,61,61,77,77,77,77,90,109,6,6,6],"floor_reached":51,"language":"ENG","playtime":6749,"items_purged":["Strike_P"],"score":1305,"play_id":"d2a8bb8e-1a0a-4a23-9c44-81abbd8471fd","local_time":"20210203193445","is_ascension_mode":true,"campfire_choices":[{"data":"Eruption","floor":13,"key":"SMITH"},{"data":"1","floor":15,"key":"LIFT"},{"data":"2","floor":32,"key":"LIFT"},{"data":"3","floor":41,"key":"LIFT"},{"floor":45,"key":"REST"},{"floor":49,"key":"REST"}],"circlet_count":0,"master_deck":["Strike_P","Strike_P","Defend_P","Defend_P","Eruption+1","Vigilance","CutThroughFate","Wireheading","Judgement+1","BattleHymn","ClearTheMind","CutThroughFate","Meditate","Protect","EmptyFist","Ragnarok","ThirdEye","SpiritShield","Blasphemy","CutThroughFate+1","FlurryOfBlows+1","Nirvana+1","Tantrum+1","EmptyMind+1","Vault","Evaluate+1","Evaluate+1","Protect","Wallop+1","Establishment","BowlingBash+1","Protect+1","LessonLearned","ConjureBlade+1","Omniscience+1","TalkToTheHand+1","Parasite","Crescendo+1","CutThroughFate+1","EmptyMind+1","FearNoEvil+1","TalkToTheHand"],"relics":["PureWater","Girya","FossilizedHelix","Prayer Wheel","CaptainsWheel","The Courier","TungstenRod","Philosopher\u0027s Stone","Torii","Pen Nib","Happy Flower","Bag of Marbles","Potion Belt","Du-Vu Doll","Toxic Egg 2","Empty Cage","Chemical X","Anchor","Whetstone","CloakClasp"],"acts_visited":["Exordium","TheCity","TheBeyond"],"potions_floor_usage":[10,14,16,23,30,31,33,42,50,50,50],"damage_taken":[{"damage":2,"enemies":"2 Louse","floor":1,"turns":4},{"damage":0,"enemies":"Cultist","floor":3,"turns":4},{"damage":3,"enemies":"Small Slimes","floor":4,"turns":3},{"damage":7,"enemies":"Gremlin Gang","floor":5,"turns":4},{"damage":16,"enemies":"Gremlin Nob","floor":6,"turns":3},{"damage":0,"enemies":"2 Fungi Beasts","floor":8,"turns":3},{"damage":0,"enemies":"Exordium Wildlife","floor":10,"turns":3},{"damage":0,"enemies":"Lagavulin","floor":11,"turns":4},{"damage":0,"enemies":"3 Sentries","floor":14,"turns":5},{"damage":0,"enemies":"The Guardian","floor":16,"turns":9},{"damage":0,"enemies":"Chosen","floor":18,"turns":2},{"damage":3,"enemies":"Shell Parasite","floor":19,"turns":3},{"damage":10,"enemies":"Book of Stabbing","floor":23,"turns":3},{"damage":0,"enemies":"Snecko","floor":24,"turns":4},{"damage":16,"enemies":"Slavers","floor":25,"turns":3},{"damage":0,"enemies":"Book of Stabbing","floor":27,"turns":4},{"damage":0,"enemies":"Shelled Parasite and Fungi","floor":28,"turns":3},{"damage":0,"enemies":"Centurion and Healer","floor":29,"turns":3},{"damage":0,"enemies":"Sentry and Sphere","floor":30,"turns":3},{"damage":0,"enemies":"Colosseum Slavers","floor":31,"turns":5},{"damage":0,"enemies":"Colosseum Nobs","floor":31,"turns":2},{"damage":0,"enemies":"Collector","floor":33,"turns":6},{"damage":0,"enemies":"3 Shapes","floor":35,"turns":3},{"damage":0,"enemies":"Orb Walker","floor":37,"turns":5},{"damage":0,"enemies":"Transient","floor":39,"turns":6},{"damage":0,"enemies":"Giant Head","floor":40,"turns":6},{"damage":50,"enemies":"Writhing Mass","floor":42,"turns":7},{"damage":0,"enemies":"Sphere and 2 Shapes","floor":46,"turns":3},{"damage":0,"enemies":"3 Darklings","floor":47,"turns":3},{"damage":10,"enemies":"Awakened One","floor":50,"turns":10}],"seed_played":"2120651641199339820","potions_obtained":[{"floor":1,"key":"Regen Potion"},{"floor":8,"key":"Explosive Potion"},{"floor":10,"key":"ColorlessPotion"},{"floor":11,"key":"BlessingOfTheForge"},{"floor":19,"key":"Weak Potion"},{"floor":25,"key":"GamblersBrew"},{"floor":27,"key":"PowerPotion"},{"floor":29,"key":"Dexterity Potion"},{"floor":31,"key":"GamblersBrew"},{"floor":46,"key":"Dexterity Potion"},{"floor":47,"key":"Dexterity Potion"}],"is_trial":false,"path_per_floor":["M","?","M","M","M","E","$","M","T","M","E","?","R","E","R","B",null,"M","M","$","?","?","E","M","E","T","E","M","M","M","?","R","B",null,"M","?","M","$","M","E","R","M","T","?","R","M","M","$","R","B",null],"character_chosen":"WATCHER","items_purchased":["FossilizedHelix","Protect","EmptyFist","Torii","Chemical X","Anchor","ConjureBlade+1","TalkToTheHand","Energy Potion"],"campfire_rested":2,"item_purchase_floors":[7,7,7,20,38,38,38,48,48],"current_hp_per_floor":[63,63,63,60,53,37,37,37,37,46,46,46,46,46,46,46,60,60,57,57,57,57,47,47,31,31,31,31,31,31,31,31,31,57,57,57,57,57,57,57,57,7,7,7,26,26,26,26,45,35],"gold":6,"neow_bonus":"TWO_FIFTY_GOLD","is_daily":false,"chose_seed":false,"campfire_upgraded":1,"win_rate":0.0,"timestamp":1612377285,"path_taken":["M","?","M","M","?","E","$","M","T","M","E","?","R","E","R","BOSS","M","?","$","?","?","E","M","E","T","E","M","?","M","?","R","BOSS","M","?","M","$","M","E","R","M","T","?","R","?","M","?","R","BOSS"],"items_purchased_type":["Relic","Card","Card","Relic","Relic","Relic","Card","Card","Potion"],"build_version":"2020-12-22","purchased_purges":1,"victory":true,"max_hp_per_floor":[65,65,65,65,65,65,65,65,65,65,65,65,65,65,65,65,65,65,65,65,65,65,65,65,65,65,65,65,65,65,65,65,65,65,65,65,65,65,65,65,65,65,65,65,65,65,65,65,65,65],"relic_stats":{"Torii":0,"Happy Flower":[23],"counters":[30,126],"Prayer Wheel":13,"Pen Nib":[17],"CloakClasp":[63],"Chemical X":[3],"Whetstone":["Wallop","CutThroughFate"],"obtain_stats":[{"Potion Belt":27,"Girya":6,"Torii":20,"Happy Flower":25,"The Courier":12,"Pen Nib":23,"CloakClasp":43,"Whetstone":40,"Empty Cage":34,"Du-Vu Doll":31,"CaptainsWheel":11,"Anchor":38,"Prayer Wheel":9,"Philosopher\u0027s Stone":17,"Bag of Marbles":26,"Chemical X":38,"PureWater":0,"Toxic Egg 2":31,"FossilizedHelix":7,"TungstenRod":14},{"Potion Belt":16,"Girya":5,"Torii":12,"Happy Flower":15,"The Courier":8,"Pen Nib":13,"CloakClasp":27,"Whetstone":26,"Empty Cage":22,"Du-Vu Doll":21,"CaptainsWheel":8,"Anchor":24,"Prayer Wheel":6,"Philosopher\u0027s Stone":10,"Bag of Marbles":15,"Chemical X":24,"PureWater":0,"Toxic Egg 2":21,"FossilizedHelix":5,"TungstenRod":9},{"Potion Belt":61,"Girya":18,"Torii":47,"Happy Flower":57,"The Courier":28,"Pen Nib":50,"CloakClasp":110,"Whetstone":103,"Empty Cage":83,"Du-Vu Doll":77,"CaptainsWheel":28,"Anchor":91,"Prayer Wheel":21,"Philosopher\u0027s Stone":42,"Bag of Marbles":57,"Chemical X":91,"PureWater":0,"Toxic Egg 2":77,"FossilizedHelix":18,"TungstenRod":33}],"TungstenRod":10},"card_choices":[{"not_picked":["Adaptation","Indignation"],"picked":"CutThroughFate","floor":1},{"not_picked":["Prostrate","LikeWater"],"picked":"BattleHymn","floor":3},{"not_picked":["Prostrate","WheelKick"],"picked":"ClearTheMind","floor":4},{"not_picked":["Worship","CrushJoints"],"picked":"CutThroughFate","floor":5},{"not_picked":["Evaluate","FlyingSleeves"],"picked":"Meditate","floor":6},{"not_picked":["Prostrate","Perseverance"],"picked":"Ragnarok","floor":8},{"not_picked":["Fasting2","Prostrate"],"picked":"ThirdEye","floor":10},{"not_picked":["FollowUp","Vengeance","Consecrate"],"picked":"SKIP","floor":10},{"not_picked":["BowlingBash","PathToVictory","Fasting2"],"picked":"SKIP","floor":11},{"not_picked":["DeceiveReality","Study"],"picked":"SpiritShield","floor":14},{"not_picked":["Scrawl","DeusExMachina"],"picked":"Blasphemy","floor":16},{"not_picked":["JustLucky","SignatureMove"],"picked":"CutThroughFate","floor":18},{"not_picked":["Halt","EmptyBody","MentalFortress"],"picked":"SKIP","floor":18},{"not_picked":["Halt","EmptyBody","MentalFortress"],"picked":"SKIP","floor":18},{"not_picked":["WreathOfFlame","SashWhip"],"picked":"FlurryOfBlows","floor":19},{"not_picked":["ConjureBlade","Prostrate","ClearTheMind"],"picked":"SKIP","floor":19},{"not_picked":["Halt","PathToVictory"],"picked":"Nirvana","floor":23},{"not_picked":["WheelKick","Evaluate"],"picked":"Tantrum+1","floor":24},{"not_picked":["CutThroughFate+1","ClearTheMind+1"],"picked":"EmptyMind+1","floor":24},{"not_picked":["Evaluate","EmptyFist"],"picked":"Vault","floor":25},{"not_picked":["ThirdEye+1","Fasting2"],"picked":"Evaluate+1","floor":27},{"not_picked":["EmptyBody","ClearTheMind"],"picked":"Evaluate+1","floor":28},{"not_picked":["WaveOfTheHand","Sanctity"],"picked":"Protect","floor":28},{"not_picked":["Consecrate","Pray"],"picked":"Wallop","floor":29},{"not_picked":["CrushJoints","FollowUp","Indignation"],"picked":"SKIP","floor":29},{"not_picked":["Wireheading","SashWhip"],"picked":"Establishment","floor":30},{"not_picked":["CrushJoints","EmptyBody"],"picked":"BowlingBash+1","floor":30},{"not_picked":["EmptyFist","SignatureMove"],"picked":"Protect+1","floor":31},{"not_picked":["DevaForm","Devotion"],"picked":"LessonLearned","floor":33},{"not_picked":["FlyingSleeves","Consecrate","EmptyFist+1"],"picked":"SKIP","floor":35},{"not_picked":["Prostrate+1","Consecrate","FlyingSleeves"],"picked":"SKIP","floor":35},{"not_picked":["Consecrate","CutThroughFate","PathToVictory+1"],"picked":"SKIP","floor":37},{"not_picked":["Swivel+1","CrushJoints+1","Consecrate"],"picked":"SKIP","floor":37},{"not_picked":["Crescendo+1","FlurryOfBlows"],"picked":"Omniscience+1","floor":39},{"not_picked":["ClearTheMind+1","Wireheading","CarveReality"],"picked":"SKIP","floor":39},{"not_picked":["Consecrate","JustLucky"],"picked":"TalkToTheHand","floor":40},{"not_picked":["CarveReality+1","MentalFortress+1"],"picked":"Crescendo+1","floor":42},{"not_picked":["MentalFortress","FollowUp","TalkToTheHand"],"picked":"SKIP","floor":42},{"not_picked":["FollowUp","ThirdEye+1"],"picked":"CutThroughFate+1","floor":46},{"not_picked":["ClearTheMind+1","Prostrate+1","EmptyBody+1"],"picked":"SKIP","floor":46},{"not_picked":["Prostrate+1","FlyingSleeves+1"],"picked":"EmptyMind+1","floor":47},{"not_picked":["Perseverance+1","CutThroughFate"],"picked":"FearNoEvil+1","floor":47}],"player_experience":265606,"relics_obtained":[{"floor":6,"key":"Girya"},{"floor":9,"key":"Prayer Wheel"},{"floor":11,"key":"CaptainsWheel"},{"floor":14,"key":"TungstenRod"},{"floor":23,"key":"Pen Nib"},{"floor":25,"key":"Happy Flower"},{"floor":26,"key":"Bag of Marbles"},{"floor":27,"key":"Potion Belt"},{"floor":31,"key":"Du-Vu Doll"},{"floor":31,"key":"Toxic Egg 2"},{"floor":40,"key":"Whetstone"},{"floor":43,"key":"CloakClasp"}],"event_choices":[{"damage_healed":0,"gold_gain":0,"player_choice":"2 cards matched","damage_taken":0,"max_hp_gain":0,"max_hp_loss":0,"event_name":"Match and Keep!","floor":2,"gold_loss":0,"cards_obtained":["Wireheading","Judgement"]},{"damage_healed":0,"gold_gain":0,"player_choice":"Gave Potion","damage_taken":0,"relics_obtained":["The Courier"],"max_hp_gain":0,"max_hp_loss":0,"event_name":"WeMeetAgain","floor":12,"gold_loss":0},{"damage_healed":0,"gold_gain":0,"player_choice":"Ignored","damage_taken":0,"max_hp_gain":0,"max_hp_loss":0,"event_name":"Cursed Tome","floor":22,"gold_loss":0},{"damage_healed":0,"gold_gain":0,"player_choice":"Fight","damage_taken":0,"max_hp_gain":0,"max_hp_loss":0,"event_name":"Colosseum","floor":31,"gold_loss":0},{"damage_healed":0,"gold_gain":0,"player_choice":"Fought Nobs","damage_taken":0,"max_hp_gain":0,"max_hp_loss":0,"event_name":"Colosseum","floor":31,"gold_loss":0},{"cards_removed":["Defend_P"],"damage_healed":0,"gold_gain":0,"player_choice":"Removed Skill","damage_taken":0,"max_hp_gain":0,"max_hp_loss":0,"event_name":"Falling","floor":36,"gold_loss":0},{"damage_healed":0,"gold_gain":0,"player_choice":"Forge","damage_taken":0,"max_hp_gain":0,"max_hp_loss":0,"event_name":"Accursed Blacksmith","floor":44,"gold_loss":0,"cards_upgraded":["TalkToTheHand"]}],"is_beta":false,"boss_relics":[{"not_picked":["Calling Bell","Coffee Dripper"],"picked":"Philosopher\u0027s Stone"},{"not_picked":["Snecko Eye","Black Star"],"picked":"Empty Cage"}],"items_purged_floors":[38],"is_endless":false,"potions_floor_spawned":[1,8,10,11,19,25,27,29,31,46,47],"ascension_level":7}}