{"host":"vyjryxuuuxkt43k4","time":1612328635,"event":{"mods":["AchievementEnabler","BaseMod","Colored Map","DeckTracker","Keyboard Shortcuts","Minty Spire (QoL Compilation)","Permanent Neow","Quick Restart","Rare Cards Sparkle","Relic Stats","StSLib","SuperFastMode","everything is the same but u backflip on backflip"],"gold_per_floor":[113,124,49,63,76,106,106,138,206,231,231,250,250,261,261,366,366,385,385,95,110,126,126,151,151,221,251,251,251],"floor_reached":28,"language":"KOR","playtime":4855,"items_purged":["Strike_P","Strike_P"],"score":470,"play_id":"5bee5967-39e0-4c1a-962a-d90c5eeb1cce","local_time":"20210203140355","is_ascension_mode":true,"campfire_choices":[{"data":"Eruption","floor":7.0,"key":"SMITH"},{"floor":11.0,"key":"REST"},{"data":"TalkToTheHand","floor":13.0,"key":"SMITH"},{"data":"Meditate","floor":15.0,"key":"SMITH"},{"floor":23.0,"key":"REST"},{"data":"Halt","floor":25,"key":"SMITH"}],"circlet_count":0,"master_deck":["AscendersBane","Strike_P","Strike_P","Defend_P","Defend_P","Defend_P","Defend_P","Eruption+1","Vigilance","Halt+1","BattleHymn","FollowUp","Meditate+1","TalkToTheHand+1","EmptyBody","PathToVictory","DeusExMachina","Adaptation+1","Ragnarok","InnerPeace","Wireheading+1"],"relics":["Philosopher\u0027s Stone","Singing Bowl","GoldenEye","Frozen Egg 2","Happy Flower","SlaversCollar","Art of War","Toxic Egg 2","Vajra"],"acts_visited":["Exordium","TheCity"],"potions_floor_usage":[24,24],"damage_taken":[{"damage":0.0,"enemies":"Cultist","floor":1.0,"turns":4.0},{"damage":0.0,"enemies":"Jaw Worm","floor":2.0,"turns":3.0},{"damage":7.0,"enemies":"Small Slimes","floor":4.0,"turns":4.0},{"damage":2.0,"enemies":"2 Fungi Beasts","floor":5.0,"turns":4.0},{"damage":0.0,"enemies":"Lagavulin","floor":6.0,"turns":4.0},{"damage":15.0,"enemies":"Gremlin Nob","floor":8.0,"turns":4.0},{"damage":20.0,"enemies":"Lagavulin","floor":10.0,"turns":6.0},{"damage":5.0,"enemies":"Gremlin Gang","floor":12.0,"turns":4.0},{"damage":0.0,"enemies":"Large Slime","floor":14.0,"turns":3.0},{"damage":1.0,"enemies":"Hexaghost","floor":16.0,"turns":6.0},{"damage":10.0,"enemies":"Shell Parasite","floor":18.0,"turns":6.0},{"damage":1.0,"enemies":"Chosen","floor":21.0,"turns":3.0},{"damage":16.0,"enemies":"Snake Plant","floor":22.0,"turns":3.0},{"damage":13,"enemies":"Slavers","floor":24,"turns":4},{"damage":16,"enemies":"Gremlin Leader","floor":27,"turns":6},{"damage":32,"enemies":"Cultist and Chosen","floor":28,"turns":4}],"seed_played":"-1065358087302625479","potions_obtained":[{"floor":2.0,"key":"DistilledChaos"},{"floor":5.0,"key":"DistilledChaos"},{"floor":12.0,"key":"DistilledChaos"},{"floor":14.0,"key":"SkillPotion"},{"floor":16.0,"key":"ColorlessPotion"},{"floor":21.0,"key":"AttackPotion"}],"is_trial":false,"path_per_floor":["M","M","$","M","M","E","R","E","T","E","R","M","R","M","R","B",null,"M","?","$","M","M","R","E","R","T","E","M"],"character_chosen":"WATCHER","items_purchased":["Adaptation+1","Ragnarok"],"campfire_rested":2,"item_purchase_floors":[20,20],"current_hp_per_floor":[65,65,65,58,56,58,58,43,43,23,45,40,40,40,40,39,65,57,43,43,44,28,52,41,41,41,25,0,0],"gold":251,"neow_bonus":"BOSS_RELIC","is_daily":false,"chose_seed":false,"campfire_upgraded":4,"win_rate":0.0,"timestamp":1612328635,"path_taken":["M","M","$","M","?","E","R","E","T","E","R","M","R","M","R","BOSS","M","?","$","M","M","R","E","R","T","E","M"],"items_purchased_type":["Card","Card"],"build_version":"2020-12-22","purchased_purges":2,"victory":false,"max_hp_per_floor":[72,72,72,72,72,74,74,74,74,74,74,74,74,74,74,74,74,76,81,81,83,83,83,85,85,85,85,85,85],"relic_stats":{"Singing Bowl":8,"Happy Flower":[13],"counters":[16,68],"Art of War":[0],"GoldenEye":[0],"obtain_stats":[{"SlaversCollar":17,"Singing Bowl":6,"Happy Flower":10,"Vajra":27,"Philosopher\u0027s Stone":0,"Art of War":24,"PureWater":0,"Frozen Egg 2":9,"Toxic Egg 2":26,"GoldenEye":8},{"SlaversCollar":10,"Singing Bowl":5,"Happy Flower":7,"Vajra":15,"Philosopher\u0027s Stone":0,"Art of War":14,"PureWater":0,"Frozen Egg 2":6,"Toxic Egg 2":14,"GoldenEye":6},{"SlaversCollar":42,"Singing Bowl":19,"Happy Flower":29,"Vajra":64,"Philosopher\u0027s Stone":0,"Art of War":58,"PureWater":0,"Frozen Egg 2":23,"Toxic Egg 2":58,"GoldenEye":23}]},"card_choices":[{"not_picked":["BowlingBash","InnerPeace"],"picked":"Halt","floor":1.0},{"not_picked":["Pray","Conclude"],"picked":"BattleHymn","floor":2.0},{"not_picked":["FlyingSleeves","Protect","BowlingBash"],"picked":"SKIP","floor":4.0},{"not_picked":["Worship","CrushJoints"],"picked":"FollowUp","floor":5.0},{"not_picked":["Halt","MasterReality","SignatureMove"],"picked":"Singing Bowl","floor":6.0},{"not_picked":["Nirvana","Protect"],"picked":"Meditate","floor":8.0},{"not_picked":["SpiritShield","Weave"],"picked":"TalkToTheHand","floor":10.0},{"not_picked":["BowlingBash","Consecrate"],"picked":"EmptyBody","floor":12.0},{"not_picked":["ClearTheMind","FollowUp"],"picked":"PathToVictory","floor":14.0},{"not_picked":["Brilliance","Omniscience"],"picked":"DeusExMachina","floor":16.0},{"not_picked":["SashWhip","Halt","Prostrate"],"picked":"Singing Bowl","floor":18.0},{"not_picked":["Protect+1","Crescendo","WaveOfTheHand"],"picked":"Singing Bowl","floor":21.0},{"not_picked":["Prostrate","Consecrate"],"picked":"InnerPeace","floor":22.0},{"not_picked":["EmptyBody","PathToVictory","Indignation"],"picked":"Singing Bowl","floor":24},{"not_picked":["CrushJoints","CutThroughFate"],"picked":"Wireheading+1","floor":27}],"player_experience":650476,"relics_obtained":[{"floor":6.0,"key":"Singing Bowl"},{"floor":8.0,"key":"GoldenEye"},{"floor":9.0,"key":"Frozen Egg 2"},{"floor":10.0,"key":"Happy Flower"},{"floor":24,"key":"Art of War"},{"floor":26,"key":"Toxic Egg 2"},{"floor":27,"key":"Vajra"}],"event_choices":[{"damage_healed":0.0,"max_hp_gain":5.0,"max_hp_loss":0.0,"gold_gain":0.0,"event_name":"Forgotten Altar","player_choice":"Shed Blood","floor":19.0,"gold_loss":0.0,"damage_taken":19.0}],"is_beta":false,"boss_relics":[{"not_picked":["Pandora\u0027s Box","Fusion Hammer"],"picked":"SlaversCollar"}],"items_purged_floors":[3,20],"is_endless":false,"potions_floor_spawned":[2,5,12,14,16,21],"killed_by":"Cultist and Chosen","ascension_level":11}}