{"host":"ymmeoa1x24ihslbm","time":1612319117,"event":{"mods":["AchievementEnabler","BaseMod","Colored Map","Colored Powertips","Defuse TimeMaze Blight","Minty Spire (QoL Compilation)","Permanent Neow","Quick Restart","Rare Cards Sparkle","StSLib","Unceasing Turn Reminder"],"gold_per_floor":[113,113,127,140,159,189,189,220,273,273,284,284,284,309,309,309,309],"floor_reached":16,"language":"ENG","playtime":905,"items_purged":[],"score":219,"play_id":"5c3fe38a-e1e7-4999-b4eb-84cb3b5b1613","local_time":"20210203032517","is_ascension_mode":true,"campfire_choices":[{"data":"Zap","floor":7,"key":"SMITH"},{"data":"Dualcast","floor":10,"key":"SMITH"},{"data":"Fusion","floor":13,"key":"SMITH"},{"data":"Creative AI","floor":15,"key":"SMITH"}],"circlet_count":0,"master_deck":["AscendersBane","Strike_B","Strike_B","Strike_B","Strike_B","Defend_B","Defend_B","Defend_B","Defend_B","Zap+1","Dualcast+1","Echo Form","Doom and Gloom","Coolheaded","Undo","Leap","FTL","Creative AI+1","Fusion+1","BootSequence"],"relics":["Cracked Core","Blue Candle","Mercury Hourglass","Juzu Bracelet","CeramicFish"],"acts_visited":["Exordium"],"potions_floor_usage":[16],"damage_taken":[{"damage":6,"enemies":"2 Louse","floor":1,"turns":2},{"damage":7,"enemies":"Jaw Worm","floor":3,"turns":3},{"damage":4,"enemies":"Cultist","floor":4,"turns":4},{"damage":1,"enemies":"Blue Slaver","floor":5,"turns":7},{"damage":32,"enemies":"Gremlin Nob","floor":6,"turns":5},{"damage":0,"enemies":"Lagavulin","floor":8,"turns":6},{"damage":0,"enemies":"2 Fungi Beasts","floor":11,"turns":2},{"damage":11,"enemies":"Looter","floor":14,"turns":4},{"damage":33,"enemies":"Slime Boss","floor":16,"turns":3}],"seed_played":"2663213408971596499","potions_obtained":[{"floor":3,"key":"SteroidPotion"},{"floor":6,"key":"Explosive Potion"},{"floor":11,"key":"DistilledChaos"},{"floor":14,"key":"Regen Potion"}],"is_trial":false,"path_per_floor":["M","?","M","M","M","E","R","E","T","R","M","?","R","M","R","B"],"character_chosen":"DEFECT","items_purchased":[],"campfire_rested":0,"item_purchase_floors":[],"current_hp_per_floor":[62,67,60,56,55,23,23,23,23,23,23,23,23,12,12,0,0],"gold":309,"neow_bonus":"ONE_RANDOM_RARE_CARD","is_daily":false,"chose_seed":false,"campfire_upgraded":4,"win_rate":0.0,"timestamp":1612319117,"path_taken":["M","?","M","M","M","E","R","E","T","R","M","?","R","M","R","BOSS"],"items_purchased_type":[],"build_version":"2020-12-22","purchased_purges":0,"victory":false,"max_hp_per_floor":[75,80,80,80,80,80,80,80,80,80,80,80,80,80,80,80,80],"card_choices":[{"not_picked":["Beam Cell","Rip and Tear"],"picked":"Doom and Gloom","floor":1},{"not_picked":["Coolheaded","Steam","Conserve Battery"],"picked":"SKIP","floor":3},{"not_picked":["Steam","Conserve Battery"],"picked":"Coolheaded","floor":3},{"not_picked":["Rebound","Go for the Eyes"],"picked":"Undo","floor":4},{"not_picked":["Barrage","Loop"],"picked":"Leap","floor":5},{"not_picked":["Leap","Coolheaded"],"picked":"FTL","floor":6},{"not_picked":["Conserve Battery","Coolheaded"],"picked":"Creative AI","floor":8},{"not_picked":["Redo","Beam Cell"],"picked":"Fusion","floor":11},{"not_picked":["Conserve Battery","Loop"],"picked":"BootSequence","floor":14}],"player_experience":589822,"relics_obtained":[{"floor":6,"key":"Blue Candle"},{"floor":8,"key":"Mercury Hourglass"},{"floor":9,"key":"Juzu Bracelet"}],"event_choices":[{"damage_healed":0,"gold_gain":0,"player_choice":"Donut","damage_taken":0,"max_hp_gain":5,"max_hp_loss":0,"event_name":"Big Fish","floor":2,"gold_loss":0},{"damage_healed":0,"gold_gain":0,"player_choice":"Gave Potion","damage_taken":0,"relics_obtained":["CeramicFish"],"max_hp_gain":0,"max_hp_loss":0,"event_name":"WeMeetAgain","floor":12,"gold_loss":0}],"is_beta":false,"boss_relics":[],"items_purged_floors":[],"is_endless":false,"potions_floor_spawned":[3,6,11,14],"killed_by":"Slime Boss","ascension_level":12}}