{"host":"qmnyg5dk1o6rw6mz","time":1612336206,"event":{"mods":["2.2 Compatiblity","AchievementEnabler","Act Like it!","Aspiration","Astrologer","BaseMod","Beaked The Cultist","Better Altar","Better Match","Better Note","Better Sensory Stone","Better Skull","Better Third Choice","Better Vampires","Block Reminder","CapriCore","Challenge The Spire","ChefMod","Colored Map","Colored Powertips","Conspire","Defuse TimeMaze Blight","Disable Question Mark Monsters","Displayed Cursed Tome","Downfall","Energized Spire","Fox Events","Gensokyo","GifTheSpireLib","Hermit","Highlight Path","Hubris","Infinite Spire","Jedi Mod","Marisa¡]Ãú«B¡@Å]²z¨F¡^","Marked Mod","Minty Spire (QoL Compilation)","Monster B Gone","Pale of the Ancients","Permanent Neow","Quick Restart","Reimu¡]³Õ???¡^","Relic Filter","Reliquary","Replay The Spire","StSLib","Synergy Search","The Construct","The Cursed","The Dragon Tamer","The Gatherer","The Hayseed","The Poker Player","The Runesmith","The Showman","Unceasing Turn Reminder","Weighted Paths","Wide Potions","thorton"],"gold_per_floor":[113,113,188,207,217,217,395,395,441,471,489,489,489,504,504,608,608,625,641,697,75,91,91,91,91,114,129,158,170,199,218,218,321,321,358,17,72,22,41,70,70,92,92,92,118,118,154,177,177,177],"floor_reached":51,"language":"ENG","playtime":2575,"items_purged":["ReplayTheSpireMod:Splinters","Replay:Battleflow","Searing Blow+1","conspire:Purge+1"],"score":990,"play_id":"c4d2ac74-87ea-4ddf-8cda-ad31282e7f93","local_time":"20210203151006","is_ascension_mode":true,"campfire_choices":[{"data":"Flame Barrier","floor":6.0,"key":"SMITH"},{"data":"Searing Blow","floor":8.0,"key":"SMITH"},{"data":"hubris:ReadiedAction","floor":13.0,"key":"SMITH"},{"data":"Whirlwind","floor":15.0,"key":"SMITH"},{"floor":23.0,"key":"REST"},{"data":"Blasphemy","floor":25.0,"key":"SMITH"},{"data":"Master of Strategy","floor":32.0,"key":"SMITH"},{"floor":41.0,"key":"REST"},{"floor":49.0,"key":"REST"},{"data":"infinitespire:FutureSight","floor":49.0,"key":"SMITH"}],"circlet_count":0,"master_deck":["hubris:ReadiedAction+1","Whirlwind+1","InnerPeace+1","Blasphemy+1","Master of Strategy+1","Replay:AtTheReady+1","Protect+1","Whirlwind+1","infinitespire:FutureSight+1"],"relics":["Burning Blood","ReplayTheSpireMod:CursedCoin","reliquary:RosewoodLute","hubris:ChampionShield","Ring of Fury","aspiration:WatcherSkillbook","Smiling Mask","Garlic","ClockworkSouvenir","Nloth\u0027s Gift","reliquary:Buckler","reliquary:OuijaBoard","Champion Belt","aspiration:RitualDagger","infinitespire:EvilPickle","construct:RocketBooster","Thread and Needle","Replay:PocketPolymizer","conspire:Dentures","reliquary:BallBearing","thethorton:BottledFunds","infinitespire:Magic Flask"],"acts_visited":["Exordium","TheCity","TheBeyond"],"potions_floor_usage":[50,50],"damage_taken":[{"damage":7.0,"enemies":"conspire:RoseBush","floor":1.0,"turns":3.0},{"damage":3.0,"enemies":"Small Slimes","floor":4.0,"turns":6.0},{"damage":0.0,"enemies":"2 Louse","floor":5.0,"turns":4.0},{"damage":32.0,"enemies":"Gremlin Nob","floor":7.0,"turns":5.0},{"damage":15.0,"enemies":"Replay:BlueRogue","floor":10.0,"turns":6.0},{"damage":5.0,"enemies":"Lots of Slimes","floor":11.0,"turns":2.0},{"damage":18.0,"enemies":"Looter","floor":14.0,"turns":4.0},{"damage":12.0,"enemies":"Slime Boss","floor":16.0,"turns":5.0},{"damage":40.0,"enemies":"Chosen","floor":18.0,"turns":5.0},{"damage":29.0,"enemies":"Shell Parasite","floor":19.0,"turns":7.0},{"damage":33.0,"enemies":"Shelled Parasite and Fungi","floor":22.0,"turns":4.0},{"damage":12.0,"enemies":"Snecko","floor":27.0,"turns":5.0},{"damage":10.0,"enemies":"Gremlin Leader","floor":28.0,"turns":5.0},{"damage":6.0,"enemies":"Centurion and Healer","floor":29.0,"turns":3.0},{"damage":5.0,"enemies":"Nightmare","floor":30.0,"turns":4.0},{"damage":0.0,"enemies":"Snake Plant","floor":31.0,"turns":1.0},{"damage":25.0,"enemies":"Pondfish","floor":33.0,"turns":8.0},{"damage":26.0,"enemies":"3 Shapes","floor":35.0,"turns":3.0},{"damage":21.0,"enemies":"2 Orb Walkers","floor":37.0,"turns":2.0},{"damage":6.0,"enemies":"3 Darklings","floor":39.0,"turns":2.0},{"damage":43.0,"enemies":"R_Hoarder","floor":40.0,"turns":7.0},{"damage":11.0,"enemies":"Jaw Worm Horde","floor":42.0,"turns":2.0},{"damage":9.0,"enemies":"Transient","floor":45.0,"turns":3.0},{"damage":3.0,"enemies":"Nemesis","floor":47.0,"turns":1.0},{"damage":3.0,"enemies":"4 Shapes","floor":48.0,"turns":1.0},{"damage":3,"enemies":"Time Eater","floor":50,"turns":1}],"seed_played":"-431903717309686109","potions_obtained":[{"floor":1.0,"key":"infinitespire:BlackPotion"},{"floor":7.0,"key":"hexamod:SoulburnPotion"},{"floor":18.0,"key":"BloodPotion"},{"floor":20.0,"key":"DuplicationPotion"},{"floor":20.0,"key":"hexamod:SoulburnPotion"},{"floor":22.0,"key":"Explosive Potion"},{"floor":27.0,"key":"Strength Potion"},{"floor":31.0,"key":"Weak Potion"},{"floor":33.0,"key":"Strength Potion"},{"floor":37.0,"key":"Block Potion"},{"floor":40.0,"key":"DuplicationPotion"}],"is_trial":false,"path_per_floor":["M","?","?","M","M","R","E","R","T","E","M","?","R","M","R","B",null,"M","M","?","$","M","R","?","R","T","M","E","M","NM","M","R","B",null,"M","$","?","$","M","E","R","M","T","AVR","M","$","E","M","R","B",null],"character_chosen":"IRONCLAD","items_purchased":["Garlic","ClockworkSouvenir","Master of Strategy","construct:RocketBooster"],"campfire_rested":3,"item_purchase_floors":[21,21,21,36],"current_hp_per_floor":[79,72,61,64,70,70,44,44,44,35,36,36,36,24,24,18,80,46,23,23,23,12,36,36,36,36,30,26,26,27,33,33,14,80,60,60,45,45,45,12,36,31,31,31,28,28,31,34,58,61],"gold":177,"neow_bonus":"REMOVE_CARD","is_daily":false,"chose_seed":false,"campfire_upgraded":7,"win_rate":0.0,"timestamp":1612336206,"path_taken":["M","?","?","M","M","R","E","R","T","E","M","?","R","M","R","BOSS","M","M","?","$","M","R","?","R","T","M","E","?","NM","M","R","BOSS","M","$","?","?","M","E","R","M","T","AVR","?","$","E","M","R","BOSS"],"items_purchased_type":["Relic","Relic","Card","Relic"],"build_version":"2020-12-22","purchased_purges":4,"victory":true,"max_hp_per_floor":[80,80,80,80,80,80,80,80,80,80,80,80,80,80,80,80,80,80,80,80,80,80,80,80,80,80,80,80,80,80,80,80,80,80,80,80,80,80,80,80,80,80,80,80,80,80,80,80,80,80],"card_choices":[{"not_picked":["Havoc","Spot Weakness"],"picked":"Flame Barrier","floor":1.0},{"not_picked":["Thunderclap","Wild Strike"],"picked":"Searing Blow","floor":4.0},{"not_picked":["Uppercut","Sword Boomerang","Life Link"],"picked":"SKIP","floor":5.0},{"not_picked":["Warcry","Demon Form"],"picked":"hubris:ReadiedAction","floor":7.0},{"not_picked":["Searing Blow","Body Slam","Evolve"],"picked":"SKIP","floor":10.0},{"not_picked":["Clothesline","Thunderclap"],"picked":"Whirlwind","floor":11.0},{"not_picked":["Sword Boomerang","Replay:Undeath\u0027s Touch","Perfected Strike"],"picked":"SKIP","floor":14.0},{"not_picked":["Demonic Infusion","Bludgeon"],"picked":"conspire:Purge","floor":16.0},{"not_picked":["Rupture","MarkedMod:FirstStrike","jedi:suffering"],"picked":"InnerPeace+1","floor":18.0},{"not_picked":["Flex+1","SandsOfTime+1","Heavy Blade+1"],"picked":"Replay:Battleflow","floor":19.0},{"not_picked":["Thunderclap+1","Replay:BluntJabs","Iron Wave"],"picked":"Blasphemy","floor":20.0},{"not_picked":["Burning Pact+1","Hemokinesis","Pommel Strike"],"picked":"Replay:AtTheReady+1","floor":22.0},{"not_picked":["Consecrate","Rage","DeceiveReality"],"picked":"Protect+1","floor":27.0},{"not_picked":["jedi:bloodyhammer","Rampage+1","Replay:DivineShield"],"picked":"Replay:AllIn","floor":28.0},{"not_picked":["MarkedMod:GentlePulse+1","Halt","Protect","Wild Strike"],"picked":"SKIP","floor":29.0},{"not_picked":["jedi:suffering","hubris:StunningStrike","Replay:Undeath\u0027s Touch+1","PathToVictory"],"picked":"SKIP","floor":30.0},{"not_picked":["Crescendo","Rage","FlyingSleeves","conspire:HitWhereItHurts"],"picked":"SKIP","floor":31.0},{"not_picked":["Fire Breathing","FollowUp","MarkedMod:GentlePulse+1","Meditate"],"picked":"SKIP","floor":35.0},{"not_picked":["Fire Breathing","FollowUp","MarkedMod:GentlePulse+1","Meditate"],"picked":"SKIP","floor":35.0},{"not_picked":["Havoc","Fire Breathing","jedi:collectorstrike","Replay:BluntJabs+1"],"picked":"SKIP","floor":39.0},{"not_picked":["Havoc","Fire Breathing","jedi:collectorstrike","Replay:BluntJabs+1"],"picked":"SKIP","floor":39.0},{"not_picked":["Feel No Pain","Evaluate","Evolve"],"picked":"Whirlwind","floor":40.0},{"not_picked":["Battle Trance+1","jedi:suffering+1","Run Through+1","Anger"],"picked":"SKIP","floor":42.0},{"not_picked":["Second Wind","Perfected Strike","FollowUp","ReplayTheSpireMod:Muscle Training+1"],"picked":"SKIP","floor":45.0},{"not_picked":["SandsOfTime","ThirdEye","BowlingBash","Evaluate+1"],"picked":"SKIP","floor":47.0},{"not_picked":["Hemokinesis+1","Armaments+1","Cleave","EmptyBody+1"],"picked":"SKIP","floor":48.0}],"player_experience":215394,"relics_obtained":[{"floor":7.0,"key":"ReplayTheSpireMod:CursedCoin"},{"floor":9.0,"key":"reliquary:RosewoodLute"},{"floor":10.0,"key":"hubris:ChampionShield"},{"floor":12.0,"key":"Ring of Hypnosis"},{"floor":12.0,"key":"Ring of Fury"},{"floor":20.0,"key":"Smiling Mask"},{"floor":26.0,"key":"reliquary:Buckler"},{"floor":28.0,"key":"reliquary:OuijaBoard"},{"floor":30.0,"key":"Champion Belt"},{"floor":37.0,"key":"Thread and Needle"},{"floor":40.0,"key":"Replay:PocketPolymizer"},{"floor":43.0,"key":"conspire:Dentures"},{"floor":47.0,"key":"infinitespire:Magic Flask"}],"event_choices":[{"cards_removed":["Strike_R"],"damage_healed":0.0,"max_hp_gain":0.0,"max_hp_loss":0.0,"gold_gain":0.0,"event_name":"Golden Wing","player_choice":"Card Removal","floor":2.0,"gold_loss":0.0,"damage_taken":7.0},{"damage_healed":0.0,"max_hp_gain":0.0,"max_hp_loss":0.0,"gold_gain":75.0,"event_name":"betterThird:BetterGoop","player_choice":"Gold","floor":3.0,"gold_loss":0.0,"damage_taken":11.0},{"damage_healed":0.0,"max_hp_gain":0.0,"max_hp_loss":0.0,"gold_gain":0.0,"event_name":"N\u0027loth","player_choice":"Traded Relic","floor":24.0,"relics_lost":["Ring of Hypnosis"],"gold_loss":0.0,"damage_taken":0.0,"relics_obtained":["Nloth\u0027s Gift"]},{"damage_healed":0.0,"max_hp_gain":0.0,"max_hp_loss":0.0,"gold_gain":0.0,"event_name":"Mysterious Sphere","player_choice":"Fight","floor":37.0,"gold_loss":0.0,"damage_taken":0.0}],"is_beta":false,"boss_relics":[{"not_picked":["conspire:SeveredTorchhead","aspiration:SecretTechniqueScroll"],"picked":"aspiration:WatcherSkillbook"},{"not_picked":["Abe\u0027s Treasure","Runesmith:UraniumAnvil"],"picked":"aspiration:RitualDagger"}],"items_purged_floors":[21,36,38,44],"is_endless":false,"potions_floor_spawned":[1,7,10,14,18,22,27,31,33,37,40,48],"ascension_level":2}}