{"host":"815dqs41i1y8uxms","time":1612387827,"event":{"mods":["Act Like it!","BaseMod","Dark Map","GungeonMod","Minty Spire (QoL Compilation)","Rare Cards Sparkle","Shop Mod","Spire Arcade","StSLib"],"gold_per_floor":[114,125,137,212,228,228,228],"floor_reached":6,"language":"ENG","playtime":443,"items_purged":[],"score":38,"play_id":"8a73f80d-2e46-4d01-9272-73ff36bc2ce0","local_time":"20210203223027","is_ascension_mode":false,"campfire_choices":[],"circlet_count":0,"master_deck":["DemoMod:Strike_Huntress","DemoMod:Strike_Huntress","DemoMod:Strike_Huntress","DemoMod:Defend_Huntress","DemoMod:Defend_Huntress","DemoMod:Defend_Huntress","DemoMod:Defend_Huntress","DemoMod:Roll","DemoMod:ManualReload","DemoMod:RustySidearm","DemoMod:CrossBow","DemoMod:FightSabre","DemoMod:CursedBullets","DemoMod:TripleGun","DemoMod:Rummage","DemoMod:ChanceBullets","DemoMod:TeaPot"],"relics":["DemoMod:Dog"],"acts_visited":["Exordium"],"potions_floor_usage":[6],"damage_taken":[{"damage":14,"enemies":"Cultist","floor":1,"turns":6},{"damage":0,"enemies":"2 Louse","floor":2,"turns":3},{"damage":0,"enemies":"Jaw Worm","floor":3,"turns":4},{"damage":1,"enemies":"Red Slaver","floor":5,"turns":6},{"damage":45,"enemies":"3 Sentries","floor":6,"turns":8}],"seed_played":"7641619048141669282","potions_obtained":[{"floor":2,"key":"Energy Potion"}],"is_trial":false,"path_per_floor":["M","M","M","?","M","E"],"character_chosen":"HUNTRESS","items_purchased":[],"campfire_rested":0,"item_purchase_floors":[],"current_hp_per_floor":[56,56,56,45,44,0,0],"gold":228,"neow_bonus":"ONE_RANDOM_RARE_CARD","is_daily":false,"chose_seed":false,"campfire_upgraded":0,"win_rate":0.0,"timestamp":1612387827,"path_taken":["M","M","?","?","M","E"],"items_purchased_type":[],"build_version":"2020-12-22","purchased_purges":0,"victory":false,"max_hp_per_floor":[70,70,70,70,70,70,70],"card_choices":[{"not_picked":["DemoMod:HuntsMan","DemoMod:FastSwitch"],"picked":"DemoMod:CursedBullets","floor":1},{"not_picked":["DemoMod:PotionOfGunFriendShip","DemoMod:DoubleSwitch"],"picked":"DemoMod:TripleGun","floor":2},{"not_picked":["DemoMod:MegaHand","DemoMod:BattleInHaste"],"picked":"DemoMod:Rummage","floor":3},{"not_picked":["DemoMod:JK47","DemoMod:BattleInHaste"],"picked":"DemoMod:ChanceBullets","floor":5},{"not_picked":["DemoMod:FeignSurrender","DemoMod:HardPowerCard"],"picked":"DemoMod:TeaPot","floor":5}],"player_experience":3731131,"relics_obtained":[],"event_choices":[{"damage_healed":0,"gold_gain":75,"player_choice":"Gather Gold","damage_taken":11,"max_hp_gain":0,"max_hp_loss":0,"event_name":"World of Goop","floor":4,"gold_loss":0}],"is_beta":false,"boss_relics":[],"items_purged_floors":[],"is_endless":false,"potions_floor_spawned":[2],"killed_by":"3 Sentries","ascension_level":0}}