{"host":"yf7adnp48nk06owi","time":1612376541,"event":{"mods":["AchievementEnabler","BaseMod","Bestiary","Minty Spire (QoL Compilation)","Quick Restart","Reliquary","StSLib","Swap Starting Deck Mod"],"gold_per_floor":[118,128,52,52,72,97,97,107,159,211,211,221,221,221,237,237,310,310,322,340,265,280,280,280],"floor_reached":23,"language":"ENG","playtime":664,"items_purged":[],"score":436,"play_id":"b375a894-1f2c-4fd4-b658-2fc13f81818b","local_time":"20210203192221","is_ascension_mode":true,"campfire_choices":[{"data":"Vault","floor":7.0,"key":"SMITH"},{"floor":11.0,"key":"REST"},{"data":"BattleHymn","floor":13.0,"key":"SMITH"},{"data":"MentalFortress","floor":16.0,"key":"SMITH"}],"circlet_count":0,"master_deck":["AscendersBane","Tantrum","Consecrate","Consecrate","Consecrate","InnerPeace","Halt","Halt","Halt","MentalFortress+1","BattleHymn+1","SignatureMove","Conclude","Vault+1","Blasphemy","ClearTheMind"],"relics":["PureWater","Bottled Lightning","Damaru","Boot","VioletLotus"],"acts_visited":["Exordium","TheCity"],"potions_floor_usage":[23],"damage_taken":[{"damage":0.0,"enemies":"Cultist","floor":1.0,"turns":3.0},{"damage":14.0,"enemies":"Small Slimes","floor":2.0,"turns":2.0},{"damage":9.0,"enemies":"Jaw Worm","floor":5.0,"turns":3.0},{"damage":0.0,"enemies":"Gremlin Nob","floor":6.0,"turns":3.0},{"damage":0.0,"enemies":"Blue Slaver","floor":8.0,"turns":2.0},{"damage":0.0,"enemies":"3 Louse","floor":12.0,"turns":1.0},{"damage":6.0,"enemies":"Large Slime","floor":15.0,"turns":3.0},{"damage":26.0,"enemies":"Hexaghost","floor":17.0,"turns":5.0},{"damage":19.0,"enemies":"2 Thieves","floor":19.0,"turns":2.0},{"damage":0.0,"enemies":"Spheric Guardian","floor":20.0,"turns":2.0},{"damage":25,"enemies":"Shelled Parasite and Fungi","floor":22,"turns":4},{"damage":0,"enemies":"Centurion and Healer","floor":23,"turns":1}],"seed_played":"-742912521038552766","potions_obtained":[{"floor":1.0,"key":"GamblersBrew"},{"floor":5.0,"key":"Explosive Potion"},{"floor":6.0,"key":"Ambrosia"},{"floor":20.0,"key":"BlessingOfTheForge"}],"is_trial":false,"path_per_floor":["M","M","$","$","M","E","R","M","T","T","R","M","R","?","M","R","B",null,"M","M","?","M","M"],"character_chosen":"WATCHER","items_purchased":["Conclude"],"campfire_rested":1,"item_purchase_floors":[3],"current_hp_per_floor":[51,37,37,37,28,28,28,28,28,28,43,43,43,48,42,42,16,46,27,27,27,2,2,2],"gold":280,"neow_bonus":"","is_daily":false,"chose_seed":false,"campfire_upgraded":3,"win_rate":0.0,"timestamp":1612376541,"path_taken":["M","M","?","$","M","E","R","M","T","T","R","?","R","?","M","R","BOSS","M","M","?","M","M"],"items_purchased_type":["Card"],"build_version":"2020-12-22","purchased_purges":0,"victory":false,"max_hp_per_floor":[51,51,51,51,51,51,51,51,51,51,51,51,51,56,56,56,56,56,56,56,56,56,56,56],"card_choices":[{"not_picked":["CutThroughFate","WheelKick"],"picked":"BattleHymn","floor":1.0},{"not_picked":["Halt","LikeWater"],"picked":"SignatureMove","floor":2.0},{"not_picked":["BowlingBash","Nirvana","FlurryOfBlows"],"picked":"SKIP","floor":5.0},{"not_picked":["CutThroughFate","EmptyFist"],"picked":"Vault","floor":6.0},{"not_picked":["BowlingBash","JustLucky","FlyingSleeves"],"picked":"SKIP","floor":8.0},{"not_picked":["EmptyBody","Perseverance","Crescendo"],"picked":"SKIP","floor":12.0},{"not_picked":["CutThroughFate","ThirdEye","SignatureMove"],"picked":"SKIP","floor":15.0},{"not_picked":["MasterReality","SpiritShield"],"picked":"Blasphemy","floor":17.0},{"not_picked":["Adaptation+1","TalkToTheHand"],"picked":"ClearTheMind","floor":19.0},{"not_picked":["PathToVictory","ClearTheMind","Halt+1"],"picked":"SKIP","floor":20.0},{"not_picked":["Protect","Perseverance+1","WreathOfFlame"],"picked":"SKIP","floor":22}],"player_experience":313052,"relics_obtained":[{"floor":6.0,"key":"Bottled Lightning"},{"floor":9.0,"key":"Damaru"},{"floor":10.0,"key":"Boot"}],"event_choices":[{"damage_healed":0.0,"max_hp_gain":5.0,"max_hp_loss":0.0,"gold_gain":0.0,"event_name":"Big Fish","player_choice":"Donut","floor":14.0,"gold_loss":0.0,"damage_taken":0.0},{"cards_removed":["Consecrate"],"damage_healed":0.0,"max_hp_gain":0.0,"max_hp_loss":0.0,"gold_gain":0.0,"event_name":"Beggar","player_choice":"Gave Gold","floor":21.0,"gold_loss":75.0,"damage_taken":0.0}],"is_beta":false,"boss_relics":[{"not_picked":["Velvet Choker","Tiny House"],"picked":"VioletLotus"}],"items_purged_floors":[],"is_endless":false,"potions_floor_spawned":[1,5,6,15,20],"killed_by":"Centurion and Healer","ascension_level":20}}