{"host":"neeznpvpgo0qgfkd","time":1612383133,"event":{"mods":["AchievementEnabler","BaseMod","BetterRewards","Colored Map","Colored Powertips","Exacting","Minty Spire (QoL Compilation)","Permanent Neow","Quick Restart","Shop Mod"],"gold_per_floor":[133,167,167,167,188,228,248,248,248,248,92,131,182,182,182],"floor_reached":14,"language":"ENG","playtime":9784,"items_purged":[],"score":200,"play_id":"77762d71-69d8-401b-a9f0-43b578055260","local_time":"20210203151212","is_ascension_mode":true,"campfire_choices":[{"floor":10,"key":"REST"}],"circlet_count":0,"master_deck":["AscendersBane","Strike_G","Strike_G","Strike_G","Strike_G","Strike_G","Defend_G","Defend_G","Defend_G","Defend_G","Defend_G","Survivor","Neutralize","Accuracy","Panacea+1","Dagger Throw","Injury","Dagger Spray","Riddle With Holes","Dash","After Image","Outmaneuver+1"],"relics":["Ring of the Snake","Toxic Egg 2","Lizard Tail","Bronze Scales","Golden Idol","Bottled Tornado","Pantograph","Shuriken","Tiny Chest"],"acts_visited":["Exordium"],"potions_floor_usage":[6,7,14],"damage_taken":[{"damage":2.0,"enemies":"2 Louse","floor":1.0,"turns":2.0},{"damage":22.0,"enemies":"Jaw Worm","floor":2.0,"turns":5.0},{"damage":4.0,"enemies":"Small Slimes","floor":5.0,"turns":3.0},{"damage":30,"enemies":"3 Sentries","floor":6,"turns":8},{"damage":11,"enemies":"Gremlin Gang","floor":7,"turns":5},{"damage":36,"enemies":"Gremlin Nob","floor":12,"turns":5},{"damage":3,"enemies":"Exordium Thugs","floor":13,"turns":3},{"damage":16,"enemies":"Lagavulin","floor":14,"turns":3}],"seed_played":"-5406603267176718903","potions_obtained":[{"floor":1.0,"key":"BlessingOfTheForge"},{"floor":6,"key":"Weak Potion"},{"floor":13,"key":"Poison Potion"}],"is_trial":false,"path_per_floor":["M","M","?","?","M","E","M","T","T","R","$","E","M","E"],"character_chosen":"THE_SILENT","items_purchased":["Toxic Egg 2","Bronze Scales","Accuracy","Panacea+1","After Image"],"campfire_rested":1,"item_purchase_floors":[0,0,0,0,11],"current_hp_per_floor":[57,35,35,35,31,1,27,27,27,46,46,10,7,0,0],"gold":182,"neow_bonus":"","is_daily":false,"chose_seed":false,"campfire_upgraded":0,"win_rate":0.0,"timestamp":1612383132,"path_taken":["M","M","?","?","M","E","M","?","T","R","$","E","M","E"],"items_purchased_type":["Relic","Relic","Card","Card","Card"],"build_version":"2020-12-22","purchased_purges":0,"victory":false,"max_hp_per_floor":[66,66,66,66,66,66,66,66,66,66,66,66,66,66,66],"card_choices":[{"not_picked":["Bane","Prepared+1"],"picked":"Dagger Throw","floor":1.0},{"not_picked":["Quick Slash","Skewer","Expertise+1"],"picked":"SKIP","floor":2.0},{"not_picked":["Flying Knee","Crippling Poison+1"],"picked":"Dagger Spray","floor":5.0},{"not_picked":["Flying Knee","Setup+1"],"picked":"Riddle With Holes","floor":6},{"not_picked":["Bane","Deflect+1"],"picked":"Dash","floor":7},{"not_picked":["All Out Attack","Underhanded Strike"],"picked":"Outmaneuver+1","floor":12},{"not_picked":["Sucker Punch","Crippling Poison+1","Quick Slash"],"picked":"SKIP","floor":13}],"player_experience":1979154,"relics_obtained":[{"floor":6,"key":"Bottled Tornado"},{"floor":8,"key":"Pantograph"},{"floor":9,"key":"Shuriken"},{"floor":12,"key":"Tiny Chest"}],"event_choices":[{"damage_healed":0.0,"max_hp_gain":0.0,"max_hp_loss":0.0,"gold_gain":0.0,"event_name":"Golden Wing","player_choice":"Ignored","floor":3.0,"gold_loss":0.0,"damage_taken":0.0},{"damage_healed":0.0,"max_hp_gain":0.0,"max_hp_loss":0.0,"gold_gain":0.0,"event_name":"Golden Idol","player_choice":"Take Wound","floor":4.0,"gold_loss":0.0,"damage_taken":0.0,"relics_obtained":["Golden Idol"],"cards_obtained":["Injury"]}],"is_beta":false,"boss_relics":[],"items_purged_floors":[],"is_endless":false,"potions_floor_spawned":[1,6,13],"killed_by":"Lagavulin","ascension_level":20}}