{"host":"8fnghcq8tvbg6z9e","time":1612352653,"event":{"mods":["BaseMod","Downfall","Minty Spire (QoL Compilation)","Quick Restart","StSLib"],"gold_per_floor":[114,189,208,208,233,266,266,278,278,290,140,140,156,182,182,285,285,299,311,131,56,56,56,56,70,96,158,168,98,148,122,122,218,218,235,285,301,317,336,336,386,486,486,116,130,180,15,28,28,28,28,28,28,55,55,55],"floor_reached":55,"language":"ZHS","playtime":1500,"items_purged":["Strike_B","Defend_B","Writhe"],"score":717,"play_id":"1609ff46-ba41-4561-9092-b935610c4800","local_time":"20210203194413","is_ascension_mode":false,"campfire_choices":[{"data":"Rainbow","floor":7.0,"key":"SMITH"},{"floor":12.0,"key":"REST"},{"floor":15.0,"key":"RECALL"},{"floor":23.0,"key":"REST"},{"floor":32,"key":"REST"},{"floor":40,"key":"REST"},{"floor":49,"key":"REST"},{"floor":52,"key":"REST"}],"circlet_count":0,"master_deck":["Defend_B","Defend_B","Defend_B","Sunder","Rainbow+1","Hello World+1","Static Discharge+1","Electrodynamics+1","Hello World+1","Bite","Bite","Bite","Bite","Bite","Static Discharge+1","Defragment+1","Storm+1","Storm+1","Storm+1","Buffer+1","Conserve Battery+1","Defragment+1","Glacier+1","Hello World+1","Heatsinks+1","Thunder Strike","Static Discharge+1","Leap+1"],"relics":["Cracked Core","NeowsBlessing","Anchor","Bronze Scales","Frozen Egg 2","White Beast Statue","Fusion Hammer","SsserpentHead","PreservedInsect","Nuclear Battery","Du-Vu Doll","Prayer Wheel","Torii","Shuriken"],"acts_visited":["Exordium","TheCity","TheBeyond","TheEnding"],"potions_floor_usage":[28,33,33,33,48,48,54,55,55],"damage_taken":[{"damage":0.0,"enemies":"2 Louse","floor":1.0,"turns":1.0},{"damage":0.0,"enemies":"Jaw Worm","floor":3.0,"turns":1.0},{"damage":0.0,"enemies":"3 Sentries","floor":6.0,"turns":1.0},{"damage":0.0,"enemies":"Small Slimes","floor":8.0,"turns":2.0},{"damage":0.0,"enemies":"3 Louse","floor":10.0,"turns":2.0},{"damage":0.0,"enemies":"Exordium Thugs","floor":13.0,"turns":3.0},{"damage":28.0,"enemies":"Slime Boss","floor":16.0,"turns":5.0},{"damage":8.0,"enemies":"Spheric Guardian","floor":18.0,"turns":3.0},{"damage":0.0,"enemies":"2 Thieves","floor":19.0,"turns":2.0},{"damage":12.0,"enemies":"Sentry and Sphere","floor":25.0,"turns":4.0},{"damage":8.0,"enemies":"Snake Plant","floor":27.0,"turns":2.0},{"damage":12,"enemies":"Shelled Parasite and Fungi","floor":28,"turns":3},{"damage":42,"enemies":"Champ","floor":33,"turns":5},{"damage":0,"enemies":"3 Darklings","floor":35,"turns":2},{"damage":0,"enemies":"Orb Walker","floor":37,"turns":2},{"damage":15,"enemies":"Writhing Mass","floor":38,"turns":3},{"damage":8,"enemies":"Maw","floor":39,"turns":5},{"damage":0,"enemies":"Mind Bloom Boss Battle","floor":42,"turns":3},{"damage":0,"enemies":"Spire Growth","floor":45,"turns":3},{"damage":1,"enemies":"Jaw Worm Horde","floor":48,"turns":2},{"damage":36,"enemies":"Time Eater","floor":50,"turns":4},{"damage":10,"enemies":"Shield and Spear","floor":54,"turns":2},{"damage":18,"enemies":"The Heart","floor":55,"turns":3}],"seed_played":"-896791077421676779","potions_obtained":[{"floor":1.0,"key":"Block Potion"},{"floor":3.0,"key":"Strength Potion"},{"floor":10.0,"key":"Weak Potion"},{"floor":13.0,"key":"CultistPotion"},{"floor":16.0,"key":"Guardian:BlockOnCardUsePotion"},{"floor":18.0,"key":"Fire Potion"},{"floor":19.0,"key":"Fire Potion"},{"floor":25.0,"key":"Strength Potion"},{"floor":27.0,"key":"Fire Potion"},{"floor":28,"key":"Energy Potion"},{"floor":33,"key":"bronze:BurnAndBuffPotion"},{"floor":35,"key":"Block Potion"},{"floor":37,"key":"SmokeBomb"},{"floor":38,"key":"Ancient Potion"},{"floor":45,"key":"EssenceOfDarkness"},{"floor":48,"key":"Fruit Juice"},{"floor":54,"key":"PotionOfCapacity"}],"is_trial":false,"path_per_floor":["M","?","M","?","T","E","R","M","T","M","$","R","M","T","R","B",null,"M","M","$","?","?","R","?","M","T","M","M","$","?","$","R","B",null,"M","?","M","M","M","R","?","?","T","$","M","?","$","M","R","B",null,"R","$","E","B"],"character_chosen":"DEFECT","items_purchased":["Static Discharge+1","Hello World+1","Storm+1","Storm+1","Heatsinks+1","Torii","Static Discharge+1"],"campfire_rested":6,"item_purchase_floors":[11,20,29,31,44,44,47],"current_hp_per_floor":[75,64,64,46,46,46,46,46,46,46,46,68,68,68,68,40,75,67,67,67,67,52,52,52,42,42,36,34,34,34,34,49,17,52,52,52,52,43,41,52,52,52,52,52,52,52,52,57,57,25,57,57,57,51,33,33],"gold":55,"neow_bonus":"THREE_ENEMY_KILL","is_daily":false,"chose_seed":false,"campfire_upgraded":1,"win_rate":0.0,"timestamp":1612352653,"path_taken":["M","?","M","?","?","E","R","M","T","M","?","R","M","?","R","BOSS","M","M","$","?","?","R","?","M","T","?","M","$","?","?","R","BOSS","M","?","M","M","M","R","?","?","T","$","M","?","$","M","R","BOSS","R","$","E","BOSS"],"items_purchased_type":["Card","Card","Card","Card","Card","Relic","Card"],"build_version":"2020-12-22","purchased_purges":3,"victory":false,"max_hp_per_floor":[75,75,75,75,75,75,75,75,75,75,75,75,75,75,75,75,75,75,75,75,75,52,52,52,52,52,52,52,52,52,52,52,52,52,52,52,52,52,52,52,52,52,52,52,52,52,52,57,57,57,57,57,57,57,57,57],"card_choices":[{"not_picked":["Hello World","Barrage","Undo"],"picked":"SKIP","floor":1.0},{"not_picked":["Stack","Hologram"],"picked":"Sunder","floor":3.0},{"not_picked":["Cold Snap","BootSequence"],"picked":"Rainbow","floor":6.0},{"not_picked":["Cold Snap","Turbo","White Noise"],"picked":"SKIP","floor":8.0},{"not_picked":["Steam","Conserve Battery"],"picked":"Hello World+1","floor":10.0},{"not_picked":["Cold Snap","Ball Lightning","Barrage"],"picked":"SKIP","floor":13.0},{"not_picked":["Meteor Strike","Thunder Strike"],"picked":"Electrodynamics+1","floor":16.0},{"not_picked":["Scrape","Sweeping Beam","Turbo"],"picked":"SKIP","floor":18.0},{"not_picked":["Barrage","Hologram","Sweeping Beam+1"],"picked":"SKIP","floor":19.0},{"not_picked":["Barrage+1","Reprogram+1"],"picked":"Static Discharge+1","floor":25.0},{"not_picked":["Hologram","Barrage","Aggregate"],"picked":"SKIP","floor":27.0},{"not_picked":["Scrape","Sunder"],"picked":"Defragment+1","floor":28},{"not_picked":["Multi-Cast","Reboot"],"picked":"Buffer+1","floor":33},{"not_picked":["Blizzard+1","Redo"],"picked":"Conserve Battery+1","floor":35},{"not_picked":["Stack","White Noise+1"],"picked":"Defragment+1","floor":37},{"not_picked":["Streamline","Turbo+1","Go for the Eyes"],"picked":"SKIP","floor":38},{"not_picked":["Conserve Battery+1","Go for the Eyes+1"],"picked":"Glacier+1","floor":39},{"not_picked":["Blizzard+1","Rebound"],"picked":"Hello World+1","floor":42},{"not_picked":["Stack+1","Scrape+1"],"picked":"Thunder Strike","floor":45},{"not_picked":["Beam Cell+1","Barrage","Melter"],"picked":"SKIP","floor":45},{"not_picked":["Barrage","Genetic Algorithm","Sweeping Beam"],"picked":"SKIP","floor":48},{"not_picked":["Leap","Hologram+1","Stack"],"picked":"SKIP","floor":48},{"not_picked":["Aggregate","Seek"],"picked":"Leap+1","floor":54}],"player_experience":217235,"relics_obtained":[{"floor":5.0,"key":"Bronze Scales"},{"floor":6.0,"key":"Frozen Egg 2"},{"floor":9.0,"key":"White Beast Statue"},{"floor":26.0,"key":"PreservedInsect"},{"floor":42,"key":"Du-Vu Doll"},{"floor":43,"key":"Prayer Wheel"},{"floor":54,"key":"Shuriken"}],"event_choices":[{"damage_healed":0.0,"max_hp_gain":0.0,"max_hp_loss":0.0,"gold_gain":75.0,"event_name":"World of Goop","player_choice":"Gather Gold","floor":2.0,"gold_loss":0.0,"damage_taken":11.0},{"damage_healed":0.0,"max_hp_gain":0.0,"max_hp_loss":0.0,"gold_gain":0.0,"event_name":"Scrap Ooze","player_choice":"Success","floor":4.0,"gold_loss":0.0,"damage_taken":18.0,"relics_obtained":["Anchor"]},{"cards_removed":["Dualcast"],"damage_healed":0.0,"max_hp_gain":0.0,"max_hp_loss":0.0,"gold_gain":0.0,"event_name":"Beggar","player_choice":"Gave Gold","floor":21.0,"gold_loss":75.0,"damage_taken":0.0},{"damage_healed":0.0,"max_hp_gain":0.0,"max_hp_loss":23.0,"gold_gain":0.0,"event_name":"Vampires","player_choice":"Became a vampire","floor":22.0,"gold_loss":0.0,"damage_taken":0.0,"cards_obtained":["Bite","Bite","Bite","Bite","Bite"]},{"damage_healed":0.0,"max_hp_gain":0.0,"max_hp_loss":0.0,"gold_gain":0.0,"event_name":"FaceTrader","player_choice":"Trade","floor":24.0,"gold_loss":0.0,"damage_taken":0.0,"relics_obtained":["SsserpentHead"]},{"damage_healed":0,"gold_gain":0,"player_choice":"Copied","damage_taken":0,"max_hp_gain":0,"max_hp_loss":0,"event_name":"Duplicator","floor":30,"gold_loss":0,"cards_obtained":["Storm"]},{"cards_removed":["Zap"],"damage_healed":0,"gold_gain":0,"player_choice":"Removed Skill","damage_taken":0,"max_hp_gain":0,"max_hp_loss":0,"event_name":"Falling","floor":36,"gold_loss":0},{"damage_healed":0,"gold_gain":0,"player_choice":"Ignored","damage_taken":0,"max_hp_gain":0,"max_hp_loss":0,"event_name":"Tomb of Lord Red Mask","floor":41,"gold_loss":0},{"damage_healed":0,"gold_gain":0,"player_choice":"Fight","damage_taken":0,"max_hp_gain":0,"max_hp_loss":0,"event_name":"MindBloom","floor":42,"gold_loss":0},{"damage_healed":13,"gold_gain":0,"player_choice":"Writhe","damage_taken":0,"max_hp_gain":0,"max_hp_loss":0,"event_name":"Winding Halls","floor":46,"gold_loss":0,"cards_obtained":["Writhe"]}],"is_beta":false,"boss_relics":[{"not_picked":["Runic Dome","Busted Crown"],"picked":"Fusion Hammer"},{"not_picked":["Coffee Dripper","bronze:MakeshiftBattery"],"picked":"Nuclear Battery"}],"items_purged_floors":[11,20,47],"is_endless":false,"potions_floor_spawned":[1,3,10,13,16,18,19,25,27,28,33,35,37,38,39,42,45,48,54],"killed_by":"The Heart","ascension_level":0}}