{"host":"d6gsnuetzz7j8con","time":1612326897,"event":{"mods":["AchievementEnabler","BaseMod","Better Altar","Better Match","Better Note","Better Sensory Stone","Better Skull","Better Third Choice","BetterRewards","Evolution","Minty Spire (QoL Compilation)","Remove Card Discount Mod","StSLib"],"gold_per_floor":[114,125,125,125,74,109,109,142,142,161,174,174,174,213,213,334,334,358,358,381,405,355,394,413,437,464,464,504,704,1,51,51,197,197,235,235,0,16,40,76,70,104,104,104,167,180,220,233,233,233,233,233,4,47,47],"floor_reached":56,"language":"ENG","playtime":10116,"items_purged":["Defend_G","Strike_G","Strike_G","Strike_G","Defend_G","Defend_G","Strike_G","Strike_G","Defend_G","Defend_G","Reflex","Injury","Pain","PiercingWail","Dagger Spray","Dodge and Roll","HandOfGreed+1","Parasite","Violence","Outmaneuver","Calculated Gamble","Bandage Up","Cloak And Dagger","Quick Slash"],"score":1940,"play_id":"4699f3e5-76b4-45c2-bdd8-cd21cc38fa43","local_time":"20210202233457","is_ascension_mode":true,"campfire_choices":[{"floor":7.0,"key":"REST"},{"floor":12,"key":"RECALL"},{"floor":15,"key":"REST"},{"data":"Forethought","floor":27,"key":"SMITH"},{"data":"1","floor":32,"key":"LIFT"},{"data":"2","floor":44,"key":"LIFT"},{"data":"3","floor":49,"key":"LIFT"},{"data":"Thinking Ahead","floor":52,"key":"SMITH"}],"circlet_count":0,"master_deck":["Survivor","Neutralize","Infinite Blades","Thinking Ahead+1","Footwork","Madness+1","Forethought+1","Blade Dance","Backflip","Night Terror","Blade Dance+1","Footwork+1","Cloak And Dagger+1","Tools of the Trade+1","Reflex","Acrobatics","Quick Slash+1","Terror","Outmaneuver+1","Footwork+1","Prepared","Die Die Die+1","Backflip","Tactician","Blade Dance+1","Finisher+1","Tactician+1","Calculated Gamble","Choke+1","After Image+1"],"relics":["Ring of the Snake","EVO:Axolotl","Runic Pyramid","Ornamental Fan","Du-Vu Doll","Tough Bandages","SacredBark","Ginger","Orichalcum","Bronze Scales","CultistMask","Lizard Tail","Boot","Toy Ornithopter","Frozen Egg 2","Golden Idol","War Paint","Philosopher\u0027s Stone","Enchiridion","InkBottle","Regal Pillow","Letter Opener","Molten Egg 2","Membership Card","Girya","SlaversCollar","WarpedTongs","Gambling Chip","TungstenRod","Potion Belt","Torii","Bird Faced Urn","Strawberry","Medical Kit","Tingsha","Blood Vial"],"acts_visited":["Exordium","TheCity","TheBeyond","TheEnding"],"potions_floor_usage":[],"damage_taken":[{"damage":0.0,"enemies":"2 Louse","floor":1.0,"turns":3.0},{"damage":5.0,"enemies":"Small Slimes","floor":2.0,"turns":3.0},{"damage":6.0,"enemies":"3 Sentries","floor":6.0,"turns":6.0},{"damage":0.0,"enemies":"Lagavulin","floor":8.0,"turns":6.0},{"damage":1,"enemies":"Jaw Worm","floor":10,"turns":2},{"damage":0,"enemies":"Large Slime","floor":11,"turns":4},{"damage":20,"enemies":"Gremlin Nob","floor":14,"turns":4},{"damage":4,"enemies":"Hexaghost","floor":16,"turns":8},{"damage":6,"enemies":"2 Thieves","floor":18,"turns":4},{"damage":0,"enemies":"Chosen","floor":21,"turns":4},{"damage":0,"enemies":"Gremlin Leader","floor":23,"turns":5},{"damage":10,"enemies":"Shelled Parasite and Fungi","floor":24,"turns":4},{"damage":0,"enemies":"Cultist and Chosen","floor":25,"turns":4},{"damage":0,"enemies":"Book of Stabbing","floor":28,"turns":4},{"damage":1,"enemies":"Centurion and Healer","floor":31,"turns":4},{"damage":5,"enemies":"Champ","floor":33,"turns":6},{"damage":9,"enemies":"Orb Walker","floor":35,"turns":2},{"damage":6,"enemies":"3 Shapes","floor":38,"turns":3},{"damage":0,"enemies":"Writhing Mass","floor":39,"turns":5},{"damage":0,"enemies":"Nemesis","floor":40,"turns":3},{"damage":0,"enemies":"Reptomancer","floor":42,"turns":3},{"damage":0,"enemies":"Mind Bloom Boss Battle","floor":45,"turns":1},{"damage":7,"enemies":"Spire Growth","floor":46,"turns":3},{"damage":0,"enemies":"Nemesis","floor":47,"turns":3},{"damage":0,"enemies":"Sphere and 2 Shapes","floor":48,"turns":2},{"damage":0,"enemies":"Donu and Deca","floor":50,"turns":4},{"damage":0,"enemies":"Shield and Spear","floor":54,"turns":4},{"damage":6,"enemies":"The Heart","floor":55,"turns":6}],"seed_played":"-8066970246200653704","potions_obtained":[{"floor":1.0,"key":"AttackPotion"},{"floor":2.0,"key":"Dexterity Potion"},{"floor":8.0,"key":"SneckoOil"},{"floor":18,"key":"CunningPotion"},{"floor":39,"key":"EssenceOfSteel"},{"floor":47,"key":"PowerPotion"},{"floor":54,"key":"Swift Potion"}],"is_trial":false,"path_per_floor":["M","M","?","?","$","E","R","E","T","M","M","R","?","E","R","B",null,"M","?","T","M","?","E","M","M","T","R","E","?","$","M","R","B",null,"M","?","$","M","M","E","$","E","T","R","?","M","E","M","R","B",null,"R","$","E","B",null],"character_chosen":"THE_SILENT","items_purchased":["Vajra","Infinite Blades","Cloak And Dagger","Thinking Ahead","Footwork","Madness","Lizard Tail","Quick Slash","Backflip","Molten Egg 2","Membership Card","Girya","Footwork+1","Calculated Gamble","HandOfGreed+1","Gambling Chip","Bandage Up","Tactician","Medical Kit","Tingsha"],"campfire_rested":2,"item_purchase_floors":[0,0,0,0,0,0,0,0,5,30,30,30,30,30,30,37,37,37,53,53],"current_hp_per_floor":[28,23,23,23,23,17,38,38,38,37,37,37,37,17,38,34,70,64,48,48,48,48,48,38,38,38,38,38,38,38,37,37,32,70,61,61,61,55,59,63,63,67,67,67,67,64,74,74,74,74,74,74,74,74,72],"gold":47,"neow_bonus":"","is_daily":false,"chose_seed":false,"campfire_upgraded":2,"win_rate":0.0,"timestamp":1612326897,"path_taken":["M","M","?","?","?","E","R","E","T","M","M","R","?","E","R","BOSS","M","?","?","M","?","E","M","?","T","R","E","?","$","?","R","BOSS","M","?","$","?","M","E","$","E","T","R","?","M","E","M","R","BOSS","R","$","E","BOSS"],"items_purchased_type":["Relic","Card","Card","Card","Card","Card","Relic","Card","Card","Relic","Relic","Relic","Card","Card","Card","Relic","Card","Card","Relic","Relic"],"build_version":"2020-12-22","purchased_purges":24,"victory":true,"max_hp_per_floor":[70,70,70,70,70,70,70,70,70,70,70,70,70,70,70,70,70,70,70,70,70,70,70,70,70,70,70,70,70,70,70,70,70,70,70,70,70,70,70,70,67,67,67,67,67,67,74,74,74,74,74,74,74,74,74],"card_choices":[{"not_picked":["Bane","Deadly Poison"],"picked":"Dagger Spray","floor":1.0},{"not_picked":["Riddle With Holes","Underhanded Strike"],"picked":"Blade Dance","floor":2.0},{"not_picked":["Deep Breath","Discovery"],"picked":"Violence","floor":3.0},{"not_picked":["Riddle With Holes","Bane"],"picked":"PiercingWail","floor":6.0},{"not_picked":["Infinite Blades","Backstab"],"picked":"Night Terror","floor":8.0},{"not_picked":["Eviscerate","Deflect"],"picked":"Blade Dance","floor":10},{"not_picked":["Dagger Spray","Sucker Punch"],"picked":"Footwork+1","floor":11},{"not_picked":["Dodge and Roll","Blade Dance"],"picked":"Cloak And Dagger","floor":14},{"not_picked":["Wraith Form v2+1","Doppelganger"],"picked":"Tools of the Trade+1","floor":16},{"not_picked":["Flying Knee","Dodge and Roll"],"picked":"Reflex","floor":18},{"not_picked":["All Out Attack+1","Dagger Spray"],"picked":"Acrobatics","floor":21},{"not_picked":["Backflip","Underhanded Strike"],"picked":"Quick Slash+1","floor":23},{"not_picked":["Quick Slash+1","Prepared"],"picked":"Terror","floor":24},{"not_picked":["Bane","Slice"],"picked":"Outmaneuver+1","floor":25},{"not_picked":["Deadly Poison+1","Wraith Form v2+1"],"picked":"Reflex","floor":28},{"not_picked":["Underhanded Strike+1","Acrobatics"],"picked":"Prepared","floor":31},{"not_picked":["Doppelganger","Unload+1"],"picked":"Die Die Die+1","floor":33},{"not_picked":["Dagger Spray+1","Deflect+1"],"picked":"Backflip","floor":35},{"not_picked":["Sucker Punch+1","Endless Agony+1"],"picked":"Blade Dance+1","floor":38},{"not_picked":["Outmaneuver","Deadly Poison+1"],"picked":"Finisher+1","floor":39},{"not_picked":["Dagger Throw+1","Acrobatics+1"],"picked":"Tactician+1","floor":40},{"not_picked":["Heel Hook+1","Underhanded Strike+1"],"picked":"Calculated Gamble","floor":42},{"not_picked":["Masterful Stab+1","Quick Slash+1"],"picked":"Choke+1","floor":45},{"not_picked":["Blade Dance","Finisher+1"],"picked":"After Image+1","floor":46},{"not_picked":["Bouncing Flask","Riddle With Holes+1","Flying Knee+1"],"picked":"SKIP","floor":47},{"not_picked":["Outmaneuver","Cloak And Dagger","Dagger Spray+1"],"picked":"SKIP","floor":48},{"not_picked":["Distraction+1","Bane+1","Leg Sweep+1"],"picked":"SKIP","floor":54}],"player_experience":110081,"relics_obtained":[{"floor":6.0,"key":"Boot"},{"floor":8.0,"key":"Toy Ornithopter"},{"floor":9,"key":"Frozen Egg 2"},{"floor":14,"key":"War Paint"},{"floor":19,"key":"Enchiridion"},{"floor":23,"key":"InkBottle"},{"floor":26,"key":"Regal Pillow"},{"floor":28,"key":"Letter Opener"},{"floor":40,"key":"TungstenRod"},{"floor":42,"key":"Potion Belt"},{"floor":43,"key":"Torii"},{"floor":45,"key":"Bird Faced Urn"},{"floor":47,"key":"Strawberry"},{"floor":54,"key":"Blood Vial"}],"event_choices":[{"damage_healed":0.0,"max_hp_gain":0.0,"max_hp_loss":0.0,"gold_gain":1.0,"event_name":"betterStone:BetterStone","player_choice":"1","floor":3.0,"gold_loss":0.0,"damage_taken":0.0},{"damage_healed":0.0,"max_hp_gain":0.0,"max_hp_loss":0.0,"gold_gain":0.0,"event_name":"Living Wall","player_choice":"Grow","floor":4.0,"gold_loss":0.0,"damage_taken":0.0,"cards_upgraded":["Madness"]},{"damage_healed":0,"gold_gain":0,"player_choice":"Take Wound","damage_taken":0,"relics_obtained":["Golden Idol"],"max_hp_gain":0,"max_hp_loss":0,"event_name":"Golden Idol","floor":13,"gold_loss":0,"cards_obtained":["Injury"]},{"damage_healed":0,"gold_gain":0,"player_choice":"Obtained Book","damage_taken":16,"max_hp_gain":0,"max_hp_loss":0,"event_name":"Cursed Tome","floor":19,"gold_loss":0},{"damage_healed":0,"gold_gain":0,"player_choice":"Bet on Murderer","damage_taken":0,"max_hp_gain":0,"max_hp_loss":0,"event_name":"The Joust","floor":22,"gold_loss":50},{"damage_healed":0,"gold_gain":200,"player_choice":"Gold","damage_taken":0,"max_hp_gain":0,"max_hp_loss":0,"event_name":"Wheel of Change","floor":29,"gold_loss":0},{"damage_healed":0,"gold_gain":0,"player_choice":"Rummage","damage_taken":0,"relics_obtained":["WarpedTongs"],"max_hp_gain":0,"max_hp_loss":0,"event_name":"Accursed Blacksmith","floor":36,"gold_loss":0,"cards_obtained":["Pain"]},{"damage_healed":0,"gold_gain":0,"player_choice":"Fight","damage_taken":0,"max_hp_gain":0,"max_hp_loss":0,"event_name":"MindBloom","floor":45,"gold_loss":0}],"is_beta":false,"boss_relics":[{"not_picked":["Busted Crown","Calling Bell"],"picked":"Philosopher\u0027s Stone"},{"not_picked":["Runic Dome","Black Star"],"picked":"SlaversCollar"}],"items_purged_floors":[0,0,0,0,0,0,0,5,5,5,37,37,37,37,37,37,37,41,41,41,53,53,53,53],"is_endless":false,"potions_floor_spawned":[1,2,8,14,18,33,35,39,40,47,54],"ascension_level":2}}