{"host":"0xtpc43j5kblke7u","time":1612330053,"event":{"mods":["AchievementEnabler","BaseMod","Colored Map","Highlight Path","Minty Spire (QoL Compilation)"],"gold_per_floor":[219,237,252,25,25,52,52,70,70,96,17,17,17],"floor_reached":12,"language":"ENG","playtime":536,"items_purged":["Strike_R"],"score":136,"play_id":"2a6962f6-8a5d-4cee-99ce-c5213f5f81ef","local_time":"20210203002733","is_ascension_mode":true,"campfire_choices":[{"data":"Uppercut","floor":7,"key":"SMITH"}],"circlet_count":0,"master_deck":["AscendersBane","Strike_R","Strike_R","Strike_R","Strike_R","Defend_R","Defend_R","Defend_R","Defend_R","Bash","Sword Boomerang","Shockwave","Flame Barrier","Uppercut+1","Armaments","Twin Strike","True Grit","Inflame"],"relics":["Burning Blood","Tiny Chest","Art of War","Letter Opener"],"acts_visited":["Exordium"],"potions_floor_usage":[8,8],"damage_taken":[{"damage":9,"enemies":"Small Slimes","floor":1,"turns":4},{"damage":13,"enemies":"Jaw Worm","floor":2,"turns":4},{"damage":15,"enemies":"2 Louse","floor":3,"turns":3},{"damage":36,"enemies":"Gremlin Nob","floor":6,"turns":5},{"damage":10,"enemies":"Exordium Wildlife","floor":8,"turns":4},{"damage":40,"enemies":"3 Sentries","floor":10,"turns":9},{"damage":20,"enemies":"Lagavulin","floor":12,"turns":3}],"seed_played":"-6173256717035158281","potions_obtained":[{"floor":2,"key":"SkillPotion"},{"floor":3,"key":"SkillPotion"}],"is_trial":false,"path_per_floor":["M","M","M","$","?","E","R","M","T","E","$","E"],"character_chosen":"IRONCLAD","items_purchased":["Uppercut","Armaments","Twin Strike","Inflame"],"campfire_rested":0,"item_purchase_floors":[4,4,4,11],"current_hp_per_floor":[69,62,53,53,79,49,49,45,45,11,11,0,0],"gold":17,"neow_bonus":"HUNDRED_GOLD","is_daily":false,"chose_seed":false,"campfire_upgraded":1,"win_rate":0.0,"timestamp":1612330053,"path_taken":["M","M","M","$","?","E","R","M","T","E","$","E"],"items_purchased_type":["Card","Card","Card","Card"],"build_version":"2020-12-22","purchased_purges":1,"victory":false,"max_hp_per_floor":[80,80,80,80,80,80,80,80,80,80,80,80,80],"card_choices":[{"not_picked":["Pummel","Dark Embrace"],"picked":"Sword Boomerang","floor":1},{"not_picked":["Perfected Strike","Sever Soul"],"picked":"Shockwave","floor":2},{"not_picked":["Burning Pact","Heavy Blade"],"picked":"Flame Barrier","floor":3},{"not_picked":["Limit Break","Entrench","Perfected Strike"],"picked":"SKIP","floor":6},{"not_picked":["Uppercut","Flame Barrier","Fire Breathing"],"picked":"SKIP","floor":8},{"not_picked":["Havoc","Dual Wield"],"picked":"True Grit","floor":10}],"player_experience":663986,"relics_obtained":[{"floor":6,"key":"Tiny Chest"},{"floor":9,"key":"Art of War"},{"floor":10,"key":"Letter Opener"}],"event_choices":[{"damage_healed":26,"gold_gain":0,"player_choice":"Banana","damage_taken":0,"max_hp_gain":0,"max_hp_loss":0,"event_name":"Big Fish","floor":5,"gold_loss":0}],"is_beta":false,"boss_relics":[],"items_purged_floors":[4],"is_endless":false,"potions_floor_spawned":[2,3],"killed_by":"Lagavulin","ascension_level":11}}