{"host":"ypzb5vvnu9f3ii1t","time":1612370516,"event":{"mods":["AchievementEnabler","BaseMod","Colored Map","DeckTracker","Keyboard Shortcuts","Minty Spire (QoL Compilation)","Permanent Neow","Quick Restart","SuperFastMode"],"gold_per_floor":[113,38,48,223,0,0,35,35,83,83,83,99,131,191,191,294,294,305,208,208,208,220,253,253,272,272,272,289,305,317,335,335,437,437,454,454,472,472,472,353,403,437,462,462,476,10,22,42,42,42],"floor_reached":51,"language":"KOR","playtime":2290,"items_purged":["Doubt"],"score":891,"play_id":"bab4b51f-ff48-45ce-b68b-1467b9a45fbc","local_time":"20210204014156","is_ascension_mode":true,"campfire_choices":[{"data":"Searing Blow","floor":6.0,"key":"SMITH"},{"data":"Searing Blow+1","floor":8.0,"key":"SMITH"},{"data":"Searing Blow+2","floor":15.0,"key":"SMITH"},{"data":"Searing Blow+3","floor":24.0,"key":"SMITH"},{"data":"Searing Blow+4","floor":32.0,"key":"SMITH"},{"data":"Searing Blow+6","floor":44.0,"key":"SMITH"},{"floor":49.0,"key":"REST"}],"circlet_count":0,"master_deck":["Strike_R+1","Strike_R+1","Strike_R+1","Strike_R+1","Strike_R+1","Defend_R+1","Defend_R+1","Defend_R+1","Bash","Searing Blow+7","Double Tap","Battle Trance","Reaper","Shrug It Off+1","Pommel Strike","Inflame","Ghostly","Ghostly","Ghostly","Ghostly","Ghostly","Disarm+1","Dropkick+1","True Grit+1","Inflame+1","Inflame","Limit Break","CurseOfTheBell","Dual Wield","Sentinel+1","Perfected Strike+1","Evolve+1","Twin Strike","Pommel Strike+1"],"relics":["Burning Blood","NeowsBlessing","Sling","Happy Flower","Bag of Marbles","Champion Belt","Snecko Eye","Boot","Anchor","Calling Bell","Bag of Preparation","The Courier","Ice Cream","Orrery","Centennial Puzzle","Red Skull","Smiling Mask","Medical Kit","Pen Nib"],"acts_visited":["Exordium","TheCity","TheBeyond"],"potions_floor_usage":[50,50,50],"damage_taken":[{"damage":0.0,"enemies":"2 Louse","floor":1.0,"turns":1.0},{"damage":0.0,"enemies":"Cultist","floor":3.0,"turns":1.0},{"damage":0.0,"enemies":"3 Sentries","floor":7.0,"turns":1.0},{"damage":12.0,"enemies":"Jaw Worm","floor":12.0,"turns":2.0},{"damage":17.0,"enemies":"Lagavulin","floor":13.0,"turns":3.0},{"damage":45.0,"enemies":"Hexaghost","floor":16.0,"turns":6.0},{"damage":11.0,"enemies":"Spheric Guardian","floor":18.0,"turns":3.0},{"damage":1.0,"enemies":"2 Thieves","floor":22.0,"turns":3.0},{"damage":13.0,"enemies":"Gremlin Leader","floor":23.0,"turns":4.0},{"damage":0.0,"enemies":"Snake Plant","floor":25.0,"turns":3.0},{"damage":0.0,"enemies":"Snecko","floor":28.0,"turns":3.0},{"damage":2.0,"enemies":"Centurion and Healer","floor":29.0,"turns":5.0},{"damage":1.0,"enemies":"Cultist and Chosen","floor":30.0,"turns":5.0},{"damage":0.0,"enemies":"3 Cultists","floor":31.0,"turns":4.0},{"damage":27.0,"enemies":"Automaton","floor":33.0,"turns":9.0},{"damage":5.0,"enemies":"3 Darklings","floor":35.0,"turns":5.0},{"damage":2.0,"enemies":"Orb Walker","floor":37.0,"turns":4.0},{"damage":27.0,"enemies":"Nemesis","floor":42.0,"turns":3.0},{"damage":0.0,"enemies":"Jaw Worm Horde","floor":45.0,"turns":3.0},{"damage":0.0,"enemies":"Spire Growth","floor":47.0,"turns":2.0},{"damage":23.0,"enemies":"3 Darklings","floor":48.0,"turns":7.0},{"damage":45,"enemies":"Time Eater","floor":50,"turns":8}],"seed_played":"8120993062010833986","potions_obtained":[{"floor":1.0,"key":"PowerPotion"},{"floor":13.0,"key":"Block Potion"},{"floor":16.0,"key":"HeartOfIron"},{"floor":18.0,"key":"BlessingOfTheForge"},{"floor":28.0,"key":"DuplicationPotion"},{"floor":29.0,"key":"EssenceOfSteel"},{"floor":33.0,"key":"ElixirPotion"},{"floor":35.0,"key":"Strength Potion"},{"floor":42.0,"key":"BloodPotion"}],"is_trial":false,"path_per_floor":["M","$","M","?","$","R","E","R","T","?","?","M","E","?","R","B",null,"M","$","?","?","M","E","R","M","T","?","M","M","M","M","R","B",null,"M","?","M","$","?","$","T","E","T","R","M","$","M","M","R","B",null],"character_chosen":"IRONCLAD","items_purchased":["Searing Blow","Sling","Pommel Strike","Inflame","Orrery","Medical Kit","HeartOfIron","BloodPotion","Pen Nib","Weak Potion","LiquidMemories"],"campfire_rested":1,"item_purchase_floors":[2,5,19,19,40,46,46,46,46,46,46],"current_hp_per_floor":[80,80,80,80,80,80,80,80,80,85,85,79,68,68,68,29,85,80,80,42,42,42,42,42,42,42,42,42,42,42,42,42,39,42,42,42,42,42,42,42,42,21,21,21,27,42,42,28,40,24],"gold":42,"neow_bonus":"THREE_ENEMY_KILL","is_daily":false,"chose_seed":false,"campfire_upgraded":6,"win_rate":0.0,"timestamp":1612370516,"path_taken":["M","$","M","?","$","R","E","R","T","?","?","?","E","?","R","BOSS","M","$","?","?","M","E","R","M","T","?","?","M","M","M","R","BOSS","M","?","M","?","?","$","?","E","T","R","M","$","M","?","R","BOSS"],"items_purchased_type":["Card","Relic","Card","Card","Relic","Relic","Potion","Potion","Relic","Potion","Potion"],"build_version":"2020-12-22","purchased_purges":1,"victory":true,"max_hp_per_floor":[80,80,80,80,80,80,80,80,80,85,85,85,85,85,85,85,85,85,85,42,42,42,42,42,42,42,42,42,42,42,42,42,42,42,42,42,42,42,42,42,42,42,42,42,42,42,42,42,42,42],"card_choices":[{"not_picked":["Infernal Blade","Anger","Sentinel"],"picked":"SKIP","floor":1.0},{"not_picked":["Reckless Charge","Headbutt","Searing Blow"],"picked":"SKIP","floor":3.0},{"not_picked":["Uppercut","Rampage"],"picked":"Perfected Strike","floor":7.0},{"not_picked":["Thunderclap","Burning Pact"],"picked":"Battle Trance","floor":12.0},{"not_picked":["Infernal Blade","Shrug It Off","Reckless Charge"],"picked":"SKIP","floor":13.0},{"not_picked":["Immolate","Offering"],"picked":"Reaper","floor":16.0},{"not_picked":["Flex","Body Slam"],"picked":"Shrug It Off+1","floor":18.0},{"not_picked":["Warcry","Searing Blow","Disarm+1"],"picked":"SKIP","floor":22.0},{"not_picked":["Warcry","Searing Blow"],"picked":"Disarm+1","floor":22.0},{"not_picked":["Reckless Charge","Clash","Combust"],"picked":"SKIP","floor":23.0},{"not_picked":["Spot Weakness+1","Dark Embrace+1"],"picked":"Dropkick+1","floor":25.0},{"not_picked":["Flex","Wild Strike","Infernal Blade+1"],"picked":"SKIP","floor":28.0},{"not_picked":["Havoc","Cleave","True Grit+1"],"picked":"SKIP","floor":29.0},{"not_picked":["Havoc","Cleave","True Grit+1"],"picked":"SKIP","floor":29.0},{"not_picked":["Havoc","Cleave"],"picked":"True Grit+1","floor":29.0},{"not_picked":["Clothesline","Twin Strike"],"picked":"Inflame+1","floor":30.0},{"not_picked":["Feed","Havoc"],"picked":"Inflame","floor":31.0},{"not_picked":["Reaper","Fiend Fire"],"picked":"Limit Break","floor":33.0},{"not_picked":["Combust","Searing Blow","Dropkick+1"],"picked":"SKIP","floor":35.0},{"not_picked":["Disarm+1","Heavy Blade+1"],"picked":"Dual Wield","floor":37.0},{"not_picked":["Clash","Cleave+1"],"picked":"Sentinel+1","floor":40.0},{"not_picked":["Combust","Twin Strike"],"picked":"Perfected Strike+1","floor":40.0},{"not_picked":["Brutality","Rage+1"],"picked":"Evolve+1","floor":40.0},{"not_picked":["Fire Breathing","Juggernaut"],"picked":"Twin Strike","floor":42.0},{"not_picked":["Thunderclap+1","Intimidate","Warcry+1"],"picked":"SKIP","floor":45.0},{"not_picked":["Blood for Blood+1","Ghostly Armor+1"],"picked":"Pommel Strike+1","floor":47.0},{"not_picked":["Clash+1","Clothesline","Iron Wave+1"],"picked":"SKIP","floor":48.0}],"player_experience":167527,"relics_obtained":[{"floor":7.0,"key":"Happy Flower"},{"floor":9.0,"key":"Bag of Marbles"},{"floor":13.0,"key":"Champion Belt"},{"floor":23.0,"key":"Boot"},{"floor":26.0,"key":"Anchor"},{"floor":34.0,"key":"Bag of Preparation"},{"floor":34.0,"key":"The Courier"},{"floor":34.0,"key":"Ice Cream"},{"floor":41.0,"key":"Centennial Puzzle"},{"floor":42.0,"key":"Red Skull"},{"floor":43.0,"key":"Smiling Mask"}],"event_choices":[{"damage_healed":0.0,"max_hp_gain":0.0,"max_hp_loss":0.0,"gold_gain":175.0,"event_name":"Liars Game","player_choice":"AGREE","floor":4.0,"gold_loss":0.0,"damage_taken":0.0,"cards_obtained":["Doubt"]},{"damage_healed":0.0,"max_hp_gain":5.0,"max_hp_loss":0.0,"gold_gain":0.0,"event_name":"Big Fish","player_choice":"Donut","floor":10.0,"gold_loss":0.0,"damage_taken":0.0},{"damage_healed":0.0,"max_hp_gain":0.0,"max_hp_loss":0.0,"gold_gain":0.0,"cards_transformed":["Defend_R"],"event_name":"Transmorgrifier","player_choice":"Transformed","floor":11.0,"gold_loss":0.0,"damage_taken":0.0,"cards_obtained":["Double Tap"]},{"damage_healed":0.0,"max_hp_gain":0.0,"max_hp_loss":0.0,"gold_gain":60.0,"event_name":"Golden Wing","player_choice":"Gained Gold","floor":14.0,"gold_loss":0.0,"damage_taken":0.0},{"damage_healed":0.0,"max_hp_gain":0.0,"max_hp_loss":43.0,"gold_gain":0.0,"event_name":"Ghosts","player_choice":"Became a Ghost","floor":20.0,"gold_loss":0.0,"damage_taken":0.0,"cards_obtained":["Ghostly","Ghostly","Ghostly","Ghostly","Ghostly"]},{"damage_healed":0.0,"max_hp_gain":0.0,"max_hp_loss":0.0,"gold_gain":0.0,"event_name":"Back to Basics","player_choice":"Simplicity","floor":21.0,"gold_loss":0.0,"damage_taken":0.0,"cards_upgraded":["Strike_R","Strike_R","Strike_R","Strike_R","Strike_R","Defend_R","Defend_R","Defend_R"]},{"damage_healed":0.0,"max_hp_gain":0.0,"max_hp_loss":0.0,"gold_gain":0.0,"event_name":"The Woman in Blue","player_choice":"Bought 0 Potions","floor":27.0,"gold_loss":0.0,"damage_taken":0.0},{"damage_healed":0.0,"max_hp_gain":0.0,"max_hp_loss":0.0,"gold_gain":0.0,"event_name":"Accursed Blacksmith","player_choice":"Forge","floor":36.0,"gold_loss":0.0,"damage_taken":0.0,"cards_upgraded":["Searing Blow"]},{"cards_removed":["Perfected Strike"],"damage_healed":0.0,"max_hp_gain":0.0,"max_hp_loss":0.0,"gold_gain":0.0,"event_name":"Falling","player_choice":"Removed Attack","floor":39.0,"gold_loss":0.0,"damage_taken":0.0}],"is_beta":false,"boss_relics":[{"not_picked":["SlaversCollar","Sozu"],"picked":"Snecko Eye"},{"not_picked":["Runic Cube","Busted Crown"],"picked":"Calling Bell"}],"items_purged_floors":[5],"is_endless":false,"potions_floor_spawned":[1,13,16,18,28,29,31,33,35,42,48],"ascension_level":4}}