{"host":"mw3dmj42qtkbha4b","time":1612349302,"event":{"mods":["BaseMod","Colored Map","Colored Powertips","DeckTracker","Minty Spire (QoL Compilation)","StSLib","SuperFastMode"],"gold_per_floor":[119,44,59,71,71,106,124,124,124],"floor_reached":8,"language":"KOR","playtime":182,"items_purged":["Defend_P"],"score":116,"play_id":"67933825-e53d-46d3-b93b-3eb6e4c65974","local_time":"20210203194822","is_ascension_mode":true,"campfire_choices":[],"circlet_count":0,"master_deck":["AscendersBane","Strike_P","Strike_P","Strike_P","Strike_P","Defend_P+1","Defend_P","Defend_P","Eruption","Vigilance+1","Indignation"],"relics":["PureWater","NeowsBlessing","War Paint"],"acts_visited":["Exordium"],"potions_floor_usage":[8],"damage_taken":[{"damage":0.0,"enemies":"Small Slimes","floor":1.0,"turns":1.0},{"damage":0.0,"enemies":"2 Louse","floor":3.0,"turns":1.0},{"damage":0.0,"enemies":"Jaw Worm","floor":4.0,"turns":1.0},{"damage":28.0,"enemies":"Gremlin Nob","floor":6.0,"turns":4.0},{"damage":30.0,"enemies":"Gremlin Gang","floor":7.0,"turns":4.0},{"damage":3,"enemies":"Lagavulin","floor":8,"turns":2}],"seed_played":"-4074295178988934958","potions_obtained":[{"floor":1.0,"key":"Weak Potion"},{"floor":4.0,"key":"Weak Potion"},{"floor":7.0,"key":"DistilledChaos"}],"is_trial":false,"path_per_floor":["M","$","M","M","$","E","M","E"],"character_chosen":"WATCHER","items_purchased":[],"campfire_rested":0,"item_purchase_floors":[],"current_hp_per_floor":[61,61,61,61,61,33,3,0,0],"gold":124,"neow_bonus":"THREE_ENEMY_KILL","is_daily":false,"chose_seed":false,"campfire_upgraded":0,"win_rate":0.0,"timestamp":1612349302,"path_taken":["M","$","M","M","$","E","M","E"],"items_purchased_type":[],"build_version":"2020-12-22","purchased_purges":1,"victory":false,"max_hp_per_floor":[68,68,68,68,68,68,68,68,68],"card_choices":[{"not_picked":["InnerPeace","SignatureMove","WheelKick"],"picked":"SKIP","floor":1.0},{"not_picked":["EmptyFist","WindmillStrike","CutThroughFate"],"picked":"SKIP","floor":3.0},{"not_picked":["CarveReality","DeceiveReality","Wireheading"],"picked":"SKIP","floor":4.0},{"not_picked":["EmptyBody","CutThroughFate","PathToVictory"],"picked":"SKIP","floor":6.0},{"not_picked":["CrushJoints","WindmillStrike"],"picked":"Indignation","floor":7.0}],"player_experience":1794822,"relics_obtained":[{"floor":6.0,"key":"War Paint"}],"event_choices":[],"is_beta":false,"boss_relics":[],"items_purged_floors":[2],"is_endless":false,"potions_floor_spawned":[1,4,7],"killed_by":"Lagavulin","ascension_level":20}}