{"host":"l84l8xigz5v5foa2","time":1612319419,"event":{"mods":["2.2 Compatiblity","AchievementEnabler","BaseMod","Better Note","Better Vampires","BetterRewards","Card Filter","Colored Map","DeckTracker","Downfall","Gremlin Skip","Highlight Path","Keyboard Shortcuts","Minty Spire (QoL Compilation)","Permanent Neow","Quick Restart","Relic Filter","Relic Stats","StSLib","SuperFastMode","Transform Curses","Unknown Chances"],"gold_per_floor":[19,19,30,43,43,43,76,76,76,76,1,16,16,54,54,144,144,163,186,206,206,206,206,206],"floor_reached":22,"language":"ENG","playtime":654,"items_purged":["hexamod:Strike"],"score":538,"play_id":"fadc54a1-be74-4553-8037-4aaf694bf3da","local_time":"20210203113019","is_ascension_mode":true,"campfire_choices":[{"data":"Mayhem","floor":6.0,"key":"SMITH"},{"data":"hexamod:Float","floor":8.0,"key":"SMITH"},{"data":"hexamod:RainOfEmbers","floor":10.0,"key":"SMITH"},{"data":"hexamod:FastForward","floor":15.0,"key":"SMITH"}],"circlet_count":0,"master_deck":["AscendersBane","hexamod:Strike","hexamod:Strike","hexamod:Strike","hexamod:Defend","hexamod:Defend","hexamod:Defend","hexamod:Defend","hexamod:Sear","hexamod:Float+1","Mayhem+1","hexamod:SwordOfDarkness","hexamod:InspiringFlames","hexamod:RainOfEmbers+1","hexamod:HauntingEcho","hexamod:FastForward+1","hexamod:GhostShield","hexamod:SearingWound","hexamod:HeatMetal+1"],"relics":["hexamod:SpiritBrand","Gremlin Horn","bronze:DecasWashers","Golden Idol","hexamod:Sixitude","SlaversCollar"],"acts_visited":["Exordium","TheCity"],"potions_floor_usage":[],"damage_taken":[{"damage":0.0,"enemies":"2 Louse","floor":1.0,"turns":3.0},{"damage":2.0,"enemies":"Jaw Worm","floor":3.0,"turns":3.0},{"damage":2.0,"enemies":"Small Slimes","floor":4.0,"turns":3.0},{"damage":22.0,"enemies":"3 Sentries","floor":7.0,"turns":7.0},{"damage":0.0,"enemies":"3 Louse","floor":12.0,"turns":2.0},{"damage":0.0,"enemies":"Lagavulin","floor":14.0,"turns":6.0},{"damage":0.0,"enemies":"Hexaghost","floor":16.0,"turns":8.0},{"damage":1.0,"enemies":"3 Byrds","floor":18.0,"turns":4.0},{"damage":6.0,"enemies":"Shell Parasite","floor":19.0,"turns":5.0},{"damage":37.0,"enemies":"Chosen and Byrds","floor":20.0,"turns":7.0},{"damage":18,"enemies":"Snake Plant","floor":22,"turns":2}],"seed_played":"4282004239394105128","potions_obtained":[{"floor":3.0,"key":"hexamod:EctoCoolerPotion"},{"floor":16.0,"key":"AttackPotion"},{"floor":19.0,"key":"Block Potion"},{"floor":20.0,"key":"Fruit Juice"}],"is_trial":false,"path_per_floor":["M","?","M","M","?","R","E","R","T","R","$","M","?","E","R","B",null,"M","M","M","?","M"],"character_chosen":"THE_SPIRIT","items_purchased":[],"campfire_rested":0,"item_purchase_floors":[],"current_hp_per_floor":[57,57,55,53,58,58,36,36,36,36,36,36,36,36,36,36,56,55,49,17,17,0,0,0],"gold":206,"neow_bonus":"RANDOM_COLORLESS_2","is_daily":false,"chose_seed":false,"campfire_upgraded":4,"win_rate":0.0,"timestamp":1612319419,"path_taken":["M","?","M","M","?","R","E","R","T","R","?","M","?","E","R","BOSS","M","M","M","?","?"],"items_purchased_type":[],"build_version":"2020-12-22","purchased_purges":1,"victory":false,"max_hp_per_floor":[63,63,63,63,68,68,68,68,68,68,68,68,62,62,62,62,62,62,62,67,67,67,67,67],"relic_stats":{"Gremlin Horn":[5,5],"counters":[11,50],"Golden Idol":39,"obtain_stats":[{"SlaversCollar":17,"Gremlin Horn":7,"Golden Idol":13,"bronze:DecasWashers":9,"hexamod:Sixitude":14,"hexamod:SpiritBrand":0},{"SlaversCollar":7,"Gremlin Horn":4,"Golden Idol":5,"bronze:DecasWashers":4,"hexamod:Sixitude":6,"hexamod:SpiritBrand":0},{"SlaversCollar":32,"Gremlin Horn":16,"Golden Idol":18,"bronze:DecasWashers":16,"hexamod:Sixitude":24,"hexamod:SpiritBrand":0}]},"card_choices":[{"not_picked":["The Bomb","Metamorphosis"],"picked":"Mayhem","floor":0.0},{"not_picked":["hexamod:ExtraCrispy","hexamod:GhostLash"],"picked":"hexamod:SwordOfDarkness","floor":1.0},{"not_picked":["hexamod:SwordOfDarkness","hexamod:ExtraCrispy"],"picked":"hexamod:InspiringFlames","floor":3.0},{"not_picked":["hexamod:Hexaguard","hexamod:Again"],"picked":"hexamod:RainOfEmbers","floor":4.0},{"not_picked":["hexamod:Again","hexamod:NightmareStrike"],"picked":"hexamod:HauntingEcho","floor":7.0},{"not_picked":["hexamod:PowerFromBeyond","hexamod:SearingWound"],"picked":"hexamod:FastForward","floor":12.0},{"not_picked":["hexamod:RecurringNightmare","hexamod:GhostLash"],"picked":"hexamod:GhostShield","floor":14.0},{"not_picked":["hexamod:FlameSwitch","hexamod:ApocalypseNow"],"picked":"hexamod:SearingWound","floor":16.0},{"not_picked":["hexamod:GhostLash","hexamod:FastForward","hexamod:SuperheatedStrike"],"picked":"SKIP","floor":18.0},{"not_picked":["hexamod:Hexaguard","hexamod:NightmareStrike"],"picked":"hexamod:HeatMetal+1","floor":19.0},{"not_picked":["hexamod:ShieldOfDarkness","hexamod:PhantomFireball","hexamod:PhantomCloak+1"],"picked":"SKIP","floor":20.0}],"player_experience":3527535,"relics_obtained":[{"floor":7.0,"key":"Gremlin Horn"},{"floor":9.0,"key":"bronze:DecasWashers"},{"floor":14.0,"key":"hexamod:Sixitude"}],"event_choices":[{"damage_healed":0.0,"max_hp_gain":0.0,"max_hp_loss":0.0,"gold_gain":0.0,"event_name":"Liars Game","player_choice":"Ignored","floor":2.0,"gold_loss":0.0,"damage_taken":0.0},{"damage_healed":0.0,"max_hp_gain":5.0,"max_hp_loss":0.0,"gold_gain":0.0,"event_name":"Big Fish","player_choice":"Donut","floor":5.0,"gold_loss":0.0,"damage_taken":0.0},{"damage_healed":0.0,"max_hp_gain":0.0,"max_hp_loss":6.0,"gold_gain":0.0,"event_name":"Golden Idol","player_choice":"Lose Max HP","floor":13.0,"gold_loss":0.0,"damage_taken":0.0,"relics_obtained":["Golden Idol"]}],"is_beta":false,"boss_relics":[{"not_picked":["Busted Crown","Empty Cage"],"picked":"SlaversCollar"}],"items_purged_floors":[11],"is_endless":false,"potions_floor_spawned":[3,16,19,20],"killed_by":"Snake Plant","ascension_level":20}}