{"host":"xx5zt3jtdyh8iun7","time":1612381878,"event":{"mods":["AchievementEnabler","Act Like it!","BaseMod","Downfall","Hallownest","Minty Spire (QoL Compilation)","StSLib","The Marked"],"gold_per_floor":[117,148,166,166,166,201,201,214,240,18,18,31,31,171,171,270,270,282,282,40,57,57,57,90,90,90,90,102,120,146,199,199,297,297,312,472,491,491,491,491,523,523,523,523,541,58,58,71,71,71],"floor_reached":51,"language":"ENG","playtime":3436,"items_purged":["Strike_R","Hallownest:curseDreamersLament"],"score":804,"play_id":"444f8a15-a4dd-4832-9f67-130dfca57af8","local_time":"20210203205118","is_ascension_mode":true,"campfire_choices":[{"floor":7,"key":"REST"},{"data":"Bash","floor":11,"key":"SMITH"},{"data":"Metallicize","floor":15,"key":"SMITH"},{"data":"Immolate","floor":23,"key":"SMITH"},{"data":"Evolve","floor":32,"key":"SMITH"},{"data":"Limit Break","floor":40,"key":"SMITH"},{"data":"Limit Break","floor":44,"key":"SMITH"},{"data":"Sadistic Nature","floor":47,"key":"SMITH"},{"floor":49,"key":"REST"}],"circlet_count":0,"master_deck":["Strike_R+1","Strike_R","Defend_R","Defend_R","Defend_R","Bash+1","Metallicize+1","Dropkick","Metallicize+1","Cleave+1","Intimidate","Rage","Immolate+1","Sword Boomerang+1","Uppercut+1","Armaments","Evolve+1","Seeing Red","Limit Break+1","Spot Weakness+1","Heavy Blade+1","Limit Break+1","Sadistic Nature+1","Dropkick+1","Reaper+1"],"relics":["Burning Blood","Anchor","Omamori","Boot","Oddly Smooth Stone","PreservedInsect","Philosopher\u0027s Stone","Ornamental Fan","Molten Egg 2","Bottled Lightning","Whetstone","InkBottle","Bag of Preparation","Ice Cream","Velvet Choker","Hallownest:GodTamersBeastRelic","Self Forming Clay","Juzu Bracelet","Hallownest:BeastSealRelic","Mummified Hand"],"acts_visited":["Hallownest:Greenpath","Hallownest:CityofTears","Hallownest:KingdomsEdge"],"potions_floor_usage":[6,33,33,36,50,50],"damage_taken":[{"damage":1,"enemies":"2_ Uuma","floor":1,"turns":6},{"damage":32,"enemies":"Hallownest:eliteCrystalGuardian","floor":2,"turns":8},{"damage":0,"enemies":"Hallownest:monsterHuskWarrior","floor":3,"turns":4},{"damage":11,"enemies":"Hallownest:monsterMarmu","floor":5,"turns":10},{"damage":44,"enemies":"Hallownest:eliteVengeflyKing","floor":6,"turns":15},{"damage":1,"enemies":"Hallownest:monsterHuskGuard","floor":8,"turns":4},{"damage":0,"enemies":"Hallownest:monsterAspidMother","floor":12,"turns":5},{"damage":32,"enemies":"Hallownest:BossBrokenVessel","floor":16,"turns":13},{"damage":0,"enemies":"Hallownest:Flukemon_and_Top","floor":18,"turns":4},{"damage":0,"enemies":"Hallownest:3_Youths","floor":21,"turns":5},{"damage":0,"enemies":"Hallownest:Nosk","floor":24,"turns":7},{"damage":5,"enemies":"Hallownest:2_Husk_Sentries","floor":28,"turns":3},{"damage":0,"enemies":"Hallownest:monsterShrumalOgre","floor":29,"turns":3},{"damage":12,"enemies":"Hallownest:eliteSoulWarrior","floor":30,"turns":5},{"damage":1,"enemies":"Hallownest:Glutton_and_Coward","floor":31,"turns":3},{"damage":31,"enemies":"Hallownest:BossGrimm","floor":33,"turns":8},{"damage":19,"enemies":"Hallownest:3_Siblings","floor":35,"turns":10},{"damage":17,"enemies":"Hallownest:3_Siblings","floor":36,"turns":5},{"damage":19,"enemies":"Hallownest:3_Siblings","floor":36,"turns":4},{"damage":22,"enemies":"Hallownest:3_Siblings","floor":36,"turns":4},{"damage":0,"enemies":"Hallownest:3_Siblings","floor":36,"turns":2},{"damage":19,"enemies":"Hallownest:2_Littles","floor":37,"turns":5},{"damage":0,"enemies":"Hallownest:StalkingDevout","floor":41,"turns":4},{"damage":1,"enemies":"Hallownest:2_Soldiers_and_1_Guardian","floor":45,"turns":8},{"damage":0,"enemies":"Hallownest:2_Great","floor":48,"turns":3},{"damage":72,"enemies":"Hallownest:BossHollowKnight","floor":50,"turns":5}],"seed_played":"-186019342434112836","potions_obtained":[{"floor":2,"key":"Swift Potion"},{"floor":6,"key":"ElixirPotion"},{"floor":16,"key":"Dexterity Potion"},{"floor":24,"key":"Block Potion"},{"floor":28,"key":"sneckomod:MuddlingPotion"},{"floor":33,"key":"BlessingOfTheForge"},{"floor":41,"key":"FearPotion"},{"floor":45,"key":"GamblersBrew"},{"floor":48,"key":"DistilledChaos"}],"is_trial":false,"path_per_floor":["M","?","M","?","?","E","R","M","T","$","R","M","?","?","R","B",null,"M","?","$","M","T","R","E","?","T","T","M","M","E","M","R","B",null,"M","?","M","T","?","R","E","?","T","R","M","$","R","M","R","B",null],"character_chosen":"IRONCLAD","items_purchased":["PreservedInsect","Molten Egg 2","Sadistic Nature","Dropkick+1","Reaper+1"],"campfire_rested":2,"item_purchase_floors":[10,20,46,46,46],"current_hp_per_floor":[80,54,60,70,65,27,54,59,59,59,59,65,65,65,65,39,90,90,90,90,90,90,90,90,90,90,90,90,90,84,89,89,64,90,77,43,30,30,30,30,36,36,36,36,41,41,41,47,74,8],"gold":71,"neow_bonus":"RANDOM_COMMON_RELIC","is_daily":false,"chose_seed":false,"campfire_upgraded":7,"win_rate":0.0,"timestamp":1612381878,"path_taken":["M","?","M","?","?","E","R","M","T","$","R","M","?","?","R","BOSS","M","?","$","M","?","R","E","?","T","?","?","M","E","M","R","BOSS","M","?","M","?","?","R","E","?","T","R","M","$","R","M","R","BOSS"],"items_purchased_type":["Relic","Relic","Card","Card","Card"],"build_version":"2020-12-22","purchased_purges":2,"victory":true,"max_hp_per_floor":[80,80,80,90,90,90,90,90,90,90,90,90,90,90,90,90,90,90,90,90,90,90,90,90,90,90,90,90,90,90,90,90,90,90,90,90,90,90,90,90,90,90,90,90,90,90,90,90,90,90],"card_choices":[{"not_picked":["Wild Strike","Havoc"],"picked":"Metallicize","floor":1},{"not_picked":["Rage","Blood for Blood"],"picked":"Dropkick","floor":2},{"not_picked":["Rage","Headbutt"],"picked":"Metallicize","floor":3},{"not_picked":["Metallicize","Warcry"],"picked":"Cleave","floor":6},{"not_picked":["Body Slam","Combust"],"picked":"Intimidate","floor":8},{"not_picked":["Havoc","Second Wind"],"picked":"Rage","floor":12},{"not_picked":["Exhume","Fiend Fire"],"picked":"Immolate","floor":16},{"not_picked":["True Grit","Perfected Strike"],"picked":"Sword Boomerang+1","floor":18},{"not_picked":["Sword Boomerang+1","Impervious"],"picked":"Uppercut+1","floor":21},{"not_picked":["Carnage+1","Wild Strike+1"],"picked":"Armaments","floor":24},{"not_picked":["Power Through","Wild Strike+1"],"picked":"Evolve","floor":28},{"not_picked":["Wild Strike+1","Twin Strike+1","Flame Barrier"],"picked":"SKIP","floor":29},{"not_picked":["Body Slam+1","Dark Embrace","True Grit+1"],"picked":"SKIP","floor":30},{"not_picked":["Flame Barrier","Power Through"],"picked":"Seeing Red","floor":31},{"not_picked":["Brutality","Impervious"],"picked":"Limit Break","floor":33},{"not_picked":["Pummel+1","Iron Wave+1"],"picked":"Spot Weakness+1","floor":35},{"not_picked":["Sword Boomerang+1","Body Slam+1"],"picked":"Heavy Blade+1","floor":37},{"not_picked":["Shrug It Off","Intimidate"],"picked":"Limit Break","floor":41},{"not_picked":["Perfected Strike+1","Anger+1","Warcry"],"picked":"SKIP","floor":45},{"not_picked":["Sever Soul+1","Perfected Strike+1","Thunderclap+1"],"picked":"SKIP","floor":48}],"player_experience":867914,"relics_obtained":[{"floor":2,"key":"Omamori"},{"floor":6,"key":"Boot"},{"floor":9,"key":"Oddly Smooth Stone"},{"floor":22,"key":"Bottled Lightning"},{"floor":24,"key":"Whetstone"},{"floor":26,"key":"InkBottle"},{"floor":27,"key":"Bag of Preparation"},{"floor":30,"key":"Ice Cream"},{"floor":38,"key":"Self Forming Clay"},{"floor":41,"key":"Juzu Bracelet"},{"floor":43,"key":"Mummified Hand"}],"event_choices":[],"is_beta":false,"boss_relics":[{"not_picked":["Black Blood","Black Star"],"picked":"Philosopher\u0027s Stone"},{"not_picked":["Runic Dome","SacredBark"],"picked":"Velvet Choker"}],"items_purged_floors":[10,46],"is_endless":false,"potions_floor_spawned":[2,5,6,16,24,28,30,33,36,36,41,45,48],"ascension_level":1}}