{"host":"1ekl8hlbnopmdapi","time":1612379757,"event":{"mods":["AchievementEnabler","BaseMod","Colored Map","Colored Powertips","DeckTracker","Googly Eyes","Highlight Path","Minty Spire (QoL Compilation)","Relic Sorter","StSLib","Synergy Search"],"gold_per_floor":[113,10,27,27,37,37,70,83,83,108,108,33,13,80,80,177,177,192,0,0,18,33,33,33],"floor_reached":23,"language":"ENG","playtime":1848,"items_purged":[],"score":279,"play_id":"25ee72fc-6c27-4cb7-8a39-01ec3f7b3a66","local_time":"20210203141557","is_ascension_mode":true,"campfire_choices":[{"floor":6,"key":"REST"},{"floor":11,"key":"REST"},{"floor":15,"key":"REST"}],"circlet_count":0,"master_deck":["Strike_G","Strike_G","Strike_G","Strike_G","Strike_G","Defend_G","Defend_G","Defend_G","Defend_G","Defend_G","Survivor","Neutralize","Infinite Blades","Dodge and Roll","Dagger Spray","Dagger Throw","Finisher","Backstab","Backstab","Corpse Explosion","Cloak And Dagger+1","Cloak And Dagger+1","Caltrops+1","Bane"],"relics":["Ring of the Serpent","Ancient Tea Set","Calipers","Kunai","Strawberry"],"acts_visited":["Exordium","TheCity"],"potions_floor_usage":[10,21,23],"damage_taken":[{"damage":9,"enemies":"Jaw Worm","floor":1,"turns":5},{"damage":4,"enemies":"Small Slimes","floor":3,"turns":6},{"damage":1,"enemies":"2 Louse","floor":5,"turns":2},{"damage":25,"enemies":"3 Sentries","floor":7,"turns":11},{"damage":25,"enemies":"Gremlin Gang","floor":8,"turns":4},{"damage":6,"enemies":"Gremlin Nob","floor":10,"turns":3},{"damage":61,"enemies":"The Guardian","floor":16,"turns":15},{"damage":17,"enemies":"Spheric Guardian","floor":18,"turns":4},{"damage":10,"enemies":"Chosen","floor":21,"turns":5},{"damage":14,"enemies":"3 Cultists","floor":22,"turns":4},{"damage":23,"enemies":"Slavers","floor":23,"turns":1}],"seed_played":"-3347879675847401148","potions_obtained":[{"floor":7,"key":"Swift Potion"},{"floor":16,"key":"ColorlessPotion"},{"floor":22,"key":"AttackPotion"}],"is_trial":false,"path_per_floor":["M","$","M","?","M","R","E","M","T","E","R","$","?","?","R","B",null,"M","?","?","M","M","E"],"character_chosen":"THE_SILENT","items_purchased":["Infinite Blades","Dodge and Roll","Backstab"],"campfire_rested":3,"item_purchase_floors":[2,2,12],"current_hp_per_floor":[61,61,57,39,38,61,36,11,11,12,37,37,37,37,62,1,63,46,46,46,36,22,0,0],"gold":33,"neow_bonus":"TEN_PERCENT_HP_BONUS","is_daily":false,"chose_seed":false,"campfire_upgraded":0,"win_rate":0.0,"timestamp":1612379757,"path_taken":["M","$","M","?","M","R","E","M","T","E","R","$","?","?","R","BOSS","M","?","?","M","M","E"],"items_purchased_type":["Card","Card","Card"],"build_version":"2020-12-22","purchased_purges":0,"victory":false,"max_hp_per_floor":[77,77,77,77,77,77,77,77,77,84,84,84,84,84,84,84,84,84,84,84,84,84,84,84],"card_choices":[{"not_picked":["Acrobatics","Deadly Poison","Deflect"],"picked":"SKIP","floor":1},{"not_picked":["Underhanded Strike","Outmaneuver"],"picked":"Dagger Spray","floor":3},{"not_picked":["Footwork","Bane"],"picked":"Dagger Throw","floor":5},{"not_picked":["Dodge and Roll","Dagger Throw"],"picked":"Finisher","floor":7},{"not_picked":["Night Terror","Deflect"],"picked":"Backstab","floor":8},{"not_picked":["Tactician","Outmaneuver","Underhanded Strike"],"picked":"SKIP","floor":10},{"not_picked":["Grand Finale","Phantasmal Killer"],"picked":"Corpse Explosion","floor":16},{"not_picked":["Deflect+1","Acrobatics"],"picked":"Cloak And Dagger+1","floor":18},{"not_picked":["Well Laid Plans","Distraction"],"picked":"Caltrops+1","floor":21},{"not_picked":["Reflex","Underhanded Strike+1"],"picked":"Bane","floor":22}],"player_experience":519196,"relics_obtained":[{"floor":7,"key":"Calipers"},{"floor":9,"key":"Kunai"},{"floor":10,"key":"Strawberry"}],"event_choices":[{"damage_healed":0,"gold_gain":0,"player_choice":"Success","damage_taken":18,"relics_obtained":["Ancient Tea Set"],"max_hp_gain":0,"max_hp_loss":0,"event_name":"Scrap Ooze","floor":4,"gold_loss":0},{"damage_healed":0,"gold_gain":0,"player_choice":"Left Gold","damage_taken":0,"max_hp_gain":0,"max_hp_loss":0,"event_name":"World of Goop","floor":13,"gold_loss":20},{"damage_healed":0,"gold_gain":67,"player_choice":"Gained Gold","damage_taken":0,"max_hp_gain":0,"max_hp_loss":0,"event_name":"Golden Wing","floor":14,"gold_loss":0},{"damage_healed":0,"gold_gain":0,"player_choice":"Paid Fearfully","damage_taken":0,"max_hp_gain":0,"max_hp_loss":0,"event_name":"Masked Bandits","floor":19,"gold_loss":192},{"damage_healed":0,"gold_gain":0,"player_choice":"Copied","damage_taken":0,"max_hp_gain":0,"max_hp_loss":0,"event_name":"Duplicator","floor":20,"gold_loss":0,"cards_obtained":["Cloak And Dagger"]}],"is_beta":false,"boss_relics":[{"not_picked":["WristBlade","HoveringKite"],"picked":"Ring of the Serpent"}],"items_purged_floors":[],"is_endless":false,"potions_floor_spawned":[7,16,22],"killed_by":"Slavers","ascension_level":8}}