{"host":"bavx0eibpuvdy04q","time":1612346393,"event":{"mods":["BaseMod","BetterRewards","Friendly Minions","Hermit","Hubris","Infinite Spire","KinomotoSakuraMod(????)","Kiyohime????","Koishi","LagranYue(???·?)","Marisa????????","Minty Spire (QoL Compilation)","Prisma Mod","Remilia??????","Replay The Spire","StSLib","The Administrix","The Alterego","The Animator","The Construct","The Cursed","The Disciple","The Hierophant","The Mystic","The Necromancer","The Runesmith","The Senshi","The Servant 0.9.4","Yakumo Yukari mod","Yuri Mod"],"gold_per_floor":[120,134,134,209,67,17,52,64,137,137,153,24,24,42,42,140,140,150,165,185,185,203,203,215,215,215,241,241,255,255,15,15,15,15],"floor_reached":33,"language":"ENG","playtime":1833,"items_purged":[],"score":367,"play_id":"40de89ae-d6c5-4660-881a-38d77aacefde","local_time":"20210203025953","is_ascension_mode":false,"campfire_choices":[{"data":"yuri:HeavierStrike","floor":10,"key":"SMITH"},{"data":"yuri:GrowingInsanity","floor":13,"key":"SMITH"},{"data":"yuri:JumpScare","floor":15,"key":"SMITH"},{"floor":23,"key":"REST"},{"floor":25,"key":"REST"},{"floor":32,"key":"REST"}],"circlet_count":0,"master_deck":["yuri:yuriStrike","yuri:yuriStrike","yuri:yuriStrike","yuri:yuriStrike","yuri:yuriStrike","yuri:yuriDefend","yuri:yuriDefend","yuri:yuriDefend","yuri:yuriDefend","yuri:yuriDefend","yuri:Oolong","yuri:yuriStab","yuri:WickedSlash","yuri:JumpScare+1","yuri:WickedSlash","yuri:HeavierStrike+1","yuri:Stare","yuri:GrowingInsanity+1","yuri:Stalk","yuri:Virus","yuri:Stare+1","yuri:BookPurple+1","yuri:UntestedCode","yuri:Stalk","yuri:ArmBrace+1","Decay","yuri:DeepBreathing"],"relics":["yuri:yuriKnife","LagranYue:RandomDrawCardRelic","NeowsBlessing","Ring of Panic","ReplayTheSpireMod:Ring of Challenge","Orichalcum","hubris:SphereOfDissonance","Velvet Choker","Anchor","hubris:PeanutButter","hubris:Towel","Toolbox"],"acts_visited":["Exordium","TheCity"],"potions_floor_usage":[22,24,33],"damage_taken":[{"damage":0,"enemies":"Cultist","floor":1,"turns":1},{"damage":0,"enemies":"Small Slimes","floor":2,"turns":1},{"damage":0,"enemies":"3 Sentries","floor":7,"turns":1},{"damage":2,"enemies":"Jaw Worm","floor":8,"turns":2},{"damage":0,"enemies":"Blue Slaver","floor":11,"turns":1},{"damage":0,"enemies":"Looter","floor":14,"turns":1},{"damage":23,"enemies":"Hexaghost","floor":16,"turns":5},{"damage":18,"enemies":"Chosen","floor":18,"turns":5},{"damage":9,"enemies":"3 Byrds","floor":19,"turns":4},{"damage":29,"enemies":"Cultist and Chosen","floor":20,"turns":7},{"damage":21,"enemies":"Snake Plant","floor":22,"turns":3},{"damage":40,"enemies":"Sentry and Sphere","floor":24,"turns":7},{"damage":23,"enemies":"Book of Stabbing","floor":27,"turns":4},{"damage":11,"enemies":"Chosen and Byrds","floor":29,"turns":5},{"damage":29,"enemies":"Pondfish","floor":33,"turns":9}],"seed_played":"2079616752764321775","potions_obtained":[{"floor":1,"key":"Strength Potion"},{"floor":8,"key":"Energy Potion"},{"floor":24,"key":"SteroidPotion"},{"floor":27,"key":"Strength Potion"},{"floor":29,"key":"Milkshake"}],"is_trial":false,"path_per_floor":["M","M","?","?","$","?","E","M","T","R","M","$","R","M","R","B",null,"M","M","M","?","M","R","M","R","T","E","?","M","?","$","R","B"],"character_chosen":"YURI","items_purchased":["yuri:JumpScare","yuri:GrowingInsanity","PowerPotion","Toolbox","yuri:DeepBreathing","BlessingOfTheForge"],"campfire_rested":3,"item_purchase_floors":[5,12,12,31,31,31],"current_hp_per_floor":[80,80,80,69,69,69,69,67,67,67,67,67,67,67,67,48,80,62,57,32,32,15,39,3,27,27,8,8,1,1,1,25,0,0],"gold":15,"neow_bonus":"THREE_ENEMY_KILL","is_daily":false,"chose_seed":false,"campfire_upgraded":3,"win_rate":0.0,"timestamp":1612346393,"path_taken":["M","M","?","?","$","?","E","M","T","R","M","?","R","M","R","BOSS","M","M","M","?","M","R","M","R","T","E","?","M","?","$","R","BOSS"],"items_purchased_type":["Card","Card","Potion","Relic","Card","Potion"],"build_version":"2020-12-22","purchased_purges":0,"victory":false,"max_hp_per_floor":[80,80,80,80,80,80,80,80,80,80,80,80,80,80,80,80,80,80,80,80,80,80,80,80,80,80,80,80,80,80,80,80,80,80],"card_choices":[{"not_picked":["yuri:GreenTea","yuri:MPose","yuri:yuriQuickStrike"],"picked":"SKIP","floor":1},{"not_picked":["yuri:ReactiveMadness","yuri:Skip"],"picked":"yuri:WickedSlash","floor":2},{"not_picked":["yuri:SeeingDouble","yuri:Spin"],"picked":"yuri:WickedSlash","floor":7},{"not_picked":["yuri:Spin","yuri:MPose"],"picked":"yuri:HeavierStrike","floor":8},{"not_picked":["yuri:JumpScare","yuri:RecklessStrike"],"picked":"yuri:Stare","floor":11},{"not_picked":["yuri:MPose","yuri:HeavierStrike"],"picked":"yuri:Stalk","floor":14},{"not_picked":["yuri:MirrorInsanity","yuri:MagneticKnives"],"picked":"yuri:Virus","floor":16},{"not_picked":["yuri:Skip","yuri:MPose","yuri:Stare"],"picked":"SKIP","floor":18},{"not_picked":["yuri:GlitchedStrike","yuri:MPose+1"],"picked":"yuri:Stare+1","floor":19},{"not_picked":["yuri:Spin","yuri:TeaSet"],"picked":"yuri:BookPurple+1","floor":20},{"not_picked":["yuri:yuriQuickStrike","yuri:StealPen"],"picked":"yuri:UntestedCode","floor":22},{"not_picked":["yuri:UnstableStrike","yuri:GrowingInsanity"],"picked":"yuri:Stalk","floor":24},{"not_picked":["yuri:TeaSet+1","yuri:HeavierStrike"],"picked":"yuri:ArmBrace+1","floor":27},{"not_picked":["yuri:yuriQuickStrike+1","yuri:MPose","yuri:InduceGlitch"],"picked":"SKIP","floor":29}],"player_experience":96355,"relics_obtained":[{"floor":3,"key":"Ring of Panic"},{"floor":3,"key":"ReplayTheSpireMod:Ring of Challenge"},{"floor":7,"key":"Orichalcum"},{"floor":9,"key":"hubris:SphereOfDissonance"},{"floor":26,"key":"Anchor"},{"floor":27,"key":"hubris:PeanutButter"}],"event_choices":[{"damage_healed":0,"gold_gain":75,"player_choice":"Gather Gold","damage_taken":11,"max_hp_gain":0,"max_hp_loss":0,"event_name":"World of Goop","floor":4,"gold_loss":0},{"cards_removed":["hubris:Compulsion"],"damage_healed":0,"gold_gain":0,"player_choice":"Card Removal","damage_taken":0,"max_hp_gain":0,"max_hp_loss":0,"event_name":"The Cleric","floor":6,"gold_loss":50},{"damage_healed":0,"gold_gain":0,"player_choice":"Ignored","damage_taken":0,"max_hp_gain":0,"max_hp_loss":0,"event_name":"Ghosts","floor":21,"gold_loss":0},{"damage_healed":0,"gold_gain":0,"player_choice":"Smashed Altar","damage_taken":0,"max_hp_gain":0,"max_hp_loss":0,"event_name":"Forgotten Altar","floor":30,"gold_loss":0,"cards_obtained":["Decay"]}],"is_beta":false,"boss_relics":[{"not_picked":["Replay:Bronze Core","LagranYue:ContractPerformanceRelic"],"picked":"Velvet Choker"}],"items_purged_floors":[],"is_endless":false,"potions_floor_spawned":[1,8,14,20,24,27,29],"killed_by":"Pondfish","ascension_level":0}}