{"host":"n91kx4xj3dn3811n","time":1612339337,"event":{"mods":["Act Like it!","BaseMod","Better Third Choice","CapriCore","Colored Powertips","Highlight Path","Marisa£®ÏF”Í°°ƒß¿Ì…≥£©","Minty Spire (QoL Compilation)","MostiFishMod","Quick Restart","Reimu£®≤©¿ˆ¡È√Œ£©","Remilia£®¿Ÿ√◊¿Ú—«£©","Spicy Shops","StSLib","The Cursed","The Immortal","The Servant 0.9.4","Waifu the Spire","Youmu£®ªÍ∆«—˝√Œ£©","≤–¡Ù÷ÆŒÔ","ÛÙª÷∏ƒœ"],"gold_per_floor":[112,126,146,164,178,207,282,282,327,327,338,338,338,338],"floor_reached":13,"language":"ZHS","playtime":1201,"items_purged":[],"score":112,"play_id":"0aafe245-38be-478b-b794-a15d0f4e12a3","local_time":"20210203160217","is_ascension_mode":false,"campfire_choices":[{"data":"PreachingAvici","floor":8,"key":"SMITH"},{"data":"FlashingScatteredFlowers","floor":10,"key":"SMITH"}],"circlet_count":0,"master_deck":["Strike_YM","Strike_YM","Strike_YM","Strike_YM","Defend_YM","Defend_YM","Defend_YM","Defend_YM","SlashOfPresentWorld","WheelOfPainOfLivingAndDead","SlashClearingTheSixSenses","SuddenDivineSeveringOfKarmicWind","PreachingAvici+1","FlashingScatteredFlowers+1","GhostSword","TwoHundredYojanaInOneSlash"],"relics":["HalfPhantom","DaveBox","NeowsBlessing","SynthV:TestCard","Transparent","Bag of Preparation","Anchor","Happy Flower"],"acts_visited":["Exordium"],"potions_floor_usage":[],"damage_taken":[{"damage":0,"enemies":"2 Louse","floor":1,"turns":2},{"damage":15,"enemies":"Small Slimes","floor":2,"turns":1},{"damage":15,"enemies":"Jaw Worm","floor":3,"turns":1},{"damage":37,"enemies":"3 Louse","floor":4,"turns":2},{"damage":30,"enemies":"Blue Slaver","floor":5,"turns":2},{"damage":60,"enemies":"Lagavulin","floor":6,"turns":4},{"damage":30,"enemies":"Exordium Thugs","floor":11,"turns":2},{"damage":45,"enemies":"3 Sentries","floor":13,"turns":3}],"seed_played":"-6156506888804854154","potions_obtained":[{"floor":3,"key":"CausticAgent"},{"floor":4,"key":"ColorlessPotion"},{"floor":6,"key":"CausticAgent"}],"is_trial":false,"path_per_floor":["M","M","M","M","M","E","?","R","T","R","M","?","E"],"character_chosen":"YOUMU","items_purchased":[],"campfire_rested":0,"item_purchase_floors":[],"current_hp_per_floor":[75,75,75,75,75,60,49,49,49,49,64,39,0,0],"gold":338,"neow_bonus":"THREE_ENEMY_KILL","is_daily":false,"chose_seed":false,"campfire_upgraded":2,"win_rate":0.0,"timestamp":1612339337,"path_taken":["M","M","M","M","M","E","?","R","T","R","M","?","E"],"items_purchased_type":[],"build_version":"2020-12-22","purchased_purges":0,"victory":false,"max_hp_per_floor":[75,75,75,75,75,75,75,75,75,75,75,75,75,75],"card_choices":[{"not_picked":["DispleasureOfTheSevenHakus","CrescentMoonSlash"],"picked":"SlashClearingTheSixSenses","floor":1},{"not_picked":["SpiritCuttingSword","ThreeKonsSevenHakus","KarmicPunishmentOfTheIdleAndUnfocused","HumanKnowledgeSword"],"picked":"SuddenDivineSeveringOfKarmicWind","floor":2},{"not_picked":["HumanKnowledgeSword","SanzenSekai","LifeCuttingSword","RapidSlash"],"picked":"PreachingAvici","floor":3},{"not_picked":["ThreeKonsSevenHakus","SanzenSekai","KarmicPunishmentOfTheIdleAndUnfocused","ConstancyOfTheConventionalTruth"],"picked":"FlashingScatteredFlowers","floor":4},{"not_picked":["SpiritCuttingSword","KarmicPunishmentOfTheIdleAndUnfocused","ObsessionSword","FlashingScatteredFlowers","PreachingAvici"],"picked":"SKIP","floor":5},{"not_picked":["EchoesOfTheInclemencyOfAllBeings","SwordExtraction","ConstancyOfTheConventionalTruth","TenKingsRetributionOnThePreta"],"picked":"GhostSword","floor":6},{"not_picked":["SpiritCuttingSword","ConstancyOfTheConventionalTruth","CrescentMoonSlash","LowerRealmReflectionSlash"],"picked":"TwoHundredYojanaInOneSlash","floor":11}],"player_experience":227836,"relics_obtained":[{"floor":1,"key":"SynthV:TestCard"},{"floor":6,"key":"Bag of Preparation"},{"floor":9,"key":"Anchor"}],"event_choices":[{"damage_healed":0,"gold_gain":75,"player_choice":"Gold","damage_taken":11,"max_hp_gain":1,"max_hp_loss":0,"event_name":"betterThird:BetterGoop","floor":7,"gold_loss":0},{"damage_healed":0,"gold_gain":0,"player_choice":"Relic ","damage_taken":25,"max_hp_gain":0,"max_hp_loss":0,"event_name":"betterThird:BetterScrap","floor":12,"gold_loss":0,"cards_obtained":["Setup"]}],"is_beta":false,"boss_relics":[],"items_purged_floors":[],"is_endless":false,"potions_floor_spawned":[3,4,6,11],"killed_by":"3 Sentries","ascension_level":0}}