{"host":"nozk9xg7ssf2drdi","time":1612331324,"event":{"mods":["BaseMod","Colored Map","Minty Spire (QoL Compilation)","Relic Stats","Slay the Relics Exporter","StSLib","everything is the same but u backflip on backflip"],"gold_per_floor":[119,143,143,5,20,20,50,50,50,61,96,117,42,80,80,153,153,175,175,194,214,234,268,278,278,278],"floor_reached":25,"language":"ENG","playtime":3960,"items_purged":[],"score":536,"play_id":"81480cbb-3cf1-4bae-83ec-6319c7ee718f","local_time":"20210202234844","is_ascension_mode":true,"campfire_choices":[{"floor":6,"key":"REST"},{"floor":8,"key":"REST"},{"data":"Fasting2","floor":15,"key":"SMITH"}],"circlet_count":0,"master_deck":["AscendersBane","Strike_P","Strike_P+1","Strike_P+1","Defend_P","Defend_P","Defend_P","Defend_P","Eruption","Vigilance","LikeWater","Tantrum","FollowUp","BowlingBash","Fasting2+1","MentalFortress","ThirdEye","Scrawl","Halt","Perseverance","DeusExMachina"],"relics":["PureWater","Du-Vu Doll","Potion Belt","HornCleat","Pantograph","CeramicFish","Turnip","Coffee Dripper","Anchor"],"acts_visited":["Exordium","TheCity"],"potions_floor_usage":[7,14,23,25,25],"damage_taken":[{"damage":8,"enemies":"Cultist","floor":1,"turns":4},{"damage":0,"enemies":"Small Slimes","floor":5,"turns":2},{"damage":16,"enemies":"3 Sentries","floor":7,"turns":14},{"damage":0,"enemies":"Jaw Worm","floor":10,"turns":3},{"damage":16,"enemies":"Gremlin Nob","floor":11,"turns":4},{"damage":0,"enemies":"Looter","floor":12,"turns":3},{"damage":7,"enemies":"3 Sentries","floor":14,"turns":9},{"damage":11,"enemies":"The Guardian","floor":16,"turns":12},{"damage":12,"enemies":"Shell Parasite","floor":18,"turns":3},{"damage":2,"enemies":"3 Byrds","floor":20,"turns":4},{"damage":0,"enemies":"3 Cultists","floor":21,"turns":4},{"damage":10,"enemies":"Snake Plant","floor":22,"turns":5},{"damage":0,"enemies":"Slavers","floor":23,"turns":3},{"damage":7,"enemies":"Shelled Parasite and Fungi","floor":24,"turns":4},{"damage":45,"enemies":"Gremlin Leader","floor":25,"turns":6}],"seed_played":"4029109632033626427","potions_obtained":[{"floor":1,"key":"ColorlessPotion"},{"floor":11,"key":"Regen Potion"},{"floor":18,"key":"Regen Potion"},{"floor":20,"key":"BlessingOfTheForge"},{"floor":23,"key":"SpeedPotion"}],"is_trial":false,"path_per_floor":["M","T","?","$","M","R","E","R","T","M","E","M","?","E","R","B",null,"M","?","M","M","M","E","M","E"],"character_chosen":"WATCHER","items_purchased":["Tantrum","FollowUp"],"campfire_rested":2,"item_purchase_floors":[4,4],"current_hp_per_floor":[35,35,15,15,15,35,19,39,39,39,23,23,23,31,31,45,62,50,50,48,48,38,38,31,0,0],"gold":278,"neow_bonus":"ONE_RARE_RELIC","is_daily":false,"chose_seed":false,"campfire_upgraded":1,"win_rate":0.0,"timestamp":1612331324,"path_taken":["M","?","?","$","M","R","E","R","T","M","E","M","?","E","R","BOSS","M","?","M","M","M","E","M","E"],"items_purchased_type":["Card","Card"],"build_version":"2020-12-22","purchased_purges":0,"victory":false,"max_hp_per_floor":[68,68,68,68,68,68,68,68,68,68,68,68,68,68,68,68,68,68,68,68,68,68,68,68,68,68],"relic_stats":{"counters":[15,80],"Pantograph":25,"CeramicFish":45,"Turnip":[8],"obtain_stats":[{"Du-Vu Doll":0,"Potion Belt":2,"Anchor":23,"HornCleat":7,"Pantograph":9,"CeramicFish":11,"Turnip":14,"Coffee Dripper":17,"PureWater":0},{"Du-Vu Doll":0,"Potion Belt":1,"Anchor":13,"HornCleat":3,"Pantograph":3,"CeramicFish":5,"Turnip":7,"Coffee Dripper":8,"PureWater":0},{"Du-Vu Doll":0,"Potion Belt":4,"Anchor":70,"HornCleat":20,"Pantograph":20,"CeramicFish":27,"Turnip":39,"Coffee Dripper":51,"PureWater":0}]},"card_choices":[{"not_picked":["Pray","Meditate"],"picked":"LikeWater","floor":1},{"not_picked":["SashWhip","ThirdEye"],"picked":"BowlingBash","floor":5},{"not_picked":["Meditate","ForeignInfluence"],"picked":"Fasting2","floor":7},{"not_picked":["LikeWater","Indignation"],"picked":"MentalFortress","floor":10},{"not_picked":["BowlingBash","PathToVictory","FollowUp"],"picked":"SKIP","floor":11},{"not_picked":["Evaluate","PathToVictory"],"picked":"ThirdEye","floor":12},{"not_picked":["Crescendo","Wallop"],"picked":"Scrawl","floor":14},{"not_picked":["SandsOfTime","ThirdEye"],"picked":"Halt","floor":18},{"not_picked":["BattleHymn","BowlingBash","SashWhip"],"picked":"SKIP","floor":20},{"not_picked":["FlyingSleeves","BowlingBash"],"picked":"Perseverance","floor":21},{"not_picked":["BowlingBash","SandsOfTime+1","PathToVictory"],"picked":"SKIP","floor":22},{"not_picked":["BowlingBash","SandsOfTime+1","PathToVictory"],"picked":"SKIP","floor":22},{"not_picked":["FollowUp+1","DeceiveReality"],"picked":"DeusExMachina","floor":23},{"not_picked":["EmptyFist","EmptyBody","SashWhip"],"picked":"SKIP","floor":24}],"player_experience":6047371,"relics_obtained":[{"floor":2,"key":"Potion Belt"},{"floor":7,"key":"HornCleat"},{"floor":9,"key":"Pantograph"},{"floor":11,"key":"CeramicFish"},{"floor":14,"key":"Turnip"},{"floor":23,"key":"Anchor"}],"event_choices":[{"damage_healed":0,"gold_gain":0,"player_choice":"Entered Light","damage_taken":20,"max_hp_gain":0,"max_hp_loss":0,"event_name":"Shining Light","floor":3,"gold_loss":0,"cards_upgraded":["Strike_P","Strike_P"]},{"cards_removed":["Strike_P"],"damage_healed":0,"gold_gain":0,"player_choice":"Card Removal","damage_taken":0,"max_hp_gain":0,"max_hp_loss":0,"event_name":"The Cleric","floor":13,"gold_loss":75},{"damage_healed":0,"gold_gain":0,"player_choice":"Ignored","damage_taken":0,"max_hp_gain":0,"max_hp_loss":0,"event_name":"Ghosts","floor":19,"gold_loss":0}],"is_beta":false,"boss_relics":[{"not_picked":["Empty Cage","Philosopher\u0027s Stone"],"picked":"Coffee Dripper"}],"items_purged_floors":[],"is_endless":false,"potions_floor_spawned":[1,11,18,20,23],"killed_by":"Gremlin Leader","ascension_level":20}}