{"host":"684z1xpuwaoqmmh1","time":1612377454,"event":{"mods":["A Magickal Journey","BaseMod","Dio Mod","Downfall","Hermit","Jorbs\u0027s Wanderer Trilogy","Marisa????????","Minty Spire (QoL Compilation)","Robot Space Explorer","Shade Mod","StSLib","The Dragon Tamer","The Elementalist","The Hayseed","The Hierophant","The Marked","The Mystic","The Runesmith","The Saiyan","The Vixen","TheBandit","TheFirefly"],"gold_per_floor":[113,132,82,93,104,124,124,124,124,153,164,197,213,246,246,344,344,358,368,386,402,415,415,433,433,433,468,468,498,20,31,31,126,126,139,151,151,201,215,249,262,297,297,297,322,322,322,336,336,336,336,336],"floor_reached":50,"language":"ENG","playtime":5245,"items_purged":["wariomod:Strike"],"score":673,"play_id":"94e66bcb-c727-4b50-a7d9-c9f71f3d0fff","local_time":"20210203203734","is_ascension_mode":false,"campfire_choices":[{"data":"wariomod:DanceDash","floor":7,"key":"SMITH"},{"data":"wariomod:FabulousPrizes","floor":15,"key":"SMITH"},{"data":"wariomod:BoomAndDoom","floor":23,"key":"SMITH"},{"data":"wariomod:PoisonBombs","floor":25,"key":"SMITH"},{"floor":28,"key":"REST"},{"data":"wariomod:SpacialMastery","floor":32,"key":"SMITH"},{"floor":44,"key":"REST"},{"floor":47,"key":"RECALL"},{"data":"wariomod:SilenceBombs","floor":49,"key":"SMITH"}],"circlet_count":0,"master_deck":["wariomod:Strike","wariomod:Strike","wariomod:Defend","wariomod:Defend","wariomod:Defend","wariomod:Step","wariomod:Leap","wariomod:BlastDash","wariomod:DanceDash+1","wariomod:HappyHit","wariomod:SmallSprint","wariomod:BoomAndDoom+1","wariomod:FabulousPrizes+1","wariomod:BumRush","wariomod:WhirlwindBurst","wariomod:EmptyMind","wariomod:PoisonBombs+1","wariomod:Bombtime","wariomod:Boomsmack","wariomod:Purify","wariomod:Bombshield","wariomod:SilenceBombs+1","wariomod:TreasureDig","wariomod:SpacialMastery+1","wariomod:TrekTime+1","wariomod:KeyFinisher+1","wariomod:OctoJump+1","wariomod:ImFeelingLucky","wariomod:DonateDraw+1","wariomod:SmallSprint"],"relics":["wariomod:TheHat","Pocketwatch","HornCleat","Incense Burner","champ:DeflectingBracers","SlaversCollar","StrikeDummy","Frozen Egg 2","Shuriken","Philosopher\u0027s Stone","TungstenRod","Blue Candle","Regal Pillow","Bottled Lightning","Torii","Darkstone Periapt"],"acts_visited":["Exordium","TheCity","TheBeyond"],"potions_floor_usage":[14,18,20,21,21,21,27,42,50],"damage_taken":[{"damage":0,"enemies":"2 Louse","floor":1,"turns":2},{"damage":2,"enemies":"Jaw Worm","floor":2,"turns":3},{"damage":0,"enemies":"Small Slimes","floor":4,"turns":3},{"damage":9,"enemies":"Exordium Thugs","floor":5,"turns":4},{"damage":0,"enemies":"Exordium Wildlife","floor":6,"turns":3},{"damage":10,"enemies":"Lagavulin","floor":10,"turns":5},{"damage":7,"enemies":"3 Louse","floor":11,"turns":2},{"damage":16,"enemies":"Gremlin Nob","floor":12,"turns":4},{"damage":0,"enemies":"Red Slaver","floor":13,"turns":3},{"damage":0,"enemies":"3 Sentries","floor":14,"turns":4},{"damage":19,"enemies":"Hexaghost","floor":16,"turns":7},{"damage":6,"enemies":"2 Thieves","floor":18,"turns":4},{"damage":0,"enemies":"Shell Parasite","floor":19,"turns":5},{"damage":21,"enemies":"Snake Plant","floor":20,"turns":5},{"damage":14,"enemies":"3 Cultists","floor":21,"turns":4},{"damage":1,"enemies":"Cultist and Chosen","floor":22,"turns":6},{"damage":0,"enemies":"Centurion and Healer","floor":24,"turns":6},{"damage":24,"enemies":"Gremlin Leader","floor":27,"turns":7},{"damage":21,"enemies":"Slavers","floor":29,"turns":4},{"damage":3,"enemies":"Sentry and Sphere","floor":31,"turns":8},{"damage":38,"enemies":"Automaton","floor":33,"turns":7},{"damage":22,"enemies":"3 Darklings","floor":35,"turns":5},{"damage":8,"enemies":"3 Shapes","floor":36,"turns":3},{"damage":0,"enemies":"Mind Bloom Boss Battle","floor":38,"turns":5},{"damage":0,"enemies":"Maw","floor":39,"turns":4},{"damage":0,"enemies":"Nemesis","floor":40,"turns":5},{"damage":8,"enemies":"3 Darklings","floor":41,"turns":3},{"damage":21,"enemies":"Giant Head","floor":42,"turns":7},{"damage":0,"enemies":"Nemesis","floor":45,"turns":6},{"damage":0,"enemies":"Spire Growth","floor":48,"turns":6},{"damage":74,"enemies":"Awakened One","floor":50,"turns":9}],"seed_played":"-7073287038870079860","potions_obtained":[{"floor":1,"key":"bronze:BurnAndBuffPotion"},{"floor":10,"key":"EntropicBrew"},{"floor":12,"key":"Energy Potion"},{"floor":13,"key":"PowerPotion"},{"floor":14,"key":"ColorlessPotion"},{"floor":18,"key":"hexamod:SoulburnPotion"},{"floor":21,"key":"EssenceOfSteel"},{"floor":27,"key":"SpeedPotion"},{"floor":29,"key":"SteroidPotion"},{"floor":36,"key":"Regen Potion"},{"floor":45,"key":"PowerPotion"}],"is_trial":false,"path_per_floor":["M","M","?","M","M","M","R","?","T","E","M","E","M","E","R","B",null,"M","M","M","M","M","R","M","R","T","E","R","E","$","M","R","B",null,"M","M","?","?","M","E","M","E","T","R","E","T","R","M","R","B"],"character_chosen":"THE_BANDIT","items_purchased":["Shuriken","wariomod:SpacialMastery","wariomod:TrekTime+1"],"campfire_rested":2,"item_purchase_floors":[30,30,30],"current_hp_per_floor":[88,86,86,86,77,77,77,82,82,72,65,49,49,49,49,30,93,87,87,66,52,51,51,51,51,51,27,54,33,33,30,30,27,93,71,63,63,63,63,63,55,49,49,91,91,91,91,91,91,0,0,0],"gold":336,"neow_bonus":"TEN_PERCENT_HP_BONUS","is_daily":false,"chose_seed":false,"campfire_upgraded":6,"win_rate":0.0,"timestamp":1612377454,"path_taken":["M","M","?","M","M","M","R","?","T","E","M","E","M","E","R","BOSS","M","M","M","M","M","R","M","R","T","E","R","E","$","M","R","BOSS","M","M","?","?","M","E","M","E","T","R","E","?","R","M","R","BOSS"],"items_purchased_type":["Relic","Card","Card"],"build_version":"2020-12-22","purchased_purges":1,"victory":false,"max_hp_per_floor":[88,88,88,88,88,88,88,93,93,93,93,93,93,93,93,93,93,93,93,93,93,93,93,93,93,93,93,93,93,93,93,93,93,93,93,93,93,93,93,93,93,93,93,93,93,93,93,93,93,93,93,93],"card_choices":[{"not_picked":["wariomod:BigUpgrade","wariomod:BodyBlock"],"picked":"wariomod:BlastDash","floor":1},{"not_picked":["wariomod:DeepDig","wariomod:DisarmingMoves"],"picked":"wariomod:DanceDash","floor":2},{"not_picked":["wariomod:NullJump","wariomod:Hopshield"],"picked":"wariomod:HappyHit","floor":4},{"not_picked":["wariomod:CursedSpaces","wariomod:BlastDash"],"picked":"wariomod:SmallSprint","floor":5},{"not_picked":["wariomod:BlastDash","wariomod:Hopshield"],"picked":"wariomod:BoomAndDoom","floor":6},{"not_picked":["wariomod:PayItForwards","wariomod:EmptyMind"],"picked":"wariomod:FabulousPrizes","floor":10},{"not_picked":["wariomod:PayItForwards","wariomod:ThatsNotAll","wariomod:Goblast"],"picked":"SKIP","floor":11},{"not_picked":["wariomod:SimpleShield","wariomod:NullJump"],"picked":"wariomod:BumRush","floor":12},{"not_picked":["wariomod:DoubleDash","wariomod:DisarmingMoves"],"picked":"wariomod:WhirlwindBurst","floor":13},{"not_picked":["wariomod:Enshrine","wariomod:Game"],"picked":"wariomod:EmptyMind","floor":14},{"not_picked":["wariomod:GoAgain","wariomod:AbandonGame"],"picked":"wariomod:PoisonBombs","floor":16},{"not_picked":["wariomod:SpikeSlash","wariomod:ChargeForth"],"picked":"wariomod:Bombtime","floor":18},{"not_picked":["wariomod:Leapslam","wariomod:DisarmingMoves+1"],"picked":"wariomod:Boomsmack","floor":19},{"not_picked":["wariomod:ThatsNotAll","wariomod:SmackSlam+1"],"picked":"wariomod:Purify","floor":20},{"not_picked":["wariomod:NullJump+1","wariomod:BodyBlock"],"picked":"wariomod:Bombshield","floor":21},{"not_picked":["wariomod:ThatsNotAll","wariomod:SmackSlam","wariomod:AwfulLook"],"picked":"SKIP","floor":22},{"not_picked":["wariomod:Leapslam","wariomod:SelfImprison"],"picked":"wariomod:SilenceBombs","floor":24},{"not_picked":["wariomod:DanceDash+1","wariomod:Enshrine"],"picked":"wariomod:TreasureDig","floor":27},{"not_picked":["wariomod:HappyHop","wariomod:DisarmingMoves","wariomod:DoubleDash"],"picked":"SKIP","floor":29},{"not_picked":["wariomod:BodyBlock+1","wariomod:ChargeForth","wariomod:Bombshield"],"picked":"SKIP","floor":31},{"not_picked":["wariomod:Sidestep","wariomod:GoAgain"],"picked":"wariomod:KeyFinisher+1","floor":33},{"not_picked":["wariomod:SmackSlam+1","wariomod:Smackflip","wariomod:HastyRush"],"picked":"SKIP","floor":35},{"not_picked":["wariomod:Goblast","wariomod:DoubleDash"],"picked":"wariomod:OctoJump+1","floor":36},{"not_picked":["wariomod:NullJump","wariomod:CursedSpaces+1"],"picked":"wariomod:ImFeelingLucky","floor":38},{"not_picked":["wariomod:DoubleDip","wariomod:BoomBoom","wariomod:GreaterGuard+1"],"picked":"SKIP","floor":39},{"not_picked":["wariomod:HappyHit","wariomod:AwfulLook","wariomod:AbandonGame+1"],"picked":"SKIP","floor":40},{"not_picked":["wariomod:Boomsmack+1","wariomod:SpaceSwap+1","wariomod:DanceDash"],"picked":"SKIP","floor":41},{"not_picked":["wariomod:Bombshield","wariomod:SpikeSlash","wariomod:Hopshield"],"picked":"SKIP","floor":42},{"not_picked":["wariomod:Game+1","wariomod:GreaterGuard+1"],"picked":"wariomod:DonateDraw+1","floor":45},{"not_picked":["wariomod:SpaceSwap","wariomod:SmackSlam"],"picked":"wariomod:SmallSprint","floor":48}],"player_experience":2987868,"relics_obtained":[{"floor":9,"key":"Pocketwatch"},{"floor":10,"key":"HornCleat"},{"floor":12,"key":"Incense Burner"},{"floor":14,"key":"champ:DeflectingBracers"},{"floor":27,"key":"StrikeDummy"},{"floor":29,"key":"Frozen Egg 2"},{"floor":38,"key":"TungstenRod"},{"floor":40,"key":"Blue Candle"},{"floor":42,"key":"Regal Pillow"},{"floor":43,"key":"Bottled Lightning"},{"floor":45,"key":"Torii"},{"floor":46,"key":"Darkstone Periapt"}],"event_choices":[{"cards_removed":["wariomod:Strike"],"damage_healed":0,"gold_gain":0,"player_choice":"Card Removal","damage_taken":0,"max_hp_gain":0,"max_hp_loss":0,"event_name":"The Cleric","floor":3,"gold_loss":50},{"damage_healed":0,"gold_gain":0,"player_choice":"Donut","damage_taken":0,"max_hp_gain":5,"max_hp_loss":0,"event_name":"Big Fish","floor":8,"gold_loss":0},{"cards_removed":["wariomod:Defend"],"damage_healed":0,"gold_gain":0,"player_choice":"Removed Skill","damage_taken":0,"max_hp_gain":0,"max_hp_loss":0,"event_name":"Falling","floor":37,"gold_loss":0},{"damage_healed":0,"gold_gain":0,"player_choice":"Fight","damage_taken":0,"max_hp_gain":0,"max_hp_loss":0,"event_name":"MindBloom","floor":38,"gold_loss":0}],"is_beta":false,"boss_relics":[{"not_picked":["Tiny House","Cursed Key"],"picked":"SlaversCollar"},{"not_picked":["wariomod:PropellerHat","SacredBark"],"picked":"Philosopher\u0027s Stone"}],"items_purged_floors":[30],"is_endless":false,"potions_floor_spawned":[1,10,12,13,14,18,21,27,29,36,38,41,45],"killed_by":"Awakened One","ascension_level":0}}