{"host":"zwuytn9vh5b8tdl7","time":1612317728,"event":{"mods":["AchievementEnabler","BaseMod","Colored Powertips","GifTheSpireLib","Minty Spire (QoL Compilation)","Rare Cards Sparkle","StSLib","The Animator"],"gold_per_floor":[227,73,83,83,83,83,83],"floor_reached":6,"language":"ENG","playtime":339,"items_purged":[],"score":34,"play_id":"176e741f-f469-4a51-97d8-048b43b76edd","local_time":"20210202210208","is_ascension_mode":false,"campfire_choices":[],"circlet_count":0,"master_deck":["animator:Strike_Fate","animator:Defend_Fate","animator:Strike","animator:Strike","animator:Strike","animator:Defend","animator:Defend","animator:Defend","animator:Alexander","animator:Rider","animator:Gillette","animator:Rimuru","animator:Fredrika","Injury","Regret"],"relics":["animator:LivingPicture","animator:TheMissingPiece","Golden Idol","Darkstone Periapt"],"acts_visited":["Exordium"],"potions_floor_usage":[6],"damage_taken":[{"damage":4,"enemies":"Small Slimes","floor":1,"turns":5},{"damage":0,"enemies":"2 Louse","floor":3,"turns":3},{"damage":71,"enemies":"3 Sentries","floor":6,"turns":12}],"seed_played":"7642440763547899658","potions_obtained":[{"floor":3,"key":"Strength Potion"}],"is_trial":false,"path_per_floor":["M","$","M","?","?","E"],"character_chosen":"THE_ANIMATOR","items_purchased":["animator:Rimuru"],"campfire_rested":0,"item_purchase_floors":[2],"current_hp_per_floor":[62,62,63,63,69,0,0],"gold":83,"neow_bonus":"HUNDRED_GOLD","is_daily":false,"chose_seed":false,"campfire_upgraded":0,"win_rate":0.0,"timestamp":1612317728,"path_taken":["M","$","M","?","?","E"],"items_purchased_type":["Card"],"build_version":"2020-12-22","purchased_purges":0,"victory":false,"max_hp_per_floor":[66,66,67,67,73,73,73],"card_choices":[{"not_picked":["animator:Sloth","animator:Ara"],"picked":"animator:Gillette","floor":1},{"not_picked":["animator:Raven","animator:Guy"],"picked":"animator:Fredrika","floor":3}],"player_experience":361365,"relics_obtained":[],"event_choices":[{"damage_healed":0,"gold_gain":0,"player_choice":"Take Wound","damage_taken":0,"relics_obtained":["Golden Idol"],"max_hp_gain":0,"max_hp_loss":0,"event_name":"Golden Idol","floor":4,"gold_loss":0,"cards_obtained":["Injury"]},{"damage_healed":0,"gold_gain":0,"player_choice":"Box","damage_taken":0,"relics_obtained":["Darkstone Periapt"],"max_hp_gain":0,"max_hp_loss":0,"event_name":"Big Fish","floor":5,"gold_loss":0,"cards_obtained":["Regret"]}],"is_beta":false,"boss_relics":[],"items_purged_floors":[],"is_endless":false,"potions_floor_spawned":[3],"killed_by":"3 Sentries","ascension_level":0}}