{"host":"9p8x6hb82mp2rsc6","time":1612379319,"event":{"mods":["AchievementEnabler","BaseMod","Colored Map","Colored Powertips","DeckTracker","Minty Spire (QoL Compilation)","Quick Restart","StSLib","SuperFastMode"],"gold_per_floor":[111,159,159,170,170,170,196,196,196,59,59,91,111,129,129,225,225,237,257,257,273,273,273,300,186,186,186,221,136,170,170,170,270,270,285,507,359,359,359,359,393,441,441,456,476,89,106,140,140,160],"floor_reached":51,"language":"ENG","playtime":1344,"items_purged":["Predator"],"score":992,"play_id":"dacc3d5e-68e2-475b-977f-78a57099df17","local_time":"20210203200839","is_ascension_mode":true,"campfire_choices":[{"data":"Blade Dance","floor":6,"key":"SMITH"},{"data":"Calculated Gamble","floor":8,"key":"SMITH"},{"data":"Adrenaline","floor":11,"key":"SMITH"},{"data":"Reflex","floor":15,"key":"SMITH"},{"data":"Storm of Steel","floor":23,"key":"SMITH"},{"data":"Calculated Gamble","floor":27,"key":"SMITH"},{"data":"Calculated Gamble","floor":32,"key":"SMITH"},{"data":"Choke","floor":40,"key":"SMITH"},{"data":"Setup","floor":49,"key":"SMITH"}],"circlet_count":0,"master_deck":["Strike_G+1","Defend_G","Defend_G","Defend_G","Defend_G","Survivor","Neutralize","Acrobatics","Blade Dance+1","Calculated Gamble+1","Adrenaline+1","Setup+1","Reflex+1","Storm of Steel+1","Cloak And Dagger+1","Calculated Gamble+1","Choke+1","Acrobatics+1","Calculated Gamble+1","After Image","Blade Dance","Concentrate+1","Corpse Explosion","Infinite Blades","Escape Plan"],"relics":["Ring of the Snake","Tingsha","PreservedInsect","MealTicket","Whetstone","Oddly Smooth Stone","Empty Cage","MutagenicStrength","Mercury Hourglass","Toy Ornithopter","Red Mask","The Specimen","Boot","SlaversCollar","Omamori","Mango","TungstenRod","Snake Skull","Frozen Eye","Regal Pillow"],"acts_visited":["Exordium","TheCity","TheBeyond"],"potions_floor_usage":[18,30,42,47,50,50,50],"damage_taken":[{"damage":0,"enemies":"Cultist","floor":1,"turns":3},{"damage":0,"enemies":"2 Louse","floor":4,"turns":2},{"damage":13,"enemies":"Lagavulin","floor":7,"turns":4},{"damage":0,"enemies":"Gremlin Nob","floor":12,"turns":2},{"damage":0,"enemies":"Jaw Worm","floor":13,"turns":1},{"damage":0,"enemies":"2 Fungi Beasts","floor":14,"turns":1},{"damage":24,"enemies":"Slime Boss","floor":16,"turns":9},{"damage":0,"enemies":"Spheric Guardian","floor":18,"turns":2},{"damage":0,"enemies":"Chosen","floor":19,"turns":3},{"damage":24,"enemies":"Snake Plant","floor":21,"turns":3},{"damage":0,"enemies":"Book of Stabbing","floor":24,"turns":1},{"damage":0,"enemies":"Masked Bandits","floor":28,"turns":1},{"damage":0,"enemies":"Slavers","floor":30,"turns":2},{"damage":0,"enemies":"Collector","floor":33,"turns":3},{"damage":0,"enemies":"Orb Walker","floor":35,"turns":2},{"damage":0,"enemies":"Giant Head","floor":41,"turns":2},{"damage":0,"enemies":"2 Orb Walkers","floor":42,"turns":1},{"damage":0,"enemies":"3 Darklings","floor":44,"turns":2},{"damage":0,"enemies":"Spire Growth","floor":45,"turns":1},{"damage":0,"enemies":"Jaw Worm Horde","floor":47,"turns":1},{"damage":0,"enemies":"Reptomancer","floor":48,"turns":2},{"damage":62,"enemies":"Awakened One","floor":50,"turns":9}],"seed_played":"-4580466356432000613","potions_obtained":[{"floor":7,"key":"Strength Potion"},{"floor":16,"key":"AttackPotion"},{"floor":21,"key":"SkillPotion"},{"floor":24,"key":"Swift Potion"},{"floor":33,"key":"GamblersBrew"},{"floor":42,"key":"GhostInAJar"},{"floor":47,"key":"ColorlessPotion"}],"is_trial":false,"path_per_floor":["M","T","?","M","?","R","E","R","T","$","R","E","M","M","R","B",null,"M","M","?","M","?","R","E","$","T","R","?","?","E","?","R","B",null,"M","?","$","?","?","R","E","?","T","M","M","$","M","E","R","B",null],"character_chosen":"THE_SILENT","items_purchased":["Adrenaline","Calculated Gamble","Omamori","Corpse Explosion","Frozen Eye","Infinite Blades"],"campfire_rested":0,"item_purchase_floors":[10,25,37,46,46,46],"current_hp_per_floor":[49,49,49,49,35,35,22,22,22,37,37,37,37,37,37,13,70,70,70,70,46,46,46,46,61,61,61,61,61,66,66,66,66,70,70,70,70,66,66,66,80,80,80,80,80,80,80,80,80,23],"gold":160,"neow_bonus":"ONE_RARE_RELIC","is_daily":false,"chose_seed":false,"campfire_upgraded":9,"win_rate":0.0,"timestamp":1612379319,"path_taken":["M","?","?","?","?","R","E","R","T","$","R","E","M","M","R","BOSS","M","M","?","M","?","R","E","$","T","R","?","?","E","?","R","BOSS","M","?","$","?","?","R","E","?","T","M","M","$","M","E","R","BOSS"],"items_purchased_type":["Card","Card","Relic","Card","Relic","Card"],"build_version":"2020-12-22","purchased_purges":1,"victory":true,"max_hp_per_floor":[70,70,70,70,70,70,70,70,70,70,70,70,70,70,70,70,70,70,70,70,70,70,70,70,70,70,70,70,70,70,70,70,70,70,70,70,70,66,66,66,80,80,80,80,80,80,80,80,80,80],"card_choices":[{"not_picked":["Finisher","Prepared"],"picked":"Acrobatics","floor":1},{"not_picked":["Infinite Blades","Bane"],"picked":"Blade Dance","floor":4},{"not_picked":["Acrobatics","Sucker Punch"],"picked":"Calculated Gamble","floor":7},{"not_picked":["Blur","Blade Dance"],"picked":"Setup","floor":12},{"not_picked":["Outmaneuver","Backflip"],"picked":"Reflex","floor":13},{"not_picked":["Blade Dance","Deflect","Deadly Poison"],"picked":"SKIP","floor":14},{"not_picked":["Unload","Envenom"],"picked":"Storm of Steel","floor":16},{"not_picked":["Backstab+1","Prepared"],"picked":"Cloak And Dagger+1","floor":18},{"not_picked":["Outmaneuver","Blur"],"picked":"Calculated Gamble","floor":19},{"not_picked":["Dagger Spray","Slice","Expertise"],"picked":"SKIP","floor":21},{"not_picked":["Dash","Noxious Fumes"],"picked":"Acrobatics+1","floor":24},{"not_picked":["Distraction+1","Dagger Spray","Cloak And Dagger"],"picked":"SKIP","floor":30},{"not_picked":["Wraith Form v2","Glass Knife"],"picked":"After Image","floor":33},{"not_picked":["Backstab+1","Poisoned Stab+1"],"picked":"Blade Dance","floor":35},{"not_picked":["Distraction","Dagger Spray","Deflect+1"],"picked":"SKIP","floor":41},{"not_picked":["Underhanded Strike","Endless Agony"],"picked":"Concentrate+1","floor":42},{"not_picked":["Dagger Spray","Acrobatics+1","Slice+1"],"picked":"SKIP","floor":44},{"not_picked":["Deadly Poison+1","Bane","Flying Knee+1"],"picked":"SKIP","floor":45},{"not_picked":["Caltrops","Backstab"],"picked":"Escape Plan","floor":47},{"not_picked":["Sucker Punch","PiercingWail+1","Poisoned Stab"],"picked":"SKIP","floor":48}],"player_experience":166001,"relics_obtained":[{"floor":2,"key":"PreservedInsect"},{"floor":7,"key":"MealTicket"},{"floor":9,"key":"Whetstone"},{"floor":12,"key":"Oddly Smooth Stone"},{"floor":24,"key":"Mercury Hourglass"},{"floor":26,"key":"Toy Ornithopter"},{"floor":28,"key":"Red Mask"},{"floor":30,"key":"Boot"},{"floor":41,"key":"Mango"},{"floor":42,"key":"TungstenRod"},{"floor":43,"key":"Snake Skull"},{"floor":48,"key":"Regal Pillow"}],"event_choices":[{"damage_healed":0,"gold_gain":0,"cards_transformed":["Strike_G"],"player_choice":"Transformed","damage_taken":0,"max_hp_gain":0,"max_hp_loss":0,"event_name":"Transmorgrifier","floor":3,"gold_loss":0,"cards_obtained":["Predator"]},{"damage_healed":0,"gold_gain":0,"player_choice":"Entered Light","damage_taken":14,"max_hp_gain":0,"max_hp_loss":0,"event_name":"Shining Light","floor":5,"gold_loss":0,"cards_upgraded":["Strike_G","Strike_G"]},{"damage_healed":0,"gold_gain":0,"player_choice":"Inject Mutagens","damage_taken":0,"relics_obtained":["MutagenicStrength"],"max_hp_gain":0,"max_hp_loss":0,"event_name":"Drug Dealer","floor":20,"gold_loss":0},{"damage_healed":0,"gold_gain":0,"player_choice":"Read","damage_taken":0,"max_hp_gain":0,"max_hp_loss":0,"event_name":"The Library","floor":22,"gold_loss":0,"cards_obtained":["Choke"]},{"damage_healed":0,"gold_gain":0,"player_choice":"Fought Bandits","damage_taken":0,"max_hp_gain":0,"max_hp_loss":0,"event_name":"Masked Bandits","floor":28,"gold_loss":0},{"damage_healed":0,"gold_gain":0,"player_choice":"Obtained Relic","damage_taken":0,"relics_obtained":["The Specimen"],"max_hp_gain":0,"max_hp_loss":0,"event_name":"Addict","floor":29,"gold_loss":85},{"cards_removed":["Strike_G"],"damage_healed":0,"gold_gain":0,"player_choice":"Card Removal","damage_taken":0,"max_hp_gain":0,"max_hp_loss":0,"event_name":"Wheel of Change","floor":31,"gold_loss":0},{"damage_healed":0,"gold_gain":222,"player_choice":"Wore Mask","damage_taken":0,"max_hp_gain":0,"max_hp_loss":0,"event_name":"Tomb of Lord Red Mask","floor":36,"gold_loss":0},{"damage_healed":0,"gold_gain":0,"player_choice":"Max HP","damage_taken":0,"max_hp_gain":0,"max_hp_loss":4,"event_name":"Winding Halls","floor":38,"gold_loss":0},{"cards_removed":["Strike_G"],"damage_healed":0,"gold_gain":0,"player_choice":"Removed Attack","damage_taken":0,"max_hp_gain":0,"max_hp_loss":0,"event_name":"Falling","floor":39,"gold_loss":0},{"damage_healed":0,"gold_gain":0,"player_choice":"Fight","damage_taken":0,"max_hp_gain":0,"max_hp_loss":0,"event_name":"Mysterious Sphere","floor":42,"gold_loss":0}],"is_beta":false,"boss_relics":[{"not_picked":["SacredBark","Busted Crown"],"picked":"Empty Cage"},{"not_picked":["Coffee Dripper","Cursed Key"],"picked":"SlaversCollar"}],"items_purged_floors":[25],"is_endless":false,"potions_floor_spawned":[7,16,21,24,28,33,35,42,47,48],"ascension_level":1}}