{"host":"igi9xpgoc000gxf5","time":1612385952,"event":{"mods":["BaseMod","Colored Powertips","Downfall","Googly Eyes","Minty Spire (QoL Compilation)","StSLib"],"gold_per_floor":[99,99,5,5,19,38,62,124,124,135,151,251,251,91,102,205,205,205,224,324,339,358,358,433,433,460,471,490,490,490,490],"floor_reached":29,"language":"ENG","playtime":2061,"items_purged":[],"score":285,"play_id":"bef8db50-a0a8-4db3-a6b9-79089917069a","local_time":"20210203215912","is_ascension_mode":false,"campfire_choices":[{"data":"Guardian:TwinSlam","floor":1,"key":"SMITH"},{"floor":9,"key":"REST"},{"floor":13,"key":"REST"},{"data":"Guardian:GemFinder","floor":18,"key":"SMITH"}],"circlet_count":0,"master_deck":["Guardian:Strike_Guardian","Guardian:Strike_Guardian","Guardian:Strike_Guardian","Guardian:Strike_Guardian","Guardian:Defend_Guardian","Guardian:Defend_Guardian","Guardian:Defend_Guardian","Guardian:Defend_Guardian","Guardian:CurlUp","Guardian:TwinSlam+1","Good Instincts","Guardian:Orbwalk","Guardian:PrimingBeam","Guardian:SentryBeam","Guardian:ArmoredProtocol","Guardian:TemporalStrike","Guardian:FuturePlans","Guardian:TimeBomb","Guardian:TemporalShield","expansioncontent:HyperBeam","Guardian:RevengeProtocol","Guardian:GemFinder+1","Guardian:Gem_Lightblue","Guardian:Incinerate","Guardian:Gem_Red","Guardian:Reroute","Guardian:Gem_Purple","Guardian:StasisStrike","Dramatic Entrance","downfall:Haunted","Guardian:Gem_Cyan","Guardian:Suspension","Guardian:Gem_Lightblue","Guardian:CrystalBeam+1","Guardian:FloatingOrbs","Guardian:ShieldCharger","Guardian:Gem_Lightblue","Guardian:TemporalStrike","Guardian:Gem_Lightblue","Guardian:PrismaticBeam"],"relics":["Guardian:ModeShifter","Orichalcum","Guardian:PickAxe","Ancient Tea Set","SlaversCollar","downfall:GremlinSack","downfall:RedIOU","InkBottle","Blue Candle"],"acts_visited":["Exordium","TheCity"],"potions_floor_usage":[8,20,21,22,27,28],"damage_taken":[{"damage":0,"enemies":"downfall:FleeingMerchant","floor":3,"turns":4},{"damage":28,"enemies":"downfall:FleeingMerchant","floor":4,"turns":6},{"damage":4,"enemies":"Small Slimes","floor":5,"turns":4},{"damage":6,"enemies":"Jaw Worm","floor":6,"turns":4},{"damage":8,"enemies":"3 Sentries","floor":8,"turns":7},{"damage":0,"enemies":"Cultist","floor":10,"turns":3},{"damage":1,"enemies":"Blue Slaver","floor":11,"turns":3},{"damage":3,"enemies":"downfall:FleeingMerchant","floor":14,"turns":4},{"damage":10,"enemies":"3 Louse","floor":15,"turns":4},{"damage":28,"enemies":"WA_ARCHETYPE_RETAIN","floor":16,"turns":11},{"damage":3,"enemies":"3 Byrds","floor":19,"turns":5},{"damage":16,"enemies":"3 Byrds","floor":20,"turns":5},{"damage":23,"enemies":"Snecko","floor":21,"turns":7},{"damage":9,"enemies":"Snake Plant","floor":22,"turns":3},{"damage":23,"enemies":"Slavers","floor":26,"turns":4},{"damage":6,"enemies":"Centurion and Healer","floor":27,"turns":6},{"damage":13,"enemies":"Snecko","floor":28,"turns":5},{"damage":2,"enemies":"3 Cultists","floor":29,"turns":2}],"seed_played":"6978167992055547423","potions_obtained":[{"floor":6,"key":"DuplicationPotion"},{"floor":8,"key":"Explosive Potion"},{"floor":11,"key":"FearPotion"},{"floor":15,"key":"Dexterity Potion"},{"floor":20,"key":"Block Potion"},{"floor":22,"key":"Fire Potion"},{"floor":26,"key":"Regen Potion"}],"is_trial":false,"path_per_floor":["R","?","$","?","M","M","T","?","R","M","M","?","R","$","M","B",null,"R","M","?","M","M","?","T","?","E","M","M","M"],"character_chosen":"GUARDIAN","items_purchased":["Guardian:Orbwalk","Guardian:TemporalShield","expansioncontent:HyperBeam"],"campfire_rested":2,"item_purchase_floors":[3,14,14],"current_hp_per_floor":[80,73,73,45,41,35,35,27,51,51,50,50,74,71,61,33,80,80,77,61,38,29,29,29,29,6,15,2,0,0,0],"gold":490,"neow_bonus":"RANDOM_COLORLESS","is_daily":false,"chose_seed":false,"campfire_upgraded":2,"win_rate":0.0,"timestamp":1612385952,"path_taken":["R","?","$","?","M","M","T","?","R","M","M","?","R","$","M","BOSS","R","M","?","?","M","?","T","?","E","M","M","M"],"items_purchased_type":["Card","Card","Card"],"build_version":"2020-12-22","purchased_purges":0,"victory":false,"max_hp_per_floor":[80,80,80,80,80,80,80,80,80,80,80,80,80,80,80,80,80,80,80,80,80,80,80,80,80,80,80,80,80,80,80],"card_choices":[{"not_picked":["Panacea","Trip"],"picked":"Good Instincts","floor":0},{"not_picked":["Guardian:TemporalStrike","Guardian:WalkerClaw"],"picked":"Guardian:Gem_White","floor":3},{"not_picked":["Guardian:Suspension","Guardian:Gem_Lightblue"],"picked":"Guardian:PrimingBeam","floor":5},{"not_picked":["Guardian:RefractedBeam","Guardian:ShieldCharger"],"picked":"Guardian:SentryBeam","floor":6},{"not_picked":["Guardian:Planning","Guardian:TemporalShield"],"picked":"Guardian:ArmoredProtocol","floor":8},{"not_picked":["Guardian:TimeCapacitor","Guardian:VentSteam"],"picked":"Guardian:TemporalStrike","floor":10},{"not_picked":["Guardian:Gem_Lightblue","Guardian:Repulse"],"picked":"Guardian:FuturePlans","floor":11},{"not_picked":["Guardian:DecasProtection","Guardian:DonusPower"],"picked":"Guardian:TimeBomb","floor":14},{"not_picked":["Guardian:MultiBeam","Guardian:Incinerate"],"picked":"Guardian:RevengeProtocol","floor":15},{"not_picked":["Guardian:TimeSifter","Guardian:StasisStrike"],"picked":"Guardian:GemFinder","floor":16},{"not_picked":["Guardian:Gem_Red","Guardian:Gem_Green"],"picked":"Guardian:Gem_Lightblue","floor":19},{"not_picked":["Guardian:Gem_Cyan","Guardian:TemporalShield"],"picked":"Guardian:Incinerate","floor":19},{"not_picked":["Guardian:Gem_Green","Guardian:Gem_Red"],"picked":"Guardian:Gem_Cyan","floor":20},{"not_picked":["Guardian:Gem_Red","Guardian:TimeBomb+1"],"picked":"Guardian:Suspension","floor":20},{"not_picked":["Guardian:Gem_Red","Guardian:Gem_Green"],"picked":"Guardian:Gem_Lightblue","floor":21},{"not_picked":["Guardian:FuturePlans","Guardian:Gem_Green"],"picked":"Guardian:CrystalBeam+1","floor":21},{"not_picked":["Guardian:TemporalShield","Guardian:ShieldCharger"],"picked":"Guardian:FloatingOrbs","floor":22},{"not_picked":["Guardian:VentSteam","Guardian:Gem_Red"],"picked":"Guardian:ShieldCharger","floor":26},{"not_picked":["Guardian:Gem_Red","Guardian:Gem_Cyan"],"picked":"Guardian:Gem_Lightblue","floor":27},{"not_picked":["Guardian:Gem_Green","Guardian:RollAttack"],"picked":"Guardian:TemporalStrike","floor":27},{"not_picked":["Guardian:Gem_Green","Guardian:Gem_Red"],"picked":"Guardian:Gem_Lightblue","floor":28},{"not_picked":["Guardian:RollAttack","Guardian:Recover"],"picked":"Guardian:PrismaticBeam","floor":28}],"player_experience":967758,"relics_obtained":[{"floor":7,"key":"Oddly Smooth Stone"},{"floor":8,"key":"Ancient Tea Set"},{"floor":20,"key":"downfall:GremlinSack"},{"floor":24,"key":"InkBottle"},{"floor":26,"key":"Blue Candle"}],"event_choices":[{"damage_healed":0,"gold_gain":0,"player_choice":"Success","damage_taken":7,"relics_obtained":["Orichalcum"],"max_hp_gain":0,"max_hp_loss":0,"event_name":"Scrap Ooze","floor":2,"gold_loss":0},{"damage_healed":0,"gold_gain":0,"player_choice":"Ignored","damage_taken":0,"max_hp_gain":0,"max_hp_loss":0,"event_name":"Vampires","floor":25,"gold_loss":0}],"is_beta":false,"boss_relics":[{"not_picked":["Runic Pyramid","Pandora\u0027s Box"],"picked":"SlaversCollar"}],"items_purged_floors":[],"is_endless":false,"potions_floor_spawned":[6,8,11,15,20,22,26],"killed_by":"3 Cultists","ascension_level":0}}