{"host":"y7b1p9nkx4idorr2","time":1612350315,"event":{"mods":["AchievementEnabler","Act Like it!","BaseMod","Colored Map","Downfall","GifTheSpireLib","Googly Eyes","Highlight Path","Mimic Mod","Minty Spire (QoL Compilation)","Shop Mod","Spicy Shops","StSLib","Unceasing Turn Reminder"],"gold_per_floor":[99,199,255,19,39,74,154,173,73,73,73,73],"floor_reached":10,"language":"ENG","playtime":514,"items_purged":[],"score":64,"play_id":"08cfb006-f4a6-4cde-8c01-ed6c104f29c5","local_time":"20210203050515","is_ascension_mode":false,"campfire_choices":[{"floor":1,"key":"RECALL"},{"data":"bronze:MaxOutput","floor":9,"key":"SMITH"}],"circlet_count":0,"master_deck":["bronze:Strike","bronze:Strike","bronze:Strike","bronze:Strike","bronze:Defend","bronze:Defend","bronze:Defend","bronze:Defend","bronze:Replicate","bronze:Goto","bronze:Overload","bronze:DelayedSlice","bronze:MaxOutput+1","bronze:Invalidate","bronze:WhirlingStrike","bronze:Overheat"],"relics":["bronze:BronzeCore","Anchor","Oddly Smooth Stone","Question Card","Gremlin Horn","downfall:HeartBlessingRed"],"acts_visited":["Exordium"],"potions_floor_usage":[6,10],"damage_taken":[{"damage":34,"enemies":"Gremlin Nob","floor":3,"turns":5},{"damage":5,"enemies":"downfall:FleeingMerchant","floor":4,"turns":4},{"damage":0,"enemies":"2 Louse","floor":5,"turns":2},{"damage":15,"enemies":"3 Sentries","floor":6,"turns":8},{"damage":0,"enemies":"Jaw Worm","floor":8,"turns":2},{"damage":30,"enemies":"Lagavulin","floor":10,"turns":5}],"seed_played":"-2720127851165160062","potions_obtained":[{"floor":3,"key":"Explosive Potion"},{"floor":6,"key":"bronze:CleanCodePotion"},{"floor":8,"key":"PowerPotion"}],"is_trial":false,"path_per_floor":["R","?","?","$","M","E","T","M","R","E"],"character_chosen":"THE_AUTOMATON","items_purchased":["bronze:MaxOutput","Oddly Smooth Stone"],"campfire_rested":0,"item_purchase_floors":[4,4],"current_hp_per_floor":[77,77,43,38,38,23,23,23,23,0,0,0],"gold":73,"neow_bonus":"TEN_PERCENT_HP_BONUS","is_daily":false,"chose_seed":false,"campfire_upgraded":1,"win_rate":0.0,"timestamp":1612350315,"path_taken":["R","?","?","$","?","E","T","M","R","E"],"items_purchased_type":["Card","Relic"],"build_version":"2020-12-22","purchased_purges":0,"victory":false,"max_hp_per_floor":[77,77,77,77,77,77,77,77,77,77,77,77],"card_choices":[{"not_picked":["bronze:CutThrough","bronze:Branch"],"picked":"bronze:Overload","floor":3},{"not_picked":["bronze:Shield","bronze:Frontload"],"picked":"bronze:DelayedSlice","floor":4},{"not_picked":["bronze:NullPointer","bronze:Shield"],"picked":"bronze:Invalidate","floor":5},{"not_picked":["bronze:ChosenStrike","bronze:GetLatest"],"picked":"bronze:WhirlingStrike","floor":6},{"not_picked":["bronze:ForceShield","bronze:Deprecate","bronze:DelayedSlice"],"picked":"bronze:Overheat","floor":8}],"player_experience":2275182,"relics_obtained":[{"floor":6,"key":"Question Card"},{"floor":7,"key":"Gremlin Horn"}],"event_choices":[],"is_beta":false,"boss_relics":[],"items_purged_floors":[],"is_endless":false,"potions_floor_spawned":[3,6,8],"killed_by":"Lagavulin","ascension_level":0}}