{"host":"eaiphzh066bwqdh7","time":1612392187,"event":{"mods":["BaseMod","Better Note","Halation","Hubris","Minty Spire (QoL Compilation)","Reliquary","Replay The Spire","StSLib"],"gold_per_floor":[115,115,65,85,33,33,65,65,65,96,96,96,21,45,45,165,165,188,201,201,226,250,250,294,294,345,365,365,380,380,400,400,526,526,549,563,579,176,190,190,190,190,190,190,190,214,238,256,256,256],"floor_reached":51,"language":"ENG","playtime":1917,"items_purged":["Injury","Strike_B"],"score":852,"play_id":"4895e05e-a7e3-4002-bf58-e5a81ebf96bb","local_time":"20210203174307","is_ascension_mode":true,"campfire_choices":[{"data":"Dualcast","floor":6.0,"key":"SMITH"},{"floor":8.0,"key":"REST"},{"floor":15.0,"key":"REST"},{"data":"Buffer","floor":23.0,"key":"SMITH"},{"floor":25.0,"key":"REST"},{"floor":28.0,"key":"REST"},{"floor":30.0,"key":"REST"},{"data":"FIFO Queue","floor":32,"key":"SMITH"},{"floor":40,"key":"REST"},{"floor":42,"key":"REST"},{"data":"ReplayTheSpireMod:Fabricate Wheel","floor":44,"key":"SMITH"},{"floor":49,"key":"REST"}],"circlet_count":0,"master_deck":["Strike_B","Strike_B","Strike_B","Defend_B","Defend_B","Defend_B","Zap+1","Dualcast+1","Cold Snap+1","Blizzard+1","Chaos","Coolheaded","Melter","Buffer+1","Gash","FIFO Queue+1","Redo","Steam+1","Coolheaded","hubris:PowerSurge+1","Core Surge","Coolheaded","Cold Snap","Redo+1","Coolheaded+1","Cold Snap+1","Blizzard+1","Creative AI","Cold Snap+1","Redo+1","Lockon"],"relics":["FrozenCore","Replay:WaspNest","Boot","Meat on the Bone","Golden Idol","halation:PinkAlligatorPlush","Replay:Baseball","halation:KoshaPiece","Ancient Tea Set","Pet Ghost","halation:PapillonHeart","reliquary:IridiumChain","Prayer Wheel"],"acts_visited":["Exordium","TheCity","TheBeyond"],"potions_floor_usage":[33,33,33,37,37,47,48],"damage_taken":[{"damage":2.0,"enemies":"Jaw Worm","floor":1.0,"turns":4.0},{"damage":0.0,"enemies":"2 Louse","floor":4.0,"turns":2.0},{"damage":28.0,"enemies":"Lagavulin","floor":7.0,"turns":7.0},{"damage":24.0,"enemies":"3 Sentries","floor":10.0,"turns":6.0},{"damage":0.0,"enemies":"Small Slimes","floor":14.0,"turns":2.0},{"damage":36.0,"enemies":"Hexaghost","floor":16.0,"turns":8.0},{"damage":24.0,"enemies":"Chosen","floor":18.0,"turns":4.0},{"damage":9.0,"enemies":"3 Byrds","floor":19.0,"turns":2.0},{"damage":30.0,"enemies":"Snake Plant","floor":21.0,"turns":2.0},{"damage":31.0,"enemies":"3 Cultists","floor":22.0,"turns":3.0},{"damage":44.0,"enemies":"Gremlin Leader","floor":24.0,"turns":9.0},{"damage":29.0,"enemies":"Centurion and Healer","floor":27.0,"turns":11.0},{"damage":6.0,"enemies":"Sentry and Sphere","floor":29.0,"turns":4.0},{"damage":7.0,"enemies":"Chosen and Byrds","floor":31.0,"turns":6.0},{"damage":68,"enemies":"Automaton","floor":33,"turns":10},{"damage":32,"enemies":"3 Darklings","floor":35,"turns":5},{"damage":33,"enemies":"3 Shapes","floor":36,"turns":7},{"damage":8,"enemies":"Transient","floor":37,"turns":5},{"damage":32,"enemies":"4 Shapes","floor":39,"turns":7},{"damage":8,"enemies":"Spire Growth","floor":46,"turns":7},{"damage":10,"enemies":"Maw","floor":47,"turns":7},{"damage":40,"enemies":"Jaw Worm Horde","floor":48,"turns":3},{"damage":41,"enemies":"Time Eater","floor":50,"turns":11}],"seed_played":"4307899934802541315","potions_obtained":[{"floor":1.0,"key":"Milkshake"},{"floor":7.0,"key":"BlessingOfTheForge"},{"floor":18.0,"key":"Fire Potion"},{"floor":22.0,"key":"Block Potion"},{"floor":29.0,"key":"Weak Potion"},{"floor":31.0,"key":"FearPotion"},{"floor":33,"key":"Swift Potion"},{"floor":35,"key":"Strength Potion"},{"floor":36,"key":"SkillPotion"},{"floor":39,"key":"SteroidPotion"},{"floor":47,"key":"Weak Potion"}],"is_trial":false,"path_per_floor":["M","?","?","M","$","R","E","R","T","E","?","?","$","M","R","B",null,"M","M","?","M","M","R","E","R","T","M","R","M","R","M","R","B",null,"M","M","M","$","M","R","?","R","T","R","?","M","M","M","R","B",null],"character_chosen":"DEFECT","items_purchased":["Blizzard+1","Ancient Tea Set","Pet Ghost"],"campfire_rested":8,"item_purchase_floors":[5,38,38],"current_hp_per_floor":[80,64,64,64,64,64,36,60,60,36,36,36,36,48,72,48,82,58,49,49,31,82,82,50,74,74,45,69,63,82,75,75,19,82,50,29,33,33,13,37,37,60,60,60,60,52,42,14,37,78],"gold":256,"neow_bonus":"TEN_PERCENT_HP_BONUS","is_daily":false,"chose_seed":false,"campfire_upgraded":4,"win_rate":0.0,"timestamp":1612392187,"path_taken":["M","?","?","M","$","R","E","R","T","E","?","?","$","M","R","BOSS","M","M","?","M","M","R","E","R","T","M","R","M","R","?","R","BOSS","M","M","M","$","M","R","?","R","T","R","?","M","M","?","R","BOSS"],"items_purchased_type":["Card","Relic","Relic"],"build_version":"2020-12-22","purchased_purges":2,"victory":true,"max_hp_per_floor":[82,82,82,82,82,82,82,82,82,82,82,82,82,82,82,82,82,82,82,82,82,82,82,82,82,82,82,82,82,82,82,82,82,82,82,82,82,82,82,82,78,78,78,78,78,78,78,78,78,78],"card_choices":[{"not_picked":["Rebound","Hologram"],"picked":"Cold Snap","floor":1.0},{"not_picked":["Beam Cell","Barrage","Stack"],"picked":"SKIP","floor":4.0},{"not_picked":["Rebound","ReplayTheSpireMod:GoodbyeWorld"],"picked":"Chaos","floor":7.0},{"not_picked":["Stack","Leap"],"picked":"Coolheaded","floor":10.0},{"not_picked":["Time Bomb","Tempest"],"picked":"Melter","floor":14.0},{"not_picked":["ReplayTheSpireMod:Omega Cannon","ReplayRNGCard"],"picked":"Buffer","floor":16.0},{"not_picked":["Undo","Cold Snap"],"picked":"Gash","floor":18.0},{"not_picked":["Stack","Streamline"],"picked":"FIFO Queue","floor":19.0},{"not_picked":["Redo","Panic Button","Sweeping Beam"],"picked":"SKIP","floor":21.0},{"not_picked":["Panic Button","Sweeping Beam"],"picked":"Redo","floor":21.0},{"not_picked":["Rip and Tear","BasicCrystalCard"],"picked":"Steam+1","floor":22.0},{"not_picked":["Recycle+1","Sunder"],"picked":"Coolheaded","floor":24.0},{"not_picked":["Streamline","Hologram"],"picked":"hubris:PowerSurge+1","floor":27.0},{"not_picked":["Doom and Gloom","Loop"],"picked":"Core Surge","floor":29.0},{"not_picked":["ReplayTheSpireMod:GoodbyeWorld","BasicCrystalCard"],"picked":"Coolheaded","floor":31.0},{"not_picked":["Meteor Strike","Seek"],"picked":"ReplayTheSpireMod:Fabricate Wheel","floor":33},{"not_picked":["Hologram+1","Steam"],"picked":"Cold Snap","floor":35},{"not_picked":["Sunder","Gash"],"picked":"Redo+1","floor":36},{"not_picked":["Panic Button+1","BasicCrystalCard"],"picked":"Coolheaded+1","floor":37},{"not_picked":["Steam","Redo"],"picked":"Cold Snap+1","floor":39},{"not_picked":["Reinforced Body","Ball Lightning+1"],"picked":"Cold Snap+1","floor":46},{"not_picked":["Sweeping Beam+1","BasicCrystalCard","ReplayTheSpireMod:Omega Cannon"],"picked":"SKIP","floor":46},{"not_picked":["Compile Driver","Capacitor+1"],"picked":"Redo+1","floor":47},{"not_picked":["Ball Lightning","hubris:Ukulele","Cold Snap"],"picked":"SKIP","floor":47},{"not_picked":["Melter+1","Leap"],"picked":"Lockon","floor":48},{"not_picked":["ReplayGash+1","Compile Driver+1","Go for the Eyes+1"],"picked":"SKIP","floor":48}],"player_experience":239235,"relics_obtained":[{"floor":7.0,"key":"Replay:WaspNest"},{"floor":9.0,"key":"Boot"},{"floor":10.0,"key":"Meat on the Bone"},{"floor":24.0,"key":"Replay:Baseball"},{"floor":26.0,"key":"halation:KoshaPiece"},{"floor":43,"key":"reliquary:IridiumChain"}],"event_choices":[{"damage_healed":0.0,"max_hp_gain":0.0,"max_hp_loss":0.0,"gold_gain":0.0,"event_name":"Shining Light","player_choice":"Entered Light","floor":2.0,"gold_loss":0.0,"damage_taken":16.0,"cards_upgraded":["Cold Snap","Zap"]},{"cards_removed":["Defend_B"],"damage_healed":0.0,"max_hp_gain":0.0,"max_hp_loss":0.0,"gold_gain":0.0,"event_name":"The Cleric","player_choice":"Card Removal","floor":3.0,"gold_loss":50.0,"damage_taken":0.0},{"damage_healed":0.0,"max_hp_gain":0.0,"max_hp_loss":0.0,"gold_gain":0.0,"event_name":"Golden Idol","player_choice":"Take Wound","floor":11.0,"gold_loss":0.0,"damage_taken":0.0,"relics_obtained":["Golden Idol"],"cards_obtained":["Injury"]},{"damage_healed":0.0,"max_hp_gain":0.0,"max_hp_loss":0.0,"gold_gain":0.0,"event_name":"Liars Game","player_choice":"Ignored","floor":12.0,"gold_loss":0.0,"damage_taken":0.0},{"damage_healed":0.0,"max_hp_gain":0.0,"max_hp_loss":0.0,"gold_gain":0.0,"event_name":"The Woman in Blue","player_choice":"Bought 0 Potions","floor":20.0,"gold_loss":0.0,"damage_taken":0.0},{"damage_healed":0,"gold_gain":0,"player_choice":"Copied","damage_taken":0,"max_hp_gain":0,"max_hp_loss":0,"event_name":"Duplicator","floor":45,"gold_loss":0,"cards_obtained":["Blizzard"]}],"is_beta":false,"boss_relics":[{"not_picked":["Coffee Dripper","hubris:GrandSneckoEye"],"picked":"halation:PinkAlligatorPlush"},{"not_picked":["SlaversCollar","Pandora\u0027s Box"],"picked":"FrozenCore"}],"items_purged_floors":[13,38],"is_endless":false,"potions_floor_spawned":[1,7,18,22,29,31,33,35,36,39,47],"ascension_level":3}}