{"host":"fj5i6t4nkss7815d","time":1612329987,"event":{"mods":["AchievementEnabler","BaseMod","Minty Spire (QoL Compilation)","Quick Restart","Relic Stats"],"gold_per_floor":[110,121,134,152,166,166,166,166],"floor_reached":7,"language":"ENG","playtime":557,"items_purged":[],"score":86,"play_id":"6a66c413-242a-47b9-962a-8495c0c7d596","local_time":"20210202212627","is_ascension_mode":true,"campfire_choices":[{"floor":6,"key":"REST"}],"circlet_count":0,"master_deck":["AscendersBane","Strike_G","Strike_G","Strike_G","Strike_G","Strike_G","Defend_G","Defend_G","Defend_G","Defend_G","Defend_G","Survivor","Neutralize","Parasite","Heel Hook","Underhanded Strike","Dagger Throw","Crippling Poison"],"relics":["Ring of the Snake","Unceasing Top"],"acts_visited":["Exordium"],"potions_floor_usage":[4],"damage_taken":[{"damage":18,"enemies":"Jaw Worm","floor":1,"turns":8},{"damage":0,"enemies":"2 Louse","floor":2,"turns":5},{"damage":6,"enemies":"Small Slimes","floor":3,"turns":5},{"damage":19,"enemies":"Red Slaver","floor":4,"turns":5},{"damage":10,"enemies":"Looter","floor":5,"turns":4},{"damage":29,"enemies":"Lagavulin","floor":7,"turns":6}],"seed_played":"2750520412521196208","potions_obtained":[{"floor":2,"key":"Regen Potion"},{"floor":3,"key":"SpeedPotion"}],"is_trial":false,"path_per_floor":["M","M","M","M","M","R","E"],"character_chosen":"THE_SILENT","items_purchased":[],"campfire_rested":1,"item_purchase_floors":[],"current_hp_per_floor":[41,41,35,25,15,34,5,5],"gold":166,"neow_bonus":"ONE_RARE_RELIC","is_daily":false,"chose_seed":false,"campfire_upgraded":0,"win_rate":0.0,"timestamp":1612329987,"path_taken":["M","M","M","M","M","R","E"],"items_purchased_type":[],"build_version":"2020-12-22","purchased_purges":0,"victory":false,"max_hp_per_floor":[66,66,66,66,66,66,66,66],"relic_stats":{"counters":[6,33],"obtain_stats":[{"Unceasing Top":0,"Ring of the Snake":0},{"Unceasing Top":0,"Ring of the Snake":0},{"Unceasing Top":0,"Ring of the Snake":0}],"Unceasing Top":[1],"Ring of the Snake":[12]},"card_choices":[{"not_picked":["Deflect","Flying Knee"],"picked":"Heel Hook","floor":1},{"not_picked":["Outmaneuver","Backflip"],"picked":"Underhanded Strike","floor":2},{"not_picked":["Quick Slash","PiercingWail"],"picked":"Dagger Throw","floor":3},{"not_picked":["Acrobatics","Heel Hook","Deadly Poison"],"picked":"SKIP","floor":4},{"not_picked":["Accuracy","Prepared"],"picked":"Crippling Poison","floor":5}],"player_experience":995089,"relics_obtained":[],"event_choices":[],"is_beta":false,"boss_relics":[],"items_purged_floors":[],"is_endless":false,"potions_floor_spawned":[2,3],"killed_by":"Lagavulin","ascension_level":18}}