{"host":"sc0o2qwpf9j16a4i","time":1612376681,"event":{"mods":["AchievementEnabler","BaseMod","BetterRewards","Block Reminder","Colored Map","Colored Powertips","Custom Start","Highlight Path","Minty Spire (QoL Compilation)","Relic Stats"],"gold_per_floor":[113,113,388,405,405,434,467,467,493,149,182,3,29,29,29,134,134,150,160,175,175,24,57,77,104,104,104,204,231,57,88,88,188,188,202,202,1201,760,760,789,789,805,832,832,859,888,899,469,469,469],"floor_reached":51,"language":"ENG","playtime":2219,"items_purged":["Regret","Normality"],"score":1283,"play_id":"3f8f6630-e8b0-4935-883f-5100baba029d","local_time":"20210203202441","daily_mods":["SealedDeck","Flight","Binary"],"is_ascension_mode":false,"campfire_choices":[{"data":"Apotheosis","floor":15,"key":"SMITH"},{"floor":32,"key":"REST"},{"data":"Normality","floor":44,"key":"PURGE"},{"data":"Reflex","floor":49,"key":"PURGE"}],"circlet_count":0,"master_deck":["Deflect","Heel Hook","Leg Sweep+1","Distraction","Outmaneuver","Well Laid Plans","Dagger Throw+1","Acrobatics","Predator","Blur","Leg Sweep","Heel Hook","Apotheosis+1","Adrenaline","Burst","PiercingWail+1","Skewer+1","Noxious Fumes","Backstab+1","Prepared+1","Dodge and Roll","Catalyst","Dodge and Roll+1","Calculated Gamble","Bane","Corpse Explosion","Blur","Eviscerate","PiercingWail","Dash","Footwork+1","PiercingWail+1","Footwork+1","Underhanded Strike+1","Catalyst","Reflex+1","Acrobatics","Noxious Fumes+1"],"relics":["Ring of the Snake","Centennial Puzzle","Smiling Mask","Pen Nib","Vajra","Meat on the Bone","Darkstone Periapt","Peace Pipe","Pantograph","Fusion Hammer","Chemical X","Blue Candle","Art of War","Ancient Tea Set","Tough Bandages","Frozen Egg 2","PreservedInsect","Potion Belt","Whetstone","Snecko Eye","Membership Card","Happy Flower","Kunai","Strawberry","Toy Ornithopter","Sundial","MealTicket","Orrery","Gremlin Horn","Ornamental Fan"],"acts_visited":["Exordium","TheCity","TheBeyond"],"potions_floor_usage":[23,25,28,28,45,50,50,50],"damage_taken":[{"damage":0,"enemies":"2 Louse","floor":1,"turns":2},{"damage":0,"enemies":"Jaw Worm","floor":4,"turns":3},{"damage":24,"enemies":"3 Sentries","floor":6,"turns":10},{"damage":12,"enemies":"Gremlin Nob","floor":7,"turns":5},{"damage":0,"enemies":"Lagavulin","floor":11,"turns":5},{"damage":2,"enemies":"Gremlin Nob","floor":13,"turns":4},{"damage":0,"enemies":"Hexaghost","floor":16,"turns":7},{"damage":0,"enemies":"3 Byrds","floor":18,"turns":4},{"damage":0,"enemies":"2 Thieves","floor":19,"turns":4},{"damage":0,"enemies":"Sentry and Sphere","floor":20,"turns":4},{"damage":0,"enemies":"Slavers","floor":23,"turns":4},{"damage":1,"enemies":"Centurion and Healer","floor":24,"turns":5},{"damage":4,"enemies":"Book of Stabbing","floor":25,"turns":4},{"damage":0,"enemies":"Colosseum Slavers","floor":28,"turns":2},{"damage":28,"enemies":"Colosseum Nobs","floor":28,"turns":6},{"damage":0,"enemies":"Slavers","floor":29,"turns":5},{"damage":0,"enemies":"Gremlin Leader","floor":31,"turns":4},{"damage":35,"enemies":"Collector","floor":33,"turns":4},{"damage":4,"enemies":"3 Shapes","floor":35,"turns":2},{"damage":16,"enemies":"Nemesis","floor":40,"turns":7},{"damage":1,"enemies":"3 Darklings","floor":42,"turns":3},{"damage":0,"enemies":"Reptomancer","floor":45,"turns":4},{"damage":0,"enemies":"Nemesis","floor":46,"turns":5},{"damage":0,"enemies":"Transient","floor":47,"turns":5},{"damage":0,"enemies":"Time Eater","floor":50,"turns":7}],"seed_played":"-8909774297492309156","potions_obtained":[{"floor":4,"key":"FairyPotion"},{"floor":6,"key":"SpeedPotion"},{"floor":11,"key":"LiquidMemories"},{"floor":16,"key":"PowerPotion"},{"floor":23,"key":"LiquidBronze"},{"floor":25,"key":"ColorlessPotion"},{"floor":33,"key":"Strength Potion"},{"floor":35,"key":"Block Potion"},{"floor":42,"key":"CunningPotion"},{"floor":46,"key":"SteroidPotion"}],"is_trial":true,"path_per_floor":["M","?","?","M","?","E","E","?","T","$","E","$","E","?","R","B",null,"M","M","M","?","$","E","M","E","T","?","?","E","$","E","R","B",null,"M","?","?","$","?","E","?","M","T","R","E","E","M","$","R","B",null],"character_chosen":"THE_SILENT","items_purchased":["Meat on the Bone","Heel Hook","Apotheosis","Chemical X","Potion Belt","Bane","Membership Card","Happy Flower","Kunai","Eviscerate","Orrery","Gremlin Horn","Acrobatics","Ornamental Fan","Ancient Potion","Noxious Fumes+1"],"campfire_rested":1,"item_purchase_floors":[10,10,12,22,30,30,38,38,38,38,48,48,48,48,48,48],"current_hp_per_floor":[70,70,70,70,63,39,27,27,27,27,39,39,37,37,37,62,70,70,70,70,70,70,70,69,65,65,65,37,37,37,37,58,47,70,66,56,68,68,68,59,99,98,98,98,99,99,99,99,99,99],"gold":469,"neow_bonus":"","is_daily":false,"chose_seed":false,"campfire_upgraded":1,"win_rate":0.0,"timestamp":1612376681,"path_taken":["M","?","?","?","?","E","E","?","T","$","E","$","E","?","R","BOSS","M","?","M","?","?","E","?","E","T","?","?","E","$","E","R","BOSS","M","?","?","$","?","E","?","M","T","R","E","E","?","$","R","BOSS"],"items_purchased_type":["Relic","Card","Card","Relic","Relic","Card","Relic","Relic","Relic","Card","Relic","Relic","Card","Relic","Potion","Card"],"build_version":"2020-12-22","purchased_purges":2,"victory":true,"max_hp_per_floor":[70,70,70,70,70,70,70,70,70,70,70,70,70,70,70,70,70,70,70,70,70,70,70,70,70,70,70,70,70,70,70,70,70,70,70,70,82,82,82,89,99,99,99,99,99,99,99,99,99,99],"relic_stats":{"Darkstone Periapt":12,"Happy Flower":[10],"Gremlin Horn":[0,0],"counters":[25,115],"Blue Candle":[2],"Pen Nib":[17],"PreservedInsect":198,"Whetstone":["Backstab","Dagger Throw"],"Smiling Mask":25,"Peace Pipe":2,"Centennial Puzzle":[29],"Tough Bandages":[189],"Sundial":[2],"Ornamental Fan":[0],"Pantograph":37,"Snecko Eye":[72,76,82,71],"MealTicket":0,"Art of War":[10],"Chemical X":[22],"Kunai":[5],"obtain_stats":[{"Darkstone Periapt":11,"Gremlin Horn":48,"Vajra":9,"Whetstone":31,"Smiling Mask":6,"Ancient Tea Set":26,"Centennial Puzzle":5,"Tough Bandages":28,"Sundial":45,"Pantograph":14,"Strawberry":40,"MealTicket":46,"Fusion Hammer":17,"Chemical X":22,"Kunai":38,"Ring of the Snake":0,"Potion Belt":30,"Happy Flower":38,"Blue Candle":23,"Pen Nib":7,"PreservedInsect":29,"Frozen Egg 2":28,"Peace Pipe":13,"Ornamental Fan":48,"Snecko Eye":34,"Orrery":48,"Art of War":25,"Membership Card":38,"Toy Ornithopter":43,"Meat on the Bone":10},{"Darkstone Periapt":5,"Gremlin Horn":24,"Vajra":4,"Whetstone":17,"Smiling Mask":3,"Ancient Tea Set":13,"Centennial Puzzle":2,"Tough Bandages":15,"Sundial":22,"Pantograph":6,"Strawberry":20,"MealTicket":23,"Fusion Hammer":7,"Chemical X":10,"Kunai":19,"Ring of the Snake":0,"Potion Belt":16,"Happy Flower":19,"Blue Candle":11,"Pen Nib":4,"PreservedInsect":16,"Frozen Egg 2":15,"Peace Pipe":6,"Ornamental Fan":24,"Snecko Eye":18,"Orrery":24,"Art of War":13,"Membership Card":19,"Toy Ornithopter":21,"Meat on the Bone":4},{"Darkstone Periapt":25,"Gremlin Horn":108,"Vajra":20,"Whetstone":78,"Smiling Mask":15,"Ancient Tea Set":61,"Centennial Puzzle":5,"Tough Bandages":69,"Sundial":98,"Pantograph":29,"Strawberry":91,"MealTicket":103,"Fusion Hammer":36,"Chemical X":48,"Kunai":84,"Ring of the Snake":0,"Potion Belt":74,"Happy Flower":84,"Blue Candle":52,"Pen Nib":20,"PreservedInsect":74,"Frozen Egg 2":69,"Peace Pipe":29,"Ornamental Fan":108,"Snecko Eye":82,"Orrery":108,"Art of War":61,"Membership Card":84,"Toy Ornithopter":94,"Meat on the Bone":20}],"Toy Ornithopter":1,"Ring of the Snake":[50],"Meat on the Bone":24},"card_choices":[{"not_picked":["Backflip"],"picked":"Quick Slash","floor":1},{"not_picked":["Masterful Stab"],"picked":"Blur","floor":4},{"not_picked":["Flying Knee"],"picked":"Leg Sweep","floor":6},{"not_picked":["Setup"],"picked":"Concentrate","floor":7},{"not_picked":["Endless Agony","Caltrops"],"picked":"SKIP","floor":11},{"not_picked":["Calculated Gamble"],"picked":"Adrenaline","floor":13},{"not_picked":["Bullet Time"],"picked":"Burst","floor":16},{"not_picked":["Blur"],"picked":"PiercingWail+1","floor":18},{"not_picked":["Riddle With Holes"],"picked":"Skewer+1","floor":19},{"not_picked":["Flying Knee","Outmaneuver"],"picked":"SKIP","floor":20},{"not_picked":["All Out Attack"],"picked":"Burst","floor":23},{"not_picked":["Distraction"],"picked":"Prepared+1","floor":24},{"not_picked":["Cloak And Dagger"],"picked":"Dodge and Roll","floor":25},{"not_picked":["Cloak And Dagger"],"picked":"Dodge and Roll+1","floor":28},{"not_picked":["Accuracy+1"],"picked":"Calculated Gamble","floor":29},{"not_picked":["Sucker Punch"],"picked":"Reflex","floor":31},{"not_picked":["Glass Knife"],"picked":"Corpse Explosion","floor":33},{"not_picked":["Bane"],"picked":"Blur","floor":35},{"not_picked":["Reflex"],"picked":"PiercingWail","floor":40},{"not_picked":["Deflect+1"],"picked":"Dash","floor":42},{"not_picked":["Cloak And Dagger+1","Flying Knee"],"picked":"SKIP","floor":45},{"not_picked":["Masterful Stab+1"],"picked":"Footwork+1","floor":46},{"not_picked":["Die Die Die"],"picked":"PiercingWail+1","floor":47},{"not_picked":["Acrobatics"],"picked":"Footwork+1","floor":48},{"not_picked":["Blade Dance"],"picked":"Underhanded Strike+1","floor":48},{"not_picked":["Distraction+1"],"picked":"Catalyst","floor":48},{"not_picked":["Masterful Stab"],"picked":"Reflex+1","floor":48}],"player_experience":1165937,"relics_obtained":[{"floor":6,"key":"Smiling Mask"},{"floor":7,"key":"Pen Nib"},{"floor":9,"key":"Vajra"},{"floor":11,"key":"Darkstone Periapt"},{"floor":13,"key":"Peace Pipe"},{"floor":23,"key":"Blue Candle"},{"floor":25,"key":"Art of War"},{"floor":26,"key":"Ancient Tea Set"},{"floor":28,"key":"Tough Bandages"},{"floor":28,"key":"Frozen Egg 2"},{"floor":29,"key":"PreservedInsect"},{"floor":31,"key":"Whetstone"},{"floor":40,"key":"Strawberry"},{"floor":43,"key":"Toy Ornithopter"},{"floor":45,"key":"Sundial"},{"floor":46,"key":"MealTicket"}],"event_choices":[{"damage_healed":0,"gold_gain":0,"player_choice":"Grow","damage_taken":0,"max_hp_gain":0,"max_hp_loss":0,"event_name":"Living Wall","floor":2,"gold_loss":0,"cards_upgraded":["Leg Sweep"]},{"damage_healed":0,"gold_gain":275,"player_choice":"Desecrate","damage_taken":0,"max_hp_gain":0,"max_hp_loss":0,"event_name":"Golden Shrine","floor":3,"gold_loss":0,"cards_obtained":["Regret"]},{"damage_healed":0,"gold_gain":0,"player_choice":"Success","damage_taken":7,"relics_obtained":["Centennial Puzzle"],"max_hp_gain":0,"max_hp_loss":0,"event_name":"Scrap Ooze","floor":5,"gold_loss":0},{"damage_healed":0,"gold_gain":0,"player_choice":"Leave","damage_taken":0,"max_hp_gain":0,"max_hp_loss":0,"event_name":"The Cleric","floor":8,"gold_loss":0},{"damage_healed":0,"gold_gain":0,"player_choice":"Gave Potion","damage_taken":0,"relics_obtained":["Pantograph"],"max_hp_gain":0,"max_hp_loss":0,"event_name":"WeMeetAgain","floor":14,"gold_loss":0},{"damage_healed":0,"gold_gain":0,"cards_transformed":["Quick Slash","Deflect"],"player_choice":"Became Test Subject","damage_taken":0,"max_hp_gain":0,"max_hp_loss":0,"event_name":"Drug Dealer","floor":21,"gold_loss":0,"cards_obtained":["Noxious Fumes","Backstab"]},{"damage_healed":0,"gold_gain":0,"player_choice":"Read","damage_taken":0,"max_hp_gain":0,"max_hp_loss":0,"event_name":"The Library","floor":27,"gold_loss":0,"cards_obtained":["Catalyst"]},{"damage_healed":0,"gold_gain":0,"player_choice":"Fight","damage_taken":0,"max_hp_gain":0,"max_hp_loss":0,"event_name":"Colosseum","floor":28,"gold_loss":0},{"damage_healed":0,"gold_gain":0,"player_choice":"Fought Nobs","damage_taken":0,"max_hp_gain":0,"max_hp_loss":0,"event_name":"Colosseum","floor":28,"gold_loss":0},{"damage_healed":0,"gold_gain":0,"player_choice":"Memory 3","damage_taken":10,"max_hp_gain":0,"max_hp_loss":0,"event_name":"SensoryStone","floor":36,"gold_loss":0},{"damage_healed":0,"gold_gain":999,"player_choice":"Gold","damage_taken":0,"max_hp_gain":0,"max_hp_loss":0,"event_name":"MindBloom","floor":37,"gold_loss":0,"cards_obtained":["Normality","Normality"]},{"cards_removed":["Concentrate"],"damage_healed":0,"gold_gain":0,"player_choice":"Removed Skill","damage_taken":0,"max_hp_gain":0,"max_hp_loss":0,"event_name":"Falling","floor":39,"gold_loss":0},{"cards_removed":["Burst"],"damage_healed":30,"gold_gain":0,"player_choice":"Offered Rare","damage_taken":0,"max_hp_gain":10,"max_hp_loss":0,"event_name":"Bonfire Elementals","floor":41,"gold_loss":0}],"is_beta":false,"boss_relics":[{"not_picked":["Busted Crown","Coffee Dripper"],"picked":"Fusion Hammer"},{"not_picked":["Philosopher\u0027s Stone","HoveringKite"],"picked":"Snecko Eye"}],"items_purged_floors":[10,38],"is_endless":false,"potions_floor_spawned":[4,6,11,13,16,23,24,25,28,33,35,42,46],"ascension_level":0}}