{"host":"4rvk26w7t08d5zdj","time":1612386188,"event":{"mods":["AchievementEnabler","BaseMod","Challenge The Spire","Colored Powertips","Conspire","Energized Spire","GifTheSpireLib","Minty Spire (QoL Compilation)","Rare Cards Sparkle","Relic Filter Mod","Reliquary","Spire Arcade","StSLib","The Animator","The Blue Laboratory"],"gold_per_floor":[40,40,158,271,389,389,9,9,129,241,360,360,0,0,111,229,340,455],"floor_reached":19,"language":"ENG","playtime":3136,"items_purged":["animator:Strike"],"score":2440,"play_id":"3350f749-2d34-4e6d-be01-227edac8d93a","local_time":"20210203130308","daily_mods":["challengethespire:Bronze Difficulty","challengethespire:Boss Rush","Uncertain Future"],"is_ascension_mode":false,"campfire_choices":[{"data":"animator:Chung","floor":2.0,"key":"SMITH"},{"data":"animator:Raven","floor":8.0,"key":"SMITH"},{"floor":14.0,"key":"REST"}],"circlet_count":0,"master_deck":["animator:Strike_Elsword","animator:Defend_Elsword+1","animator:Strike","animator:Strike","animator:Defend","animator:Defend+1","animator:Defend+1","animator:Chung+1","animator:Raven+1","animator:Raven+1","animator:DwarfShaman+1","animator:Aisha+1","animator:Darkness+1","animator:Kaijin+1","animator:DwarfShaman+1","animator:Ara+1","animator:Patchouli+1","animator:Hibiki+1","animator:Tatsumaki+1","animator:Shuna+1","animator:Rimuru","animator:Kazuma+1","animator:Eris+1","animator:Eve+1","animator:Albedo+1","animator:Witch+1","animator:Cocytus+1","animator:Darkness+1","animator:PandorasActor+1","animator:Aqua+1","animator:Boros+1","animator:Aqua+1","animator:Ciel+1","animator:Arpeggio+1","animator:Millim+1"],"relics":["animator:LivingPicture","animator:TheMissingPiece","The Courier","Molten Egg 2","Toxic Egg 2","Frozen Egg 2","animator:PurgingStone","ClockworkSouvenir","reliquary:RoseTintedGlasses","Toy Ornithopter","Ginger","animator:CursedBlade","Runic Capacitor","War Paint","animator:WornHelmet","Pear","Blood Vial","conspire:SpecialSausage","animator:CerealBox","conspire:BottledYoYo","Ice Cream","Orichalcum","Shovel","Oddly Smooth Stone"],"acts_visited":["Exordium"],"potions_floor_usage":[18],"damage_taken":[{"damage":26.0,"enemies":"Hexaghost","floor":3.0,"turns":9.0},{"damage":4.0,"enemies":"The Guardian","floor":4.0,"turns":9.0},{"damage":7.0,"enemies":"Slime Boss","floor":5.0,"turns":9.0},{"damage":21.0,"enemies":"Collector","floor":9.0,"turns":11.0},{"damage":9.0,"enemies":"Champ","floor":10.0,"turns":12.0},{"damage":22.0,"enemies":"Automaton","floor":11.0,"turns":8.0},{"damage":50.0,"enemies":"Awakened One","floor":15.0,"turns":31.0},{"damage":26.0,"enemies":"Donu and Deca","floor":16.0,"turns":10.0},{"damage":3.0,"enemies":"Time Eater","floor":17.0,"turns":18.0},{"damage":21,"enemies":"The Heart","floor":18,"turns":11}],"seed_played":"-4702678088528931445","potions_obtained":[{"floor":5.0,"key":"FearPotion"},{"floor":10.0,"key":"DistilledChaos"},{"floor":15.0,"key":"blueLaboratory:Moonshine"},{"floor":17.0,"key":"blueLaboratory:BottleOfRum"},{"floor":18,"key":"Fire Potion"}],"is_trial":true,"path_per_floor":["$","R","M","M","M","T","$","R","M","M","M","T","$","R","M","M","M","M",null],"character_chosen":"THE_ANIMATOR","items_purchased":["ClockworkSouvenir","animator:Raven+1","animator:DwarfShaman+1","animator:Aisha+1","animator:Darkness+1","animator:Kaijin+1","animator:DwarfShaman+1","animator:Ara+1","animator:Patchouli+1","animator:Hibiki+1","animator:Tatsumaki+1","animator:Shuna+1","animator:Rimuru","animator:Kazuma+1","Runic Capacitor","War Paint","animator:Witch+1","animator:Cocytus+1","animator:Darkness+1","animator:CerealBox","conspire:BottledYoYo"],"campfire_rested":1,"item_purchase_floors":[1,1,1,1,1,1,1,1,1,1,1,1,1,1,7,7,7,7,7,13,13],"current_hp_per_floor":[66,66,40,42,47,47,47,47,37,44,42,42,42,64,51,47,58,56],"gold":455,"neow_bonus":"","is_daily":false,"chose_seed":false,"campfire_upgraded":2,"win_rate":0.0,"timestamp":1612386188,"path_taken":["$","R","M","M","M","T","$","R","M","M","M","T","$","R","M","M","M","M"],"items_purchased_type":["Relic","Card","Card","Card","Card","Card","Card","Card","Card","Card","Card","Card","Card","Card","Relic","Relic","Card","Card","Card","Relic","Relic"],"build_version":"2020-12-22","purchased_purges":1,"victory":true,"max_hp_per_floor":[66,66,66,66,66,66,66,66,66,76,76,76,76,76,76,76,76,76],"card_choices":[],"player_experience":1071754,"relics_obtained":[{"floor":3.0,"key":"reliquary:RoseTintedGlasses"},{"floor":4.0,"key":"Toy Ornithopter"},{"floor":5.0,"key":"Ginger"},{"floor":9.0,"key":"animator:WornHelmet"},{"floor":10.0,"key":"Pear"},{"floor":11.0,"key":"Blood Vial"},{"floor":15.0,"key":"Ice Cream"},{"floor":16.0,"key":"Orichalcum"},{"floor":17.0,"key":"Shovel"},{"floor":18,"key":"Oddly Smooth Stone"}],"event_choices":[],"is_beta":false,"boss_relics":[{"not_picked":["animator:HolyGrailRelic","animator:RacePiece"],"picked":"animator:CursedBlade"},{"not_picked":["Astrolabe","reliquary:KinkedSpring"],"picked":"conspire:SpecialSausage"}],"items_purged_floors":[13],"is_endless":false,"potions_floor_spawned":[5,10,15,17,18],"ascension_level":0}}