{"host":"sc0o2qwpf9j16a4i","time":1612369952,"event":{"mods":["AchievementEnabler","BaseMod","BetterRewards","Block Reminder","Colored Map","Colored Powertips","Custom Start","Highlight Path","Minty Spire (QoL Compilation)","Relic Stats"],"gold_per_floor":[112,72,90,100,26,26,56,56,83,83,93,125,200,200,200,301,301,318,318,0,0,14,14,14,34,34,59,59,85,85,120,120,225,225,244,259,259,276,276,309,332,350,350,350,377,377,395,11,11,11],"floor_reached":51,"language":"ENG","playtime":1206,"items_purged":[],"score":1169,"play_id":"7bd6d49c-b6a2-4c9f-8f50-c06dd6fbe5bf","local_time":"20210203183232","daily_mods":["Cursed Run","Vintage","Terminal"],"is_ascension_mode":false,"campfire_choices":[{"data":"ReachHeaven","floor":6,"key":"SMITH"},{"data":"Vigilance","floor":10,"key":"SMITH"},{"data":"LikeWater","floor":15,"key":"SMITH"},{"data":"1","floor":23,"key":"LIFT"},{"data":"2","floor":28,"key":"LIFT"},{"data":"3","floor":32,"key":"LIFT"},{"data":"Apotheosis","floor":46,"key":"SMITH"},{"data":"Discovery","floor":49,"key":"SMITH"}],"circlet_count":0,"master_deck":["Strike_P","Strike_P","Strike_P","Strike_P","Defend_P","Defend_P","Defend_P","Defend_P","Eruption","Vigilance+1","ReachHeaven+1","Evaluate","Doubt","LikeWater+1","Shame","Doubt","Scrawl","Apotheosis+1","Writhe","Shame","Injury","CrushJoints+1","LikeWater+1","InnerPeace","Parasite","Omniscience","CurseOfTheBell","Discovery+1","Blind","Flash of Steel","Normality","Doubt","ThirdEye","Vault","WreathOfFlame","Doubt"],"relics":["Cursed Key","Darkstone Periapt","Du-Vu Doll","Bronze Scales","Potion Belt","PreservedInsect","Dream Catcher","Bag of Preparation","Bottled Lightning","Yang","Eternal Feather","Runic Pyramid","Girya","MutagenicStrength","Bag of Marbles","Frozen Egg 2","Bottled Tornado","Letter Opener","Boot","Blue Candle","Incense Burner","Mercury Hourglass","Regal Pillow","Calling Bell","Toy Ornithopter","The Courier","Ginger","Blood Vial","Oddly Smooth Stone","Mummified Hand","White Beast Statue","Centennial Puzzle","Strawberry","Meat on the Bone","Smiling Mask","Vajra","HornCleat"],"acts_visited":["Exordium","TheCity","TheBeyond"],"potions_floor_usage":[7,12,16,16,29,31,50,50,50,50],"damage_taken":[{"damage":0,"enemies":"2 Louse","floor":1,"turns":2},{"damage":0,"enemies":"Jaw Worm","floor":3,"turns":4},{"damage":0,"enemies":"Cultist","floor":4,"turns":4},{"damage":0,"enemies":"3 Sentries","floor":7,"turns":4},{"damage":0,"enemies":"Blue Slaver","floor":11,"turns":3},{"damage":0,"enemies":"Lagavulin","floor":12,"turns":4},{"damage":22,"enemies":"Hexaghost","floor":16,"turns":7},{"damage":3,"enemies":"2 Thieves","floor":18,"turns":2},{"damage":10,"enemies":"3 Byrds","floor":22,"turns":4},{"damage":0,"enemies":"Centurion and Healer","floor":25,"turns":3},{"damage":6,"enemies":"Gremlin Leader","floor":27,"turns":4},{"damage":6,"enemies":"Book of Stabbing","floor":29,"turns":3},{"damage":9,"enemies":"Slavers","floor":31,"turns":3},{"damage":23,"enemies":"Collector","floor":33,"turns":4},{"damage":5,"enemies":"Orb Walker","floor":35,"turns":3},{"damage":6,"enemies":"3 Shapes","floor":36,"turns":4},{"damage":12,"enemies":"Sphere and 2 Shapes","floor":38,"turns":4},{"damage":7,"enemies":"Giant Head","floor":40,"turns":4},{"damage":6,"enemies":"4 Shapes","floor":42,"turns":3},{"damage":3,"enemies":"Nemesis","floor":45,"turns":2},{"damage":7,"enemies":"Maw","floor":47,"turns":2},{"damage":12,"enemies":"Donu and Deca","floor":50,"turns":8}],"seed_played":"2866201225361300848","potions_obtained":[{"floor":2,"key":"Regen Potion"},{"floor":2,"key":"GamblersBrew"},{"floor":2,"key":"CultistPotion"},{"floor":3,"key":"Strength Potion"},{"floor":4,"key":"ColorlessPotion"},{"floor":11,"key":"Strength Potion"},{"floor":27,"key":"LiquidBronze"},{"floor":33,"key":"DuplicationPotion"},{"floor":38,"key":"BottledMiracle"},{"floor":40,"key":"EssenceOfSteel"},{"floor":42,"key":"Explosive Potion"}],"is_trial":true,"path_per_floor":["M","?","M","M","$","R","E","?","T","R","M","E","?","T","R","B",null,"M","?","$","?","M","R","?","M","T","E","R","E","?","E","R","B",null,"M","M","?","M","?","E","T","M","T","?","E","R","M","$","R","B",null],"character_chosen":"WATCHER","items_purchased":["ReachHeaven","Apotheosis","Bag of Marbles","HornCleat","Vault","WreathOfFlame","LiquidMemories"],"campfire_rested":0,"item_purchase_floors":[5,20,20,48,48,48,48],"current_hp_per_floor":[70,69,68,67,66,65,64,68,73,72,71,70,59,65,73,57,77,74,74,74,79,69,77,82,81,86,80,84,78,78,74,80,63,90,85,81,81,71,61,56,62,65,71,71,70,88,83,83,94,91],"gold":11,"neow_bonus":"","is_daily":false,"chose_seed":false,"campfire_upgraded":5,"win_rate":0.0,"timestamp":1612369952,"path_taken":["M","?","?","M","$","R","E","?","T","R","M","E","?","?","R","BOSS","M","?","$","?","M","R","?","M","T","E","R","E","?","E","R","BOSS","M","M","?","M","?","E","?","?","T","?","E","R","M","$","R","BOSS"],"items_purchased_type":["Card","Card","Relic","Relic","Card","Card","Potion"],"build_version":"2020-12-22","purchased_purges":0,"victory":true,"max_hp_per_floor":[70,69,68,67,66,65,64,68,73,72,71,70,69,74,73,78,77,76,75,74,79,78,77,82,81,86,85,84,83,82,81,80,85,90,89,88,87,86,85,84,89,95,100,99,98,97,96,95,94,99],"relic_stats":{"Darkstone Periapt":66,"Regal Pillow":0,"counters":[22,81],"Blue Candle":[74],"Yang":[99],"Eternal Feather":60,"PreservedInsect":358,"Bag of Preparation":[36],"Letter Opener":[146],"Ginger":[4],"Cursed Key":5,"Boot":[4],"Smiling Mask":0,"Mercury Hourglass":[172],"Blood Vial":12,"Dream Catcher":0,"Centennial Puzzle":[12],"Mummified Hand":[10],"Bronze Scales":[217],"obtain_stats":[{"Darkstone Periapt":0,"Regal Pillow":31,"Vajra":47,"Yang":12,"Bag of Preparation":9,"Incense Burner":27,"Ginger":34,"Bottled Tornado":22,"Cursed Key":0,"Boot":25,"Smiling Mask":45,"Blood Vial":35,"Dream Catcher":7,"Centennial Puzzle":41,"HornCleat":48,"Mummified Hand":38,"Strawberry":42,"Runic Pyramid":17,"Potion Belt":3,"Girya":18,"Blue Candle":26,"Oddly Smooth Stone":36,"Eternal Feather":14,"PreservedInsect":4,"The Courier":34,"Letter Opener":24,"Frozen Egg 2":21,"White Beast Statue":40,"Mercury Hourglass":29,"Du-Vu Doll":0,"Calling Bell":34,"Bronze Scales":1,"MutagenicStrength":19,"Bag of Marbles":20,"Bottled Lightning":11,"Toy Ornithopter":34,"Meat on the Bone":43},{"Darkstone Periapt":0,"Regal Pillow":13,"Vajra":21,"Yang":6,"Bag of Preparation":4,"Incense Burner":11,"Ginger":14,"Bottled Tornado":9,"Cursed Key":0,"Boot":10,"Smiling Mask":20,"Blood Vial":15,"Dream Catcher":4,"Centennial Puzzle":18,"HornCleat":21,"Mummified Hand":17,"Strawberry":19,"Runic Pyramid":7,"Potion Belt":2,"Girya":8,"Blue Candle":10,"Oddly Smooth Stone":16,"Eternal Feather":6,"PreservedInsect":3,"The Courier":14,"Letter Opener":9,"Frozen Egg 2":8,"White Beast Statue":18,"Mercury Hourglass":12,"Du-Vu Doll":0,"Calling Bell":14,"Bronze Scales":1,"MutagenicStrength":8,"Bag of Marbles":8,"Bottled Lightning":5,"Toy Ornithopter":14,"Meat on the Bone":19},{"Darkstone Periapt":0,"Regal Pillow":47,"Vajra":73,"Yang":21,"Bag of Preparation":14,"Incense Burner":41,"Ginger":51,"Bottled Tornado":34,"Cursed Key":0,"Boot":37,"Smiling Mask":71,"Blood Vial":54,"Dream Catcher":14,"Centennial Puzzle":66,"HornCleat":73,"Mummified Hand":62,"Strawberry":69,"Runic Pyramid":28,"Potion Belt":6,"Girya":30,"Blue Candle":37,"Oddly Smooth Stone":58,"Eternal Feather":21,"PreservedInsect":10,"The Courier":51,"Letter Opener":34,"Frozen Egg 2":30,"White Beast Statue":66,"Mercury Hourglass":44,"Du-Vu Doll":0,"Calling Bell":51,"Bronze Scales":2,"MutagenicStrength":30,"Bag of Marbles":30,"Bottled Lightning":17,"Toy Ornithopter":51,"Meat on the Bone":69}],"Toy Ornithopter":3,"Meat on the Bone":0},"card_choices":[{"not_picked":["Consecrate","EmptyBody"],"picked":"Evaluate","floor":7},{"not_picked":["Evaluate","Nirvana"],"picked":"LikeWater","floor":12},{"not_picked":["DeusExMachina","ConjureBlade"],"picked":"Scrawl","floor":16},{"not_picked":["Scrawl","EmptyBody+1"],"picked":"CrushJoints+1","floor":27},{"not_picked":["Evaluate","Crescendo","Pray"],"picked":"SKIP","floor":29},{"not_picked":["EmptyMind","JustLucky"],"picked":"InnerPeace","floor":31},{"not_picked":["Brilliance","SpiritShield"],"picked":"Omniscience","floor":33},{"not_picked":["Trip","Chrysalis"],"picked":"Discovery","floor":39},{"not_picked":["Forethought","Secret Weapon"],"picked":"Blind","floor":39},{"not_picked":["Blind","Swift Strike"],"picked":"Flash of Steel","floor":39},{"not_picked":["Swivel","FlyingSleeves+1","Conclude"],"picked":"SKIP","floor":40},{"not_picked":["Perseverance+1","BowlingBash"],"picked":"ThirdEye","floor":45}],"player_experience":1160320,"relics_obtained":[{"floor":1,"key":"Bronze Scales"},{"floor":3,"key":"Potion Belt"},{"floor":4,"key":"PreservedInsect"},{"floor":7,"key":"Dream Catcher"},{"floor":9,"key":"Bag of Preparation"},{"floor":11,"key":"Bottled Lightning"},{"floor":12,"key":"Yang"},{"floor":14,"key":"Eternal Feather"},{"floor":18,"key":"Girya"},{"floor":22,"key":"Bottled Tornado"},{"floor":25,"key":"Boot"},{"floor":26,"key":"Blue Candle"},{"floor":27,"key":"Incense Burner"},{"floor":29,"key":"Mercury Hourglass"},{"floor":31,"key":"Regal Pillow"},{"floor":34,"key":"Toy Ornithopter"},{"floor":34,"key":"The Courier"},{"floor":34,"key":"Ginger"},{"floor":35,"key":"Blood Vial"},{"floor":36,"key":"Oddly Smooth Stone"},{"floor":38,"key":"Mummified Hand"},{"floor":40,"key":"White Beast Statue"},{"floor":41,"key":"Centennial Puzzle"},{"floor":42,"key":"Strawberry"},{"floor":43,"key":"Meat on the Bone"},{"floor":45,"key":"Smiling Mask"},{"floor":47,"key":"Vajra"}],"event_choices":[{"damage_healed":0,"gold_gain":0,"player_choice":"Bought 3 Potions","damage_taken":0,"max_hp_gain":0,"max_hp_loss":0,"event_name":"The Woman in Blue","floor":2,"gold_loss":0},{"damage_healed":0,"gold_gain":0,"player_choice":"Donut","damage_taken":0,"max_hp_gain":5,"max_hp_loss":0,"event_name":"Big Fish","floor":8,"gold_loss":0},{"damage_healed":0,"gold_gain":75,"player_choice":"Gather Gold","damage_taken":11,"max_hp_gain":0,"max_hp_loss":0,"event_name":"World of Goop","floor":13,"gold_loss":0},{"damage_healed":0,"gold_gain":0,"player_choice":"Inject Mutagens","damage_taken":0,"relics_obtained":["MutagenicStrength"],"max_hp_gain":0,"max_hp_loss":0,"event_name":"Drug Dealer","floor":19,"gold_loss":0},{"damage_healed":0,"gold_gain":0,"player_choice":"Opened","damage_taken":0,"relics_obtained":["Frozen Egg 2"],"max_hp_gain":0,"max_hp_loss":0,"event_name":"The Mausoleum","floor":21,"gold_loss":0,"cards_obtained":["Writhe"]},{"damage_healed":0,"gold_gain":0,"player_choice":"Stole Relic","damage_taken":0,"relics_obtained":["Letter Opener"],"max_hp_gain":0,"max_hp_loss":0,"event_name":"Addict","floor":24,"gold_loss":0,"cards_obtained":["Shame"]},{"damage_healed":0,"gold_gain":0,"player_choice":"Read","damage_taken":0,"max_hp_gain":0,"max_hp_loss":0,"event_name":"The Library","floor":30,"gold_loss":0,"cards_obtained":["LikeWater"]},{"damage_healed":0,"gold_gain":0,"player_choice":"Ignored","damage_taken":0,"max_hp_gain":0,"max_hp_loss":0,"event_name":"Tomb of Lord Red Mask","floor":37,"gold_loss":0},{"damage_healed":0,"gold_gain":0,"player_choice":"Memory 3","damage_taken":10,"max_hp_gain":0,"max_hp_loss":0,"event_name":"SensoryStone","floor":39,"gold_loss":0},{"damage_healed":0,"gold_gain":0,"player_choice":"Ignored","damage_taken":0,"max_hp_gain":0,"max_hp_loss":0,"event_name":"NoteForYourself","floor":44,"gold_loss":0}],"is_beta":false,"boss_relics":[{"not_picked":["Busted Crown","Coffee Dripper"],"picked":"Runic Pyramid"},{"not_picked":["Pandora\u0027s Box","Black Star"],"picked":"Calling Bell"}],"items_purged_floors":[],"is_endless":false,"potions_floor_spawned":[3,4,11,27,33,38,40,42,45,47],"ascension_level":0}}