{"host":"suiwkanob7hjg5qv","time":1612381900,"event":{"mods":["Act Like it!","Aspiration","BaseMod","Conspire","Elementarium","Hermit","Hero for Fun","Hubris","Infinite Spire","Jorbs\u0027s Wanderer Trilogy","Marisa????????","Menagerie","Minty Spire (QoL Compilation)","Replay The Spire","Spicy Shops","StSLib","The Bladedancer","The Blue Laboratory","The Cursed","The Elementalist","The Poker Player","The Valiant","Uncapped"],"gold_per_floor":[110,110,125,135,154,154,154,154],"floor_reached":6,"language":"ENG","playtime":364,"items_purged":[],"score":38,"play_id":"966e0b0e-ef3e-49e6-b2bd-819727138cbc","local_time":"20210203145140","is_ascension_mode":false,"metric_token":1490,"campfire_choices":[],"circlet_count":0,"master_deck":["PokerPlayerMod:Diamond1","PokerPlayerMod:Diamond2","PokerPlayerMod:Diamond3","PokerPlayerMod:Diamond4","PokerPlayerMod:Diamond5","PokerPlayerMod:Spade1","PokerPlayerMod:Spade2","PokerPlayerMod:Spade3","PokerPlayerMod:Spade4","PokerPlayerMod:Club1","PokerPlayerMod:Club2","PokerPlayerMod:Heart2","PokerPlayerMod:TrumpStrike","PokerPlayerMod:BadJoker","PokerPlayerMod:Mulligan"],"relics":["PokerPlayerMod:DeckCase","Bronze Scales"],"acts_visited":["Exordium"],"potions_floor_usage":[],"damage_taken":[{"damage":0,"enemies":"Menagerie:2_RABBITS","floor":1,"turns":2},{"damage":1,"enemies":"Menagerie:MonstrousExperiment","floor":3,"turns":1},{"damage":0,"enemies":"Menagerie:StygianBoar","floor":4,"turns":1},{"damage":9,"enemies":"Menagerie:BEAST_MAGE_AND_PROWLING_AMALGAM","floor":5,"turns":4},{"damage":21,"enemies":"Menagerie:VoidReaper","floor":6,"turns":2}],"seed_played":"7942736053978161987","potions_obtained":[],"is_trial":false,"path_per_floor":["M","?","M","M","M","E"],"character_chosen":"THE_POKER_PLAYER","items_purchased":[],"campfire_rested":0,"item_purchase_floors":[],"current_hp_per_floor":[52,52,51,51,43,22,22,22],"gold":154,"neow_bonus":"RANDOM_COMMON_RELIC","is_daily":false,"chose_seed":false,"campfire_upgraded":0,"win_rate":0.0,"timestamp":1612381900,"path_taken":["M","?","M","M","M","E"],"items_purchased_type":[],"build_version":"2020-12-22","purchased_purges":0,"victory":false,"max_hp_per_floor":[52,52,52,52,52,52,52,52],"card_choices":[{"not_picked":["PokerPlayerMod:Trickery","PokerPlayerMod:ClubDance","PokerPlayerMod:Diamond2"],"picked":"SKIP","floor":1},{"not_picked":["PokerPlayerMod:CloakAndDiamond","PokerPlayerMod:Spade4","PokerPlayerMod:Club2"],"picked":"SKIP","floor":3},{"not_picked":["PokerPlayerMod:Overdeal","PokerPlayerMod:SpadeStrike","PokerPlayerMod:Spade4"],"picked":"SKIP","floor":4},{"not_picked":["PokerPlayerMod:Spade2","PokerPlayerMod:CardBurn","PokerPlayerMod:Heart3"],"picked":"SKIP","floor":5}],"player_experience":417405,"relics_obtained":[],"event_choices":[],"is_beta":false,"boss_relics":[],"items_purged_floors":[],"is_endless":false,"potions_floor_spawned":[],"killed_by":"Menagerie:VoidReaper","ascension_level":0}}