{"host":"dpz73eeqf7w0eu85","time":1612364391,"event":{"mods":["Act Like it!","BaseMod","Downfall","Gensokyo","Hallownest","Lobotomy","LobotomyExtend","Marisa£®ÏF”Í°°ƒß¿Ì…≥£©","Minty Spire (QoL Compilation)","Remilia£®¿Ÿ√◊¿Ú—«£©","StSLib","The Administrix","Youmu£®ªÍ∆«—˝√Œ£©","°æ“≈ŒÔø®≈∆°øREMEMod"],"gold_per_floor":[115,9115,8509,8544,8571,8601,8617,8617,8617,8636,8648,8053,8085,8098,8098,8203,8203,8203,8203],"floor_reached":18,"language":"ZHS","playtime":802,"items_purged":["Clumsy"],"score":164,"play_id":"bde7d178-c10d-41cc-9527-8b002e29f000","local_time":"20210203225951","is_ascension_mode":false,"campfire_choices":[{"floor":8,"key":"REST"},{"floor":15,"key":"REST"}],"circlet_count":0,"master_deck":["Strike_MRS","Strike_MRS","Strike_MRS","Strike_MRS","Defend_MRS","Defend_MRS","Defend_MRS","Defend_MRS+1","MasterSpark","UpSweep","WitchOfGreed","ShootingEcho","Singularity","PowerUp+1","PowerUp","StarlightTyphoon","FinalSpark","DoubleSpark","REME_Shoggoth"],"relics":["MiniHakkero","REME_ComplimentaryCards","Blood Vial","LetterFromLob","Gensokyo:NagashiBinaDoll","Singing Bowl","Tiny Chest","Ancient Tea Set","Blue Candle","White Beast Statue","Happy Flower","War Paint","Cauldron","SlaversCollar"],"acts_visited":["Exordium","Gensokyo:Gensokyo"],"potions_floor_usage":[10,11,11,12,13,13,16,16,18,18],"damage_taken":[{"damage":6,"enemies":"Gensokyo:Python","floor":1,"turns":3},{"damage":18,"enemies":"Gensokyo:Gryphon","floor":4,"turns":4},{"damage":32,"enemies":"Gensokyo:Cirno","floor":6,"turns":6},{"damage":6,"enemies":"Gensokyo:2_Kodama","floor":7,"turns":3},{"damage":5,"enemies":"Gensokyo:Kitsune","floor":10,"turns":3},{"damage":0,"enemies":"Gensokyo:2_Rabbits","floor":11,"turns":2},{"damage":2,"enemies":"Gensokyo:VengefulSpirit","floor":13,"turns":3},{"damage":12,"enemies":"Gensokyo:Kitsune","floor":14,"turns":2},{"damage":31,"enemies":"Gensokyo:Kokoro","floor":16,"turns":5},{"damage":110,"enemies":"Gensokyo:3_Dogs","floor":18,"turns":3}],"seed_played":"8367753456446948674","potions_obtained":[{"floor":4,"key":"Swift Potion"},{"floor":10,"key":"Swift Potion"},{"floor":11,"key":"LiquidMemories"},{"floor":12,"key":"Fruit Juice"},{"floor":12,"key":"PowerPotion"},{"floor":13,"key":"LiquidMemories"},{"floor":14,"key":"EssenceOfSteel"},{"floor":16,"key":"BlessingOfTheForge"}],"is_trial":false,"path_per_floor":["M","?","$","M","T","E","M","R","T","M","M","$","M","M","R","B",null,"M"],"character_chosen":"MARISA","items_purchased":["Singing Bowl","Tiny Chest","Guardian:BlockOnCardUsePotion","DuplicationPotion","Happy Flower","War Paint","FinalSpark","Cauldron"],"campfire_rested":2,"item_purchase_floors":[3,3,3,3,12,12,12,12],"current_hp_per_floor":[69,69,69,53,53,23,19,41,41,38,40,45,47,37,61,34,84,0,0],"gold":8203,"neow_bonus":"RANDOM_COMMON_RELIC","is_daily":false,"chose_seed":false,"campfire_upgraded":0,"win_rate":0.0,"timestamp":1612364391,"path_taken":["M","?","$","?","?","E","M","R","T","M","M","$","M","M","R","BOSS","M"],"items_purchased_type":["Relic","Relic","Potion","Potion","Relic","Relic","Card","Relic"],"build_version":"2020-12-22","purchased_purges":1,"victory":false,"max_hp_per_floor":[75,75,75,75,75,75,75,75,75,75,75,80,82,82,82,84,84,84,84],"card_choices":[{"not_picked":["WitchLeyline","SprinkleStarSeal"],"picked":"WitchOfGreed","floor":1},{"not_picked":["StarBarrage","MysteriousBeam"],"picked":"ShootingEcho","floor":4},{"not_picked":["MagicAbsorber","DarkSpark"],"picked":"Singularity","floor":6},{"not_picked":["BlazeAway","EarthLightRay"],"picked":"PowerUp","floor":7},{"not_picked":["GrandCross","LuminesStrike"],"picked":"PowerUp","floor":10},{"not_picked":["SuperPerseids","OortCloud"],"picked":"StarlightTyphoon","floor":11},{"not_picked":["PropBag","EscapeVelocity","ShootingEcho"],"picked":"Singing Bowl","floor":13},{"not_picked":["DarkMatter","Occultation"],"picked":"DoubleSpark","floor":14},{"not_picked":["BigCrunch","AbsoluteMagnitude","CollectingQuirk"],"picked":"Singing Bowl","floor":16}],"player_experience":151873,"relics_obtained":[{"floor":1,"key":"LetterFromLob"},{"floor":5,"key":"Ancient Tea Set"},{"floor":6,"key":"Blue Candle"},{"floor":9,"key":"White Beast Statue"}],"event_choices":[],"is_beta":false,"boss_relics":[{"not_picked":["Black Star","Snecko Eye"],"picked":"SlaversCollar"}],"items_purged_floors":[3],"is_endless":false,"potions_floor_spawned":[7,10,11,13,14,16],"killed_by":"Gensokyo:3_Dogs","ascension_level":0}}