{"host":"56xwnffi6e9z5l58","time":1612377916,"event":{"mods":["Aspiration","BaseMod","Better Match","Better Note","Better Sensory Stone","BetterRewards","Colored Map","Colored Powertips","Conspire","Downfall","GifTheSpireLib","Hermit","Highlight Path","Hubris","Infinite Spire","Key Reminder","Minty Spire (QoL Compilation)","Permanent Neow","Quick Restart","Rare Cards Sparkle","Replay The Spire","StSLib","Stuff the Spire","SuperFastMode","Unceasing Turn Reminder"],"gold_per_floor":[99,113,113,124,124,124,124,134,134,154,173,192,203,234,244,244,244,244],"floor_reached":16,"language":"ENG","playtime":533,"items_purged":[],"score":96,"play_id":"0b5f5408-ed29-42a9-b010-d3b3f2c89dfa","local_time":"20210204024516","is_ascension_mode":false,"campfire_choices":[{"data":"champ:Execute","floor":1,"key":"SMITH"},{"data":"champ:Encircle","floor":6,"key":"SMITH"},{"data":"champ:StanceDance","floor":9,"key":"SMITH"}],"circlet_count":0,"master_deck":["champ:Strike","champ:Strike","champ:Strike","champ:Defend","champ:Defend","champ:Defend","champ:Defend","champ:Execute+1","champ:Taunt+1","champ:VampiricStrike+1","champ:PreciseThrust","Clumsy","champ:Encircle+1","champ:StanceDance+1","champ:CrookedStrike","champ:Duel","champ:FocusedBerserking","champ:IgnorePain","champ:Haymaker","champ:ShieldWall"],"relics":["champ:ChampionCrown","hubris:CrystalStatue","Replay:Accelerometer","hubris:Metronome"],"acts_visited":["Exordium"],"potions_floor_usage":[],"damage_taken":[{"damage":10,"enemies":"2 Louse","floor":2,"turns":2},{"damage":1,"enemies":"Cultist","floor":4,"turns":3},{"damage":0,"enemies":"Jaw Worm","floor":8,"turns":2},{"damage":13,"enemies":"3 Louse","floor":10,"turns":2},{"damage":12,"enemies":"Blue Slaver","floor":11,"turns":3},{"damage":0,"enemies":"2 Fungi Beasts","floor":12,"turns":2},{"damage":29,"enemies":"Large Slime","floor":13,"turns":4},{"damage":43,"enemies":"conspire:MimicChest","floor":14,"turns":5},{"damage":6,"enemies":"3 Louse","floor":15,"turns":3},{"damage":78,"enemies":"DF_ARCHETYPE_STREAMLINE","floor":16,"turns":7}],"seed_played":"-1053549410593971050","potions_obtained":[{"floor":4,"key":"PowerPotion"},{"floor":10,"key":"Doom Potion"},{"floor":11,"key":"Guardian:BlockOnCardUsePotion"}],"is_trial":false,"path_per_floor":["R","M","?","M","T","R","T","M","R","M","M","M","M","?","M","B"],"character_chosen":"THE_CHAMP","items_purchased":[],"campfire_rested":0,"item_purchase_floors":[],"current_hp_per_floor":[90,90,90,89,89,89,89,89,89,86,84,84,80,67,66,0,0,0],"gold":244,"neow_bonus":"TRANSFORM_CARD","is_daily":false,"chose_seed":false,"campfire_upgraded":3,"win_rate":0.0,"timestamp":1612377916,"path_taken":["R","M","?","?","?","R","T","M","R","M","M","M","M","?","M","BOSS"],"items_purchased_type":[],"build_version":"2020-12-22","purchased_purges":0,"victory":false,"max_hp_per_floor":[90,90,90,90,90,90,90,90,90,90,90,90,90,90,90,90,90,90],"card_choices":[{"not_picked":["champ:AdrenalArmor","champ:Shatter"],"picked":"champ:PreciseThrust","floor":2},{"not_picked":["champ:Endure","champ:PerfectedStrike"],"picked":"champ:Encircle","floor":4},{"not_picked":["champ:Parry","champ:HeartStrike"],"picked":"champ:StanceDance","floor":8},{"not_picked":["champ:Backstep","champ:AdrenalArmor"],"picked":"champ:CrookedStrike","floor":10},{"not_picked":["champ:Circumvent","champ:PreciseThrust"],"picked":"champ:Duel","floor":11},{"not_picked":["champ:ArenaPreparation","champ:Backstep"],"picked":"champ:FocusedBerserking","floor":12},{"not_picked":["champ:PreciseThrust","champ:Shatter"],"picked":"champ:IgnorePain","floor":13},{"not_picked":["champ:Circumvent","champ:Parry"],"picked":"champ:Haymaker","floor":14},{"not_picked":["champ:Shatter","champ:DefensiveShout"],"picked":"champ:ShieldWall","floor":15}],"player_experience":1006356,"relics_obtained":[{"floor":5,"key":"hubris:CrystalStatue"},{"floor":7,"key":"Replay:Accelerometer"},{"floor":14,"key":"hubris:Metronome"}],"event_choices":[],"is_beta":false,"boss_relics":[],"items_purged_floors":[],"is_endless":false,"potions_floor_spawned":[4,10,11,13,15],"killed_by":"DF_ARCHETYPE_STREAMLINE","ascension_level":0}}