{"host":"gttgmv2wah99hzdm","time":1612383839,"event":{"mods":["AchievementEnabler","BaseMod","Bestiary","Block Reminder","Filter the Spire","Minty Spire (QoL Compilation)","Relic Stats","Weighted Paths","ojb\u0027s Info Mod"],"gold_per_floor":[115,125,125,144,164,164,199,199,269,298,310,310,345,358,358,435,485,504,504,504],"floor_reached":19,"language":"ENG","playtime":774,"items_purged":[],"score":378,"play_id":"05028e04-2b16-4b63-9b6c-a59b903b8769","local_time":"20210203142359","is_ascension_mode":true,"campfire_choices":[{"data":"Blood for Blood","floor":6.0,"key":"SMITH"},{"floor":8,"key":"REST"},{"floor":12,"key":"DIG"},{"floor":15,"key":"REST"}],"circlet_count":0,"master_deck":["AscendersBane","Strike_R","Strike_R","Strike_R","Strike_R","Defend_R","Defend_R","Defend_R+1","Defend_R","Bash","Anger","Flame Barrier","Bloodletting","Blood for Blood+1","Inflame","Iron Wave","Pommel Strike","Disarm","Corruption","Rupture+1"],"relics":["SacredBark","Shovel","The Courier","Bag of Marbles","Mummified Hand","Pear","Tiny House"],"acts_visited":["Exordium","TheCity"],"potions_floor_usage":[10,10,13,14,18],"damage_taken":[{"damage":9.0,"enemies":"Jaw Worm","floor":1.0,"turns":5.0},{"damage":1.0,"enemies":"Cultist","floor":2.0,"turns":3.0},{"damage":5.0,"enemies":"2 Louse","floor":4.0,"turns":3.0},{"damage":20.0,"enemies":"Red Slaver","floor":5.0,"turns":5.0},{"damage":21,"enemies":"Lagavulin","floor":7,"turns":6},{"damage":5,"enemies":"Gremlin Nob","floor":10,"turns":3},{"damage":1,"enemies":"Looter","floor":11,"turns":4},{"damage":13,"enemies":"3 Sentries","floor":13,"turns":5},{"damage":3,"enemies":"Gremlin Gang","floor":14,"turns":3},{"damage":62,"enemies":"Slime Boss","floor":16,"turns":10},{"damage":4,"enemies":"3 Byrds","floor":18,"turns":3},{"damage":76,"enemies":"Masked Bandits","floor":19,"turns":4}],"seed_played":"5030784680919992160","potions_obtained":[{"floor":7,"key":"EntropicBrew"},{"floor":10,"key":"AttackPotion"},{"floor":13,"key":"Swift Potion"},{"floor":17,"key":"Fire Potion"}],"is_trial":false,"path_per_floor":["M","M","?","M","M","R","E","R","T","E","M","R","E","M","R","B",null,"M","?"],"character_chosen":"IRONCLAD","items_purchased":[],"campfire_rested":2,"item_purchase_floors":[],"current_hp_per_floor":[59,58,58,53,33,33,12,34,34,29,28,28,25,22,47,41,79,75,0,0],"gold":504,"neow_bonus":"BOSS_RELIC","is_daily":false,"chose_seed":false,"campfire_upgraded":1,"win_rate":0.0,"timestamp":1612383839,"path_taken":["M","M","?","?","M","R","E","R","T","E","?","R","E","M","R","BOSS","M","?"],"items_purchased_type":[],"build_version":"2020-12-22","purchased_purges":0,"victory":false,"max_hp_per_floor":[75,75,75,75,75,75,75,75,75,75,75,75,85,85,85,85,90,90,90,90],"relic_stats":{"Shovel":1,"counters":[12,54],"Mummified Hand":[4],"obtain_stats":[{"Shovel":7,"Pear":13,"Tiny House":17,"Mummified Hand":12,"SacredBark":0,"The Courier":9,"Bag of Marbles":10,"Burning Blood":0},{"Shovel":5,"Pear":8,"Tiny House":10,"Mummified Hand":7,"SacredBark":0,"The Courier":5,"Bag of Marbles":6,"Burning Blood":0},{"Shovel":22,"Pear":34,"Tiny House":47,"Mummified Hand":29,"SacredBark":0,"The Courier":22,"Bag of Marbles":25,"Burning Blood":0}]},"card_choices":[{"not_picked":["Headbutt","Perfected Strike"],"picked":"Anger","floor":1.0},{"not_picked":["Havoc","Warcry"],"picked":"Flame Barrier","floor":2.0},{"not_picked":["Twin Strike","Armaments"],"picked":"Blood for Blood","floor":4.0},{"not_picked":["Sever Soul","Anger"],"picked":"Inflame","floor":5.0},{"not_picked":["Shrug It Off","Warcry"],"picked":"Iron Wave","floor":7},{"not_picked":["Searing Blow","True Grit"],"picked":"Pommel Strike","floor":10},{"not_picked":["Entrench","Havoc","Armaments"],"picked":"SKIP","floor":11},{"not_picked":["Anger","Body Slam","Juggernaut"],"picked":"SKIP","floor":13},{"not_picked":["Anger","Entrench"],"picked":"Disarm","floor":14},{"not_picked":["Demon Form","Offering"],"picked":"Corruption","floor":16},{"not_picked":["Pommel Strike","Dark Embrace"],"picked":"Rupture+1","floor":18}],"player_experience":1097063,"relics_obtained":[{"floor":7,"key":"Shovel"},{"floor":9,"key":"The Courier"},{"floor":10,"key":"Bag of Marbles"},{"floor":12,"key":"Mummified Hand"},{"floor":13,"key":"Pear"}],"event_choices":[{"damage_healed":0.0,"max_hp_gain":0.0,"max_hp_loss":0.0,"gold_gain":0.0,"cards_transformed":["Strike_R"],"event_name":"Transmorgrifier","player_choice":"Transformed","floor":3.0,"gold_loss":0.0,"damage_taken":0.0,"cards_obtained":["Bloodletting"]},{"damage_healed":0,"gold_gain":0,"player_choice":"Fought Bandits","damage_taken":0,"max_hp_gain":0,"max_hp_loss":0,"event_name":"Masked Bandits","floor":19,"gold_loss":0}],"is_beta":false,"boss_relics":[{"not_picked":["Velvet Choker","Empty Cage"],"picked":"Tiny House"}],"items_purged_floors":[],"is_endless":false,"potions_floor_spawned":[7,10,13],"killed_by":"Masked Bandits","ascension_level":20}}