{"host":"fxrgx7wt2cpkbhka","time":1612325062,"event":{"mods":["AchievementEnabler","BaseMod","Colored Powertips","Minty Spire (QoL Compilation)","Permanent Neow","Quick Restart","Slay-I","StSLib","Waifu the Spire"],"gold_per_floor":[114,124,124,124,57,57,75,109,133,133,133],"floor_reached":10,"language":"ENG","playtime":258,"items_purged":[],"score":109,"play_id":"776a2a8b-3fc1-4667-98c8-4c3437c5076a","local_time":"20210202200422","is_ascension_mode":true,"campfire_choices":[{"data":"Flame Barrier","floor":6,"key":"SMITH"}],"circlet_count":0,"master_deck":["AscendersBane","Strike_R","Strike_R","Strike_R","Strike_R","Strike_R","Defend_R","Defend_R","Defend_R","Defend_R","Bash","Limit Break","Battle Trance","Flame Barrier+1","Perfected Strike","Flame Barrier"],"relics":["Burning Blood","Centennial Puzzle","Tiny Chest"],"acts_visited":["Exordium"],"potions_floor_usage":[],"damage_taken":[{"damage":14,"enemies":"Jaw Worm","floor":1,"turns":4},{"damage":6,"enemies":"Cultist","floor":2,"turns":3},{"damage":7,"enemies":"Small Slimes","floor":7,"turns":5},{"damage":47,"enemies":"Gremlin Nob","floor":8,"turns":6},{"damage":23,"enemies":"3 Sentries","floor":10,"turns":5}],"seed_played":"9107613322732761189","potions_obtained":[],"is_trial":false,"path_per_floor":["M","M","$","?","$","R","M","E","T","E"],"character_chosen":"IRONCLAD","items_purchased":["Flame Barrier"],"campfire_rested":0,"item_purchase_floors":[5],"current_hp_per_floor":[64,64,64,64,64,64,63,22,22,0,0],"gold":133,"neow_bonus":"ONE_RANDOM_RARE_CARD","is_daily":false,"chose_seed":false,"campfire_upgraded":1,"win_rate":0.0,"timestamp":1612325062,"path_taken":["M","M","$","?","$","R","M","E","T","E"],"items_purchased_type":["Card"],"build_version":"2020-12-22","purchased_purges":0,"victory":false,"max_hp_per_floor":[80,80,80,80,80,80,80,80,80,80,80],"card_choices":[{"not_picked":["Entrench","Headbutt"],"picked":"Battle Trance","floor":1},{"not_picked":["True Grit","Body Slam","Dark Embrace"],"picked":"SKIP","floor":2},{"not_picked":["Iron Wave","Ghostly Armor"],"picked":"Perfected Strike","floor":7},{"not_picked":["Heavy Blade","Havoc"],"picked":"Flame Barrier","floor":8}],"player_experience":739779,"relics_obtained":[{"floor":8,"key":"Centennial Puzzle"},{"floor":9,"key":"Tiny Chest"}],"event_choices":[{"damage_healed":0,"gold_gain":0,"player_choice":"Ignored","damage_taken":0,"max_hp_gain":0,"max_hp_loss":0,"event_name":"WeMeetAgain","floor":4,"gold_loss":0}],"is_beta":false,"boss_relics":[],"items_purged_floors":[],"is_endless":false,"potions_floor_spawned":[1],"killed_by":"3 Sentries","ascension_level":13}}