{"host":"p0hktren06injwdf","time":1612385544,"event":{"mods":["AchievementEnabler","BaseMod","Colored Map","DeckTracker","Minty Spire (QoL Compilation)","Permanent Neow","StSLib","SuperFastMode"],"gold_per_floor":[360,435,452,114,127,127,27,53,53,80,80,114,114,39,39,115,115,129,129,4,19,32,32,62,62,62,62,81,113,113,127,127,204,204,222,234,251,251,251],"floor_reached":38,"language":"KOR","playtime":837,"items_purged":["Defend_P","Strike_P","Defend_P"],"score":914,"play_id":"8e5dfef9-5f85-4f78-bc8e-4827a6429bb2","local_time":"20210204055224","is_ascension_mode":true,"campfire_choices":[{"data":"Apotheosis","floor":6.0,"key":"SMITH"},{"floor":11.0,"key":"REST"},{"floor":15.0,"key":"REST"},{"floor":23.0,"key":"REST"},{"floor":27.0,"key":"REST"},{"floor":30,"key":"REST"},{"floor":32,"key":"REST"}],"circlet_count":0,"master_deck":["AscendersBane","Strike_P","Strike_P","Strike_P","Defend_P","Eruption","Vigilance","Consecrate","Apotheosis+1","EmptyFist","MentalFortress","DeusExMachina","FearNoEvil","MentalFortress+1","Halt+1"],"relics":["PureWater","Toy Ornithopter","Bottled Lightning","Damaru","Blue Candle","Sozu","Bag of Preparation","StoneCalendar","White Beast Statue","SlaversCollar"],"acts_visited":["Exordium","TheCity","TheBeyond"],"potions_floor_usage":[33],"damage_taken":[{"damage":1.0,"enemies":"2 Louse","floor":1.0,"turns":2.0},{"damage":0.0,"enemies":"Small Slimes","floor":3.0,"turns":5.0},{"damage":0.0,"enemies":"Cultist","floor":5.0,"turns":2.0},{"damage":8.0,"enemies":"Lagavulin","floor":8.0,"turns":3.0},{"damage":26.0,"enemies":"3 Sentries","floor":10.0,"turns":10.0},{"damage":0.0,"enemies":"Gremlin Nob","floor":12.0,"turns":3.0},{"damage":18.0,"enemies":"The Guardian","floor":16.0,"turns":8.0},{"damage":8.0,"enemies":"2 Thieves","floor":18.0,"turns":3.0},{"damage":0.0,"enemies":"Spheric Guardian","floor":21.0,"turns":3.0},{"damage":22.0,"enemies":"Cultist and Chosen","floor":22.0,"turns":6.0},{"damage":46.0,"enemies":"Gremlin Leader","floor":24.0,"turns":7.0},{"damage":0.0,"enemies":"Snake Plant","floor":28.0,"turns":3.0},{"damage":14,"enemies":"Slavers","floor":29,"turns":5},{"damage":14,"enemies":"3 Cultists","floor":31,"turns":5},{"damage":24,"enemies":"Collector","floor":33,"turns":9},{"damage":21,"enemies":"3 Darklings","floor":35,"turns":6},{"damage":0,"enemies":"3 Shapes","floor":36,"turns":5},{"damage":6,"enemies":"Spire Growth","floor":37,"turns":5},{"damage":29,"enemies":"Writhing Mass","floor":38,"turns":6}],"seed_played":"-3597862678033560344","potions_obtained":[{"floor":3.0,"key":"AttackPotion"},{"floor":8.0,"key":"Energy Potion"},{"floor":16.0,"key":"Ancient Potion"}],"is_trial":false,"path_per_floor":["M","?","M","$","M","R","$","E","T","E","R","E","?","?","R","B",null,"M","?","$","M","M","R","E","?","T","R","M","E","R","M","R","B",null,"M","M","M","M"],"character_chosen":"WATCHER","items_purchased":["Apotheosis","EmptyFist"],"campfire_rested":6,"item_purchase_floors":[4,4],"current_hp_per_floor":[42,31,31,31,31,31,31,23,23,2,22,22,44,44,64,46,63,55,55,55,55,33,53,7,7,7,27,27,13,33,19,39,20,56,35,35,29,0,0],"gold":251,"neow_bonus":"TWO_FIFTY_GOLD","is_daily":false,"chose_seed":false,"campfire_upgraded":1,"win_rate":0.0,"timestamp":1612385544,"path_taken":["M","?","M","$","M","R","$","E","T","E","R","E","?","?","R","BOSS","M","?","$","M","M","R","E","?","T","R","?","E","R","M","R","BOSS","M","M","M","M"],"items_purchased_type":["Card","Card"],"build_version":"2020-12-22","purchased_purges":3,"victory":false,"max_hp_per_floor":[68,68,68,68,68,68,68,68,68,68,68,68,68,68,68,68,68,68,68,68,68,68,68,68,68,68,68,68,68,68,68,68,68,68,68,68,68,68,68],"card_choices":[{"not_picked":["CutThroughFate","Perseverance","PathToVictory"],"picked":"SKIP","floor":1.0},{"not_picked":["FlurryOfBlows","Prostrate"],"picked":"Consecrate","floor":3.0},{"not_picked":["Nirvana","WaveOfTheHand","Evaluate"],"picked":"SKIP","floor":5.0},{"not_picked":["SashWhip","Perseverance"],"picked":"MentalFortress","floor":8.0},{"not_picked":["Sanctity","ThirdEye","SandsOfTime"],"picked":"SKIP","floor":10.0},{"not_picked":["FollowUp","Sanctity","BattleHymn"],"picked":"SKIP","floor":12.0},{"not_picked":["Omniscience","Brilliance"],"picked":"DeusExMachina","floor":16.0},{"not_picked":["FollowUp","CrushJoints","Indignation"],"picked":"SKIP","floor":18.0},{"not_picked":["SashWhip","Vengeance","LikeWater"],"picked":"SKIP","floor":21.0},{"not_picked":["Crescendo","Alpha","EmptyFist"],"picked":"SKIP","floor":22.0},{"not_picked":["Nirvana","Wireheading"],"picked":"FearNoEvil","floor":24.0},{"not_picked":["Worship","JustLucky","SashWhip"],"picked":"SKIP","floor":28.0},{"not_picked":["EmptyBody","WindmillStrike"],"picked":"MentalFortress+1","floor":29},{"not_picked":["Protect","CrushJoints","Conclude"],"picked":"SKIP","floor":31},{"not_picked":["FollowUp","Pray","CutThroughFate"],"picked":"SKIP","floor":35},{"not_picked":["Protect","EmptyFist","CutThroughFate"],"picked":"SKIP","floor":36},{"not_picked":["Indignation","EmptyFist"],"picked":"Halt+1","floor":37}],"player_experience":995796,"relics_obtained":[{"floor":8.0,"key":"Toy Ornithopter"},{"floor":9.0,"key":"Bottled Lightning"},{"floor":10.0,"key":"Damaru"},{"floor":12.0,"key":"Blue Candle"},{"floor":24.0,"key":"Bag of Preparation"},{"floor":26.0,"key":"StoneCalendar"},{"floor":29,"key":"White Beast Statue"}],"event_choices":[{"damage_healed":0.0,"max_hp_gain":0.0,"max_hp_loss":0.0,"gold_gain":75.0,"event_name":"World of Goop","player_choice":"Gather Gold","floor":2.0,"gold_loss":0.0,"damage_taken":11.0},{"damage_healed":22.0,"max_hp_gain":0.0,"max_hp_loss":0.0,"gold_gain":0.0,"event_name":"Big Fish","player_choice":"Banana","floor":13.0,"gold_loss":0.0,"damage_taken":0.0},{"cards_removed":["Defend_P"],"damage_healed":0.0,"max_hp_gain":0.0,"max_hp_loss":0.0,"gold_gain":0.0,"event_name":"The Cleric","player_choice":"Card Removal","floor":14.0,"gold_loss":75.0,"damage_taken":0.0},{"damage_healed":0.0,"max_hp_gain":0.0,"max_hp_loss":0.0,"gold_gain":0.0,"event_name":"The Mausoleum","player_choice":"Ignored","floor":19.0,"gold_loss":0.0,"damage_taken":0.0},{"damage_healed":0.0,"max_hp_gain":0.0,"max_hp_loss":0.0,"gold_gain":0.0,"event_name":"Lab","player_choice":"Got Potions","floor":25.0,"gold_loss":0.0,"damage_taken":0.0}],"is_beta":false,"boss_relics":[{"not_picked":["Astrolabe","Busted Crown"],"picked":"Sozu"},{"not_picked":["Calling Bell","Philosopher\u0027s Stone"],"picked":"SlaversCollar"}],"items_purged_floors":[4,7,20],"is_endless":false,"potions_floor_spawned":[3,8,16,21,24,29,31,33,35,36,37],"killed_by":"Writhing Mass","ascension_level":20}}