{"host":"vyjryxuuuxkt43k4","time":1612364377,"event":{"mods":["AchievementEnabler","BaseMod","Colored Map","DeckTracker","Keyboard Shortcuts","Minty Spire (QoL Compilation)","Permanent Neow","Quick Restart","Rare Cards Sparkle","Relic Stats","StSLib","SuperFastMode","everything is the same but u backflip on backflip"],"gold_per_floor":[111,128,7,26,26,26,51,51,51,51,71,86,103,120,120,225,225,245,245,14,28,43,43,43,43],"floor_reached":24,"language":"KOR","playtime":689,"items_purged":["Strike_B"],"score":310,"play_id":"34215387-7c98-4252-b87c-5faf8ec53a44","local_time":"20210203235937","is_ascension_mode":true,"campfire_choices":[{"data":"Zap","floor":6.0,"key":"SMITH"},{"data":"Dualcast","floor":10.0,"key":"SMITH"},{"floor":15.0,"key":"REST"},{"floor":23,"key":"REST"}],"circlet_count":0,"master_deck":["AscendersBane","Strike_B","Strike_B","Strike_B","Defend_B","Defend_B","Defend_B","Defend_B","Zap+1","Dualcast+1","Multi-Cast","Cold Snap","Ball Lightning","Genetic Algorithm","Glacier","Hologram","Ball Lightning","Undo","Electrodynamics","Conserve Battery+1","Rebound+1","Turbo"],"relics":["Cracked Core","Kunai","StrikeDummy","Letter Opener","Philosopher\u0027s Stone","Chemical X"],"acts_visited":["Exordium","TheCity"],"potions_floor_usage":[24],"damage_taken":[{"damage":14.0,"enemies":"2 Louse","floor":1.0,"turns":2.0},{"damage":3.0,"enemies":"Cultist","floor":2.0,"turns":4.0},{"damage":2.0,"enemies":"Jaw Worm","floor":4.0,"turns":3.0},{"damage":15.0,"enemies":"3 Sentries","floor":7.0,"turns":6.0},{"damage":2.0,"enemies":"Red Slaver","floor":11.0,"turns":3.0},{"damage":11.0,"enemies":"Exordium Thugs","floor":12.0,"turns":5.0},{"damage":7.0,"enemies":"3 Louse","floor":13.0,"turns":3.0},{"damage":0.0,"enemies":"Gremlin Gang","floor":14.0,"turns":2.0},{"damage":15.0,"enemies":"The Guardian","floor":16.0,"turns":13.0},{"damage":9,"enemies":"Shell Parasite","floor":18,"turns":5},{"damage":14,"enemies":"2 Thieves","floor":21,"turns":3},{"damage":36,"enemies":"Snake Plant","floor":22,"turns":4},{"damage":36,"enemies":"Gremlin Leader","floor":24,"turns":4}],"seed_played":"-7747761782932718996","potions_obtained":[{"floor":4.0,"key":"Fire Potion"},{"floor":5.0,"key":"SteroidPotion"},{"floor":12.0,"key":"SkillPotion"},{"floor":14.0,"key":"Fire Potion"},{"floor":21,"key":"Energy Potion"}],"is_trial":false,"path_per_floor":["M","M","?","M","?","R","E","$","T","R","M","M","M","M","R","B",null,"M","?","$","M","M","R","E"],"character_chosen":"DEFECT","items_purchased":["Chemical X"],"campfire_rested":2,"item_purchase_floors":[20],"current_hp_per_floor":[54,51,51,49,49,49,34,34,34,34,32,21,14,14,36,21,62,53,53,53,39,3,25,0,0],"gold":43,"neow_bonus":"ONE_RANDOM_RARE_CARD","is_daily":false,"chose_seed":false,"campfire_upgraded":2,"win_rate":0.0,"timestamp":1612364377,"path_taken":["M","M","?","?","?","R","E","$","T","R","M","M","?","M","R","BOSS","M","?","?","M","M","R","E"],"items_purchased_type":["Relic"],"build_version":"2020-12-22","purchased_purges":1,"victory":false,"max_hp_per_floor":[75,75,75,75,75,75,75,75,75,75,75,75,75,75,75,75,75,75,75,75,75,75,75,75,75],"relic_stats":{"counters":[13,57],"Kunai":[4],"Letter Opener":[74],"Chemical X":[3],"obtain_stats":[{"Philosopher\u0027s Stone":17,"Kunai":3,"Letter Opener":9,"Chemical X":20,"Cracked Core":0,"StrikeDummy":7},{"Philosopher\u0027s Stone":9,"Kunai":2,"Letter Opener":4,"Chemical X":10,"Cracked Core":0,"StrikeDummy":4},{"Philosopher\u0027s Stone":41,"Kunai":6,"Letter Opener":15,"Chemical X":46,"Cracked Core":0,"StrikeDummy":15}]},"card_choices":[{"not_picked":["Conserve Battery","Storm"],"picked":"Cold Snap","floor":1.0},{"not_picked":["Loop","Force Field"],"picked":"Ball Lightning","floor":2.0},{"not_picked":["Stack","Redo"],"picked":"Genetic Algorithm","floor":4.0},{"not_picked":["BootSequence","Go for the Eyes"],"picked":"Glacier","floor":7.0},{"not_picked":["Leap","Steam"],"picked":"Hologram","floor":11.0},{"not_picked":["Force Field","Hologram"],"picked":"Ball Lightning","floor":12.0},{"not_picked":["Streamline","Rebound","Genetic Algorithm"],"picked":"SKIP","floor":13.0},{"not_picked":["Redo","Conserve Battery"],"picked":"Undo","floor":14.0},{"not_picked":["Creative AI","Core Surge"],"picked":"Electrodynamics","floor":16.0},{"not_picked":["Streamline","Redo"],"picked":"Conserve Battery+1","floor":18},{"not_picked":["Compile Driver+1","Streamline"],"picked":"Rebound+1","floor":21},{"not_picked":["Rainbow","Sweeping Beam+1"],"picked":"Turbo","floor":22}],"player_experience":674514,"relics_obtained":[{"floor":7.0,"key":"StrikeDummy"},{"floor":9.0,"key":"Letter Opener"}],"event_choices":[{"damage_healed":0.0,"max_hp_gain":0.0,"max_hp_loss":0.0,"gold_gain":0.0,"event_name":"WeMeetAgain","player_choice":"Paid Gold","floor":3.0,"gold_loss":121.0,"damage_taken":0.0,"relics_obtained":["Kunai"]},{"damage_healed":0.0,"max_hp_gain":0.0,"max_hp_loss":0.0,"gold_gain":0.0,"event_name":"Lab","player_choice":"Got Potions","floor":5.0,"gold_loss":0.0,"damage_taken":0.0},{"damage_healed":0,"gold_gain":0,"player_choice":"Ignored","damage_taken":0,"max_hp_gain":0,"max_hp_loss":0,"event_name":"Ghosts","floor":19,"gold_loss":0}],"is_beta":false,"boss_relics":[{"not_picked":["Sozu","Pandora\u0027s Box"],"picked":"Philosopher\u0027s Stone"}],"items_purged_floors":[20],"is_endless":false,"potions_floor_spawned":[4,12,14,21],"killed_by":"Gremlin Leader","ascension_level":11}}