{"host":"pgm1p3lvdjflie30","time":1612353760,"event":{"mods":["ATMod(阿瑾Mod)","AchievementEnabler","Aspiration","BaseMod","Challenge The Spire","Colored Map","Colored Powertips","Conspire","Dark Map","Dota2Spire","Downfall","Energized Spire","GungeonMod","Hermit","Highlight Path","HornydragonMod","Minty Spire (QoL Compilation)","MostiFishMod","Quarter Circle Forward PUNCH!","Quick Restart","Reimu（博???）","Relic Stats","Replay The Spire","Robot Space Explorer","Spicy Shops","StSLib","TestMod","The Blackbeard","The Bug Knight","The Cursed","The Hayseed","The IronCluck","The Jungle","The Runesmith","Waifu the Spire","Yakumo Yukari mod","【?物卡牌】REMEMod","篝火指南"],"gold_per_floor":[116,116,116,116,116,151,151,161,161,161,178,178,178,204,204,308,308,319,319,330,130,130,130,158,158,158,223,223,254,11,31,31,133,133,173,173,185,215,57,82,82,113,139,139,159,83,83,117,117,117,117,117,38,65,65],"floor_reached":56,"language":"ZHS","playtime":3838,"items_purged":["Parasite","Clumsy"],"score":1707,"play_id":"811faf7e-9a14-4a35-aa5e-14e5b38806b3","local_time":"20210203200240","is_ascension_mode":true,"campfire_choices":[{"floor":7,"key":"RECALL"},{"data":"blackbeard:CaptainsHat","floor":10,"key":"SMITH"},{"data":"DemoMod:BlackHoleGun","floor":12,"key":"SMITH"},{"data":"Adrenaline","floor":23,"key":"SMITH"},{"data":"DemoMod:BalloonGun","floor":25,"key":"SMITH"},{"data":"DemoMod:Gungine","floor":28,"key":"SMITH"},{"data":"DemoMod:TripleGun","floor":32,"key":"SMITH"},{"data":"DemoMod:Casey","floor":41,"key":"SMITH"},{"data":"DemoMod:FinishedGun","floor":44,"key":"SMITH"},{"data":"DemoMod:MegaHand","floor":47,"key":"SMITH"},{"data":"DemoMod:CombinedRifle","floor":49,"key":"SMITH"},{"data":"DemoMod:GunstockTap","floor":52,"key":"SMITH"}],"circlet_count":0,"master_deck":["DemoMod:Strike_Huntress","DemoMod:Strike_Huntress","DemoMod:Strike_Huntress","DemoMod:Defend_Huntress+1","DemoMod:ManualReload","DemoMod:RustySidearm","DemoMod:CrossBow","blackbeard:CaptainsHat+1","AT_FamilyPortrait+1","DemoMod:TeaPot","DemoMod:BlackHoleGun+1","DemoMod:Casey+1","DemoMod:CombinedRifle+1","DemoMod:FightSabre+1","DemoMod:ThirdPartyController","DemoMod:BalloonGun+1","DemoMod:Gungine+1","DemoMod:SAA+1","DemoMod:JK47","Adrenaline+1","Escape Plan","Storm of Steel","DemoMod:AbyssalTentacle+1","DemoMod:TripleGun+1","DemoMod:BattleInHaste","DemoMod:HighKaliber+1","DemoMod:Polaris","DemoMod:Eureka","DemoMod:GunstockTap+1","DemoMod:StickyCrossBow+1","DemoMod:Camera+1","DemoMod:AC15+1","DemoMod:FinishedGun+1","DemoMod:MegaHand+1","DemoMod:Purify+1","DemoMod:Evolver","DemoMod:DirectionalPad"],"relics":["DemoMod:Dog","AT_ATBox","REME_ComplimentaryCards","DaveBox","testmod-TestBox","White Beast Statue","testmod-HarvestTotem","testmod-EqualTreatment","SynthV:TestCard","Bottled Tornado","Happy Flower","REME_LimitBreaker","aspiration:HatOfInfinitePower","Ornamental Fan","Replay:Grab Bag","energizedSpire:DeadBattery","SlaversCollar","conspire:SpecialSausage","Dota2Spire:DivineRapier","theJungle:WildMango","Runesmith:Nanobots","DemoMod:JetPack","DianPoetry","War Paint","Bottled Lightning","Replay:Ancient Bell","ReplayTheSpireMod:TigerMarble","Letter Opener","testmod-Alchemist","Mango","testmod-Charity","DemoMod:Metronome","DemoMod:GreenGuonStone","TheSimpletonMod:WoodChipper","qcfpunch:Red_Gi","qcfpunch:Wild_Herbs_Ointment","conspire:TopHat","TungstenRod","testmod-IntensifyImprint"],"acts_visited":["Exordium","Exordium","TheBeyond","TheEnding"],"potions_floor_usage":[11,14,14,14,20,27,29,33,40,40,42,45,46,46,50,55,55],"damage_taken":[{"damage":0,"enemies":"2 Louse","floor":1,"turns":2},{"damage":20,"enemies":"3 Sentries","floor":6,"turns":4},{"damage":8,"enemies":"Jaw Worm","floor":8,"turns":3},{"damage":0,"enemies":"Small Slimes","floor":11,"turns":2},{"damage":12,"enemies":"Gremlin Nob","floor":14,"turns":4},{"damage":12,"enemies":"Fading Forest","floor":16,"turns":11},{"damage":13,"enemies":"Shell Parasite","floor":18,"turns":3},{"damage":7,"enemies":"theJungle:Flameango_and_Byrd","floor":20,"turns":3},{"damage":0,"enemies":"theJungle:MamaSnecko","floor":24,"turns":3},{"damage":0,"enemies":"theJungle:Cassacara","floor":27,"turns":2},{"damage":0,"enemies":"theJungle:MamaSnecko","floor":29,"turns":2},{"damage":0,"enemies":"theJungle:2_Snecko_Cultists","floor":31,"turns":2},{"damage":8,"enemies":"theJungle:FunGuy","floor":33,"turns":5},{"damage":0,"enemies":"3 Darklings","floor":35,"turns":1},{"damage":6,"enemies":"3 Shapes","floor":37,"turns":1},{"damage":0,"enemies":"Nemesis","floor":40,"turns":2},{"damage":0,"enemies":"Reptomancer","floor":42,"turns":1},{"damage":70,"enemies":"Spire Growth","floor":45,"turns":3},{"damage":43,"enemies":"Giant Head","floor":46,"turns":4},{"damage":0,"enemies":"Reptomancer","floor":48,"turns":2},{"damage":93,"enemies":"Awakened One","floor":50,"turns":8},{"damage":0,"enemies":"Shield and Spear","floor":54,"turns":2},{"damage":83,"enemies":"The Heart","floor":55,"turns":5}],"seed_played":"-6989599580001524492","potions_obtained":[{"floor":1,"key":"FearPotion"},{"floor":6,"key":"Languid Potion"},{"floor":8,"key":"Slimebound:ThreeZeroPotion"},{"floor":11,"key":"FearPotion"},{"floor":14,"key":"testmod-TimePotion"},{"floor":16,"key":"SpeedPotion"},{"floor":18,"key":"Adrenaline Potion"},{"floor":20,"key":"BlessingOfTheForge"},{"floor":27,"key":"Weak Potion"},{"floor":29,"key":"bronze:BurnAndBuffPotion"},{"floor":33,"key":"AttackPotion"},{"floor":35,"key":"conspire:TimeTravelPotion"},{"floor":37,"key":"DuplicationPotion"},{"floor":40,"key":"FearPotion"},{"floor":42,"key":"SpeedPotion"},{"floor":45,"key":"champ:CounterPotion"},{"floor":46,"key":"DemoMod:LeadSkinPotion"},{"floor":48,"key":"PowerPotion"},{"floor":54,"key":"Fire Potion"}],"is_trial":false,"path_per_floor":["M","?","?","?","?","E","R","M","T","R","M","R","$","E","R_BF","B",null,"M","?","M","$","?","R","E","R","T","E","R","E","$","M","R","B",null,"M","?","M","?","$","E","R","E","T","R","M","E","R","E","R","B",null,"R","$","E","B",null],"character_chosen":"HUNTRESS","items_purchased":["Dota2Spire:DivineRapier","Bottled Lightning","testmod-Charity","TungstenRod"],"campfire_rested":0,"item_purchase_floors":[21,30,39,53],"current_hp_per_floor":[126,126,126,111,104,84,84,76,76,76,76,76,76,64,126,114,126,113,113,106,106,151,151,151,151,151,151,151,151,151,151,151,143,151,151,151,145,141,141,145,145,149,153,153,157,118,118,122,122,45,199,199,199,201,146],"gold":65,"neow_bonus":"ONE_RARE_RELIC","is_daily":false,"chose_seed":false,"campfire_upgraded":11,"win_rate":0.0,"timestamp":1612353760,"path_taken":["M","?","?","?","?","E","R","M","T","R","M","R","$","E","R_BF","BOSS","M","?","M","?","?","R","E","R","T","E","R","E","$","M","R","BOSS","M","?","?","?","$","E","R","E","T","R","?","E","R","E","R","BOSS","R","$","E","BOSS"],"items_purchased_type":["Relic","Relic","Relic","Relic"],"build_version":"2020-12-22","purchased_purges":2,"victory":true,"max_hp_per_floor":[126,126,126,126,126,126,126,126,126,126,126,126,126,126,126,126,126,126,126,126,123,151,151,151,151,151,151,151,151,151,151,151,151,151,151,151,151,179,179,181,181,183,185,185,187,189,189,191,191,199,199,199,199,201,209],"relic_stats":{"Happy Flower":[24],"counters":[23,74],"Ornamental Fan":[204],"Letter Opener":[21],"War Paint":["DemoMod:Defend_Huntress","AT_FamilyPortrait"],"obtain_stats":[{"DemoMod:GreenGuonStone":42,"AT_ATBox":0,"DaveBox":0,"DianPoetry":27,"testmod-EqualTreatment":0,"conspire:SpecialSausage":17,"Mango":38,"TheSimpletonMod:WoodChipper":43,"DemoMod:GlassGuonStoneRelic":1,"Bottled Tornado":2,"testmod-Charity":39,"conspire:TopHat":48,"qcfpunch:Wild_Herbs_Ointment":48,"testmod-Alchemist":34,"DemoMod:Metronome":40,"qcfpunch:Red_Gi":46,"Dota2Spire:DivineRapier":21,"theJungle:WildMango":22,"DemoMod:JetPack":26,"testmod-IntensifyImprint":54,"Runesmith:Nanobots":24,"testmod-TestBox":0,"DemoMod:Dog":0,"Happy Flower":3,"Replay:Grab Bag":17,"testmod-HarvestTotem":0,"Replay:Ancient Bell":34,"Letter Opener":34,"REME_LimitBreaker":5,"War Paint":29,"energizedSpire:DeadBattery":17,"White Beast Statue":0,"SlaversCollar":17,"SynthV:TestCard":1,"Ornamental Fan":14,"ReplayTheSpireMod:TigerMarble":34,"Bottled Lightning":30,"aspiration:HatOfInfinitePower":6,"TungstenRod":53,"REME_ComplimentaryCards":0},{"DemoMod:GreenGuonStone":17,"AT_ATBox":0,"DaveBox":0,"DianPoetry":10,"testmod-EqualTreatment":0,"conspire:SpecialSausage":6,"Mango":15,"TheSimpletonMod:WoodChipper":17,"DemoMod:GlassGuonStoneRelic":1,"Bottled Tornado":1,"testmod-Charity":15,"conspire:TopHat":20,"qcfpunch:Wild_Herbs_Ointment":20,"testmod-Alchemist":13,"DemoMod:Metronome":16,"qcfpunch:Red_Gi":19,"Dota2Spire:DivineRapier":8,"theJungle:WildMango":8,"DemoMod:JetPack":9,"testmod-IntensifyImprint":22,"Runesmith:Nanobots":9,"testmod-TestBox":0,"DemoMod:Dog":0,"Happy Flower":1,"Replay:Grab Bag":6,"testmod-HarvestTotem":0,"Replay:Ancient Bell":13,"Letter Opener":13,"REME_LimitBreaker":1,"War Paint":11,"energizedSpire:DeadBattery":6,"White Beast Statue":0,"SlaversCollar":6,"SynthV:TestCard":1,"Ornamental Fan":5,"ReplayTheSpireMod:TigerMarble":13,"Bottled Lightning":11,"aspiration:HatOfInfinitePower":2,"TungstenRod":21,"REME_ComplimentaryCards":0},{"DemoMod:GreenGuonStone":51,"AT_ATBox":0,"DaveBox":0,"DianPoetry":37,"testmod-EqualTreatment":0,"conspire:SpecialSausage":26,"Mango":48,"TheSimpletonMod:WoodChipper":51,"DemoMod:GlassGuonStoneRelic":2,"Bottled Tornado":2,"testmod-Charity":48,"conspire:TopHat":60,"qcfpunch:Wild_Herbs_Ointment":60,"testmod-Alchemist":46,"DemoMod:Metronome":50,"qcfpunch:Red_Gi":58,"Dota2Spire:DivineRapier":32,"theJungle:WildMango":32,"DemoMod:JetPack":35,"testmod-IntensifyImprint":69,"Runesmith:Nanobots":35,"testmod-TestBox":0,"DemoMod:Dog":0,"Happy Flower":2,"Replay:Grab Bag":26,"testmod-HarvestTotem":0,"Replay:Ancient Bell":46,"Letter Opener":46,"REME_LimitBreaker":2,"War Paint":39,"energizedSpire:DeadBattery":26,"White Beast Statue":0,"SlaversCollar":26,"SynthV:TestCard":2,"Ornamental Fan":15,"ReplayTheSpireMod:TigerMarble":46,"Bottled Lightning":39,"aspiration:HatOfInfinitePower":6,"TungstenRod":67,"REME_ComplimentaryCards":0}],"TungstenRod":28},"card_choices":[{"not_picked":["DemoMod:BattleInHaste","DemoMod:BoxingGlove"],"picked":"DemoMod:TeaPot","floor":1},{"not_picked":["DemoMod:Ejector","DemoMod:ConditionalReflex","DemoMod:ZorGun","DemoMod:GunShield"],"picked":"DemoMod:Casey","floor":6},{"not_picked":["DemoMod:MachoBrace","DemoMod:DoubleSwitch","DemoMod:FastSwitch","DemoMod:ConditionalReflex"],"picked":"DemoMod:CombinedRifle","floor":8},{"not_picked":["DemoMod:StrategicReserve","DemoMod:CursedBullets","DemoMod:Casey","DemoMod:ShadowBullets"],"picked":"DemoMod:FightSabre","floor":11},{"not_picked":["DemoMod:HardPowerCard","DemoMod:JK47","DemoMod:ConditionalReflex","DemoMod:TripleGun"],"picked":"DemoMod:ThirdPartyController","floor":14},{"not_picked":["DemoMod:Eureka","DemoMod:DarkMarker","DemoMod:Elimentaler","DemoMod:ThirdPartyController"],"picked":"DemoMod:BalloonGun","floor":16},{"not_picked":["DemoMod:BulletBore","DemoMod:DoubleVision","DemoMod:BlankBullets","DemoMod:SuppressiveFire"],"picked":"DemoMod:Gungine","floor":16},{"not_picked":["DemoMod:ProbeStrike","DemoMod:PotionOfGunFriendShip","DemoMod:ChanceBullets","DemoMod:GunstockTap+1"],"picked":"DemoMod:SAA+1","floor":18},{"not_picked":["DemoMod:TeaPot","DemoMod:BoxingGlove","DemoMod:EasyReloadBullets+1","DemoMod:PracticeMakesPerfect"],"picked":"DemoMod:JK47","floor":18},{"not_picked":["DemoMod:MachoBrace","DemoMod:AC15+1","DemoMod:SAA+1","DemoMod:HuntsMan"],"picked":"DemoMod:AbyssalTentacle+1","floor":20},{"not_picked":["DemoMod:LifeOrb","DemoMod:MegaHand","DemoMod:Unity","DemoMod:PotionOfGunFriendShip"],"picked":"DemoMod:TripleGun","floor":24},{"not_picked":["DemoMod:BoxingGlove+1","DemoMod:HardPowerCard","DemoMod:AbyssalTentacle","DemoMod:SpreadAmmo"],"picked":"DemoMod:BattleInHaste","floor":27},{"not_picked":["DemoMod:EasyReloadBullets","DemoMod:BalloonGun","DemoMod:Evolver","DemoMod:ChanceBullets"],"picked":"DemoMod:HighKaliber+1","floor":29},{"not_picked":["DemoMod:MachoBrace","DemoMod:SAA","DemoMod:TeaPot","DemoMod:ChanceBullets"],"picked":"DemoMod:Polaris","floor":31},{"not_picked":["DemoMod:ThirdPartyController","DemoMod:Desperate","DemoMod:DoubleVision","DemoMod:BalloonGun"],"picked":"DemoMod:Eureka","floor":33},{"not_picked":["Mistake","Pain","Parasite","conspire:NecroticWound"],"picked":"ReplayTheSpireMod:IOU","floor":34},{"not_picked":["Normality","Writhe","Pain","AbeCurse"],"picked":"downfall:Bewildered","floor":34},{"not_picked":["Poor:ReiMu","REME_CurseOfMatryoshka","Mistake","Flag"],"picked":"Overencumbered","floor":34},{"not_picked":["DemoMod:TripleGun+1","DemoMod:SAA+1","DemoMod:ConditionalReflex+1","DemoMod:BoxingGlove+1"],"picked":"DemoMod:GunstockTap","floor":35},{"not_picked":["DemoMod:Unmoved+1","DemoMod:DirectionalPad","DemoMod:SAA+1","DemoMod:CursedBullets+1"],"picked":"DemoMod:StickyCrossBow+1","floor":37},{"not_picked":["DemoMod:JK47","DemoMod:RadGun","DemoMod:BattleInHaste+1","DemoMod:ShadowBullets+1"],"picked":"DemoMod:Camera+1","floor":38},{"not_picked":["DemoMod:CursedBullets+1","DemoMod:PracticeMakesPerfect","DemoMod:PotionOfGunFriendShip","DemoMod:HungryBullets+1"],"picked":"DemoMod:AC15+1","floor":40},{"not_picked":["DemoMod:SAA+1","DemoMod:ConditionalReflex","DemoMod:Replace+1","DemoMod:MachoBrace"],"picked":"DemoMod:FinishedGun","floor":42},{"not_picked":["DemoMod:HungryBullets+1","DemoMod:ZorGun+1","DemoMod:DoubleSwitch+1","DemoMod:AC15+1"],"picked":"DemoMod:MegaHand","floor":45},{"not_picked":["DemoMod:GunShield+1","DemoMod:DoubleSwitch+1","DemoMod:MegaHand+1","DemoMod:RadGun"],"picked":"DemoMod:Purify+1","floor":46},{"not_picked":["DemoMod:HardPowerCard+1","DemoMod:MegaHand+1","DemoMod:Unmoved","DemoMod:JK47"],"picked":"DemoMod:Evolver","floor":48},{"not_picked":["DemoMod:Rummage+1","DemoMod:AWP","DemoMod:Unmoved+1","DemoMod:EasyReloadBullets+1"],"picked":"DemoMod:DirectionalPad","floor":54}],"player_experience":370568,"relics_obtained":[{"floor":1,"key":"SynthV:TestCard"},{"floor":6,"key":"aspiration:HatOfInfinitePower"},{"floor":14,"key":"Ornamental Fan"},{"floor":24,"key":"Runesmith:Nanobots"},{"floor":26,"key":"DemoMod:JetPack"},{"floor":27,"key":"DianPoetry"},{"floor":29,"key":"War Paint"},{"floor":38,"key":"Mango"},{"floor":40,"key":"DemoMod:Metronome"},{"floor":42,"key":"DemoMod:GreenGuonStone"},{"floor":43,"key":"TheSimpletonMod:WoodChipper"},{"floor":46,"key":"qcfpunch:Red_Gi"},{"floor":48,"key":"qcfpunch:Wild_Herbs_Ointment"},{"floor":48,"key":"conspire:TopHat"},{"floor":54,"key":"testmod-IntensifyImprint"}],"event_choices":[{"damage_healed":0,"gold_gain":0,"player_choice":"Success","damage_taken":7,"relics_obtained":["REME_LimitBreaker"],"max_hp_gain":0,"max_hp_loss":0,"event_name":"Scrap Ooze","floor":5,"gold_loss":0},{"cards_removed":["Overencumbered","downfall:Bewildered","ReplayTheSpireMod:IOU"],"damage_healed":0,"gold_gain":0,"player_choice":"Removed Curses","damage_taken":0,"max_hp_gain":0,"max_hp_loss":0,"event_name":"Fountain of Cleansing","floor":36,"gold_loss":0}],"is_beta":false,"boss_relics":[{"not_picked":["GuanYuAspect","conspire:RoyalGoblet"],"picked":"Replay:Grab Bag"},{"not_picked":["energizedSpire:StickyHand","Cursed Key"],"picked":"energizedSpire:DeadBattery"},{"not_picked":["energizedSpire:EnergizedDie","Velvet Choker"],"picked":"SlaversCollar"},{"not_picked":["aspiration:WatcherSkillbook","conspire:RunicOctahedron"],"picked":"conspire:SpecialSausage"},{"not_picked":["Transparent","REME_ChargedStone"],"picked":"Replay:Ancient Bell"},{"not_picked":["MealTicket","DemoMod:WeirdEgg"],"picked":"ReplayTheSpireMod:TigerMarble"},{"not_picked":["Dota2Spire:EtherealBlade","qcfpunch:White_Boots"],"picked":"Letter Opener"},{"not_picked":["testmod-ThousandKnives","DaCapo"],"picked":"testmod-Alchemist"}],"items_purged_floors":[21,39],"is_endless":false,"potions_floor_spawned":[1,6,8,11,14,16,18,20,24,27,29,31,33,35,37,40,42,45,46,48,54],"ascension_level":1}}