{"host":"qxeepl7ydvsgmfdb","time":1612364862,"event":{"mods":["AchievementEnabler","BaseMod","Colored Powertips","Minty Spire (QoL Compilation)","Quick Restart","slay the spire mod where everything is the same but ironclad has a cowboy hat"],"gold_per_floor":[109,109,79,33,49,80,99,23,23,41,41,41,216,231,231,327,327,344,65,65,85,85,85,116,127,127,127,154,168,178,205,205,205,205],"floor_reached":33,"language":"ENG","playtime":1190,"items_purged":["Doubt"],"score":380,"play_id":"d2d96a0a-7ec8-4519-9357-6a9637ddf016","local_time":"20210203100742","is_ascension_mode":true,"campfire_choices":[{"floor":11.0,"key":"REST"},{"data":"Finisher","floor":15.0,"key":"SMITH"},{"data":"Blade Dance","floor":23.0,"key":"SMITH"},{"floor":27.0,"key":"REST"},{"floor":32,"key":"REST"}],"circlet_count":0,"master_deck":["Strike_G","Strike_G","Strike_G","Strike_G","Strike_G","Defend_G","Defend_G","Defend_G","Defend_G","Defend_G","Survivor","Neutralize","Blade Dance","Finisher+1","Cloak And Dagger","Deflect","Footwork+1","PiercingWail","Corpse Explosion","Cloak And Dagger","Blade Dance+1","Poisoned Stab+1","Distraction","Backflip+1","Blade Dance+1"],"relics":["Ring of the Snake","NeowsBlessing","Frozen Egg 2","Regal Pillow","Bottled Tornado","Busted Crown","Strawberry","Bag of Preparation","HornCleat","Toxic Egg 2","Molten Egg 2"],"acts_visited":["Exordium","TheCity"],"potions_floor_usage":[31],"damage_taken":[{"damage":0.0,"enemies":"2 Louse","floor":1.0,"turns":1.0},{"damage":0.0,"enemies":"Jaw Worm","floor":5.0,"turns":1.0},{"damage":0.0,"enemies":"Lagavulin","floor":6.0,"turns":1.0},{"damage":0.0,"enemies":"Cultist","floor":7.0,"turns":2.0},{"damage":3.0,"enemies":"Red Slaver","floor":10.0,"turns":3.0},{"damage":0.0,"enemies":"Looter","floor":14.0,"turns":4.0},{"damage":8.0,"enemies":"The Guardian","floor":16.0,"turns":18.0},{"damage":15.0,"enemies":"2 Thieves","floor":18.0,"turns":4.0},{"damage":8.0,"enemies":"Chosen","floor":21.0,"turns":4.0},{"damage":45.0,"enemies":"Gremlin Leader","floor":24.0,"turns":7.0},{"damage":13.0,"enemies":"Shelled Parasite and Fungi","floor":25.0,"turns":5.0},{"damage":8.0,"enemies":"Book of Stabbing","floor":28.0,"turns":5.0},{"damage":11.0,"enemies":"Centurion and Healer","floor":29.0,"turns":3.0},{"damage":18.0,"enemies":"Chosen and Byrds","floor":30.0,"turns":7.0},{"damage":7,"enemies":"Slavers","floor":31,"turns":5},{"damage":73,"enemies":"Automaton","floor":33,"turns":12}],"seed_played":"-5075602017383814434","potions_obtained":[{"floor":1.0,"key":"Strength Potion"},{"floor":3.0,"key":"LiquidMemories"},{"floor":3.0,"key":"Strength Potion"},{"floor":21.0,"key":"CultistPotion"},{"floor":22.0,"key":"Regen Potion"},{"floor":28.0,"key":"Explosive Potion"},{"floor":29.0,"key":"EssenceOfSteel"}],"is_trial":false,"path_per_floor":["M","?","?","$","M","E","M","$","T","M","R","$","?","M","R","B",null,"M","$","?","M","?","R","E","M","T","R","E","M","M","E","R","B"],"character_chosen":"THE_SILENT","items_purchased":["Blade Dance","Footwork+1","Strawberry","Blade Dance"],"campfire_rested":3,"item_purchase_floors":[4,8,19,19],"current_hp_per_floor":[70,45,45,45,45,45,45,45,45,42,70,70,70,70,70,62,70,55,62,62,54,54,54,9,10,10,48,40,29,11,4,42,0,0],"gold":205,"neow_bonus":"THREE_ENEMY_KILL","is_daily":false,"chose_seed":false,"campfire_upgraded":2,"win_rate":0.0,"timestamp":1612364862,"path_taken":["M","?","?","$","?","E","M","?","T","M","R","$","?","M","R","BOSS","M","$","?","M","?","R","E","M","T","R","E","?","M","E","R","BOSS"],"items_purchased_type":["Card","Card","Relic","Card"],"build_version":"2020-12-22","purchased_purges":1,"victory":false,"max_hp_per_floor":[70,70,70,70,70,70,70,70,70,70,70,70,70,70,70,70,70,70,77,77,77,77,77,77,77,77,77,77,77,77,77,77,77,77],"card_choices":[{"not_picked":["Accuracy","Reflex","PiercingWail"],"picked":"SKIP","floor":1.0},{"not_picked":["Backflip","Acrobatics"],"picked":"Finisher","floor":5.0},{"not_picked":["Distraction","Flechettes"],"picked":"Cloak And Dagger","floor":6.0},{"not_picked":["Catalyst","Dodge and Roll"],"picked":"Deflect","floor":7.0},{"not_picked":["Heel Hook","Quick Slash","Infinite Blades+1"],"picked":"SKIP","floor":10.0},{"not_picked":["Dagger Throw","Predator"],"picked":"PiercingWail","floor":14.0},{"not_picked":["Doppelganger","Malaise"],"picked":"Corpse Explosion","floor":16.0},{"not_picked":[],"picked":"Cloak And Dagger","floor":18.0},{"not_picked":["Prepared"],"picked":"SKIP","floor":21.0},{"not_picked":[],"picked":"Poisoned Stab+1","floor":24.0},{"not_picked":[],"picked":"Distraction","floor":25.0},{"not_picked":["Riddle With Holes"],"picked":"SKIP","floor":28.0},{"not_picked":[],"picked":"Backflip+1","floor":29.0},{"not_picked":[],"picked":"Blade Dance+1","floor":30.0},{"not_picked":["Predator+1"],"picked":"SKIP","floor":31}],"player_experience":178644,"relics_obtained":[{"floor":6.0,"key":"Regal Pillow"},{"floor":9.0,"key":"Bottled Tornado"},{"floor":24.0,"key":"Bag of Preparation"},{"floor":26.0,"key":"HornCleat"},{"floor":28.0,"key":"Toxic Egg 2"},{"floor":31,"key":"Molten Egg 2"}],"event_choices":[{"damage_healed":0.0,"max_hp_gain":0.0,"max_hp_loss":0.0,"gold_gain":0.0,"event_name":"Scrap Ooze","player_choice":"Success","floor":2.0,"gold_loss":0.0,"damage_taken":25.0,"relics_obtained":["Frozen Egg 2"]},{"damage_healed":0.0,"max_hp_gain":0.0,"max_hp_loss":0.0,"gold_gain":0.0,"event_name":"The Woman in Blue","player_choice":"Bought 2 Potions","floor":3.0,"gold_loss":0.0,"damage_taken":0.0},{"damage_healed":0.0,"max_hp_gain":0.0,"max_hp_loss":0.0,"gold_gain":175.0,"event_name":"Liars Game","player_choice":"AGREE","floor":13.0,"gold_loss":0.0,"damage_taken":0.0,"cards_obtained":["Doubt"]},{"damage_healed":0.0,"max_hp_gain":0.0,"max_hp_loss":0.0,"gold_gain":0.0,"event_name":"Ghosts","player_choice":"Ignored","floor":20.0,"gold_loss":0.0,"damage_taken":0.0},{"damage_healed":0.0,"max_hp_gain":0.0,"max_hp_loss":0.0,"gold_gain":0.0,"event_name":"Lab","player_choice":"Got Potions","floor":22.0,"gold_loss":0.0,"damage_taken":0.0}],"is_beta":false,"boss_relics":[{"not_picked":["Cursed Key","Velvet Choker"],"picked":"Busted Crown"}],"items_purged_floors":[19],"is_endless":false,"potions_floor_spawned":[1,10,14,21,28,29],"killed_by":"Automaton","ascension_level":3}}