{"host":"rzpi613efy9j52u4","time":1612383384,"event":{"mods":["Aspiration","BaseMod","BetterRewards","Colored Powertips","Custom Start","Dio Mod","Downfall","Googly Eyes","Hubris","Infinite Spire","Jorbs\u0027s Wanderer Trilogy","Minty Spire (QoL Compilation)","Rare Cards Sparkle","Reliquary","Shop Mod","StSLib","The Cursed","The Disciple","The Hierophant","The Necromancer","The Poker Player","Waifu the Spire"],"gold_per_floor":[110,110,123,123,143,143,218,218,242,260,260,290,307,321,321,321,321],"floor_reached":16,"language":"ENG","playtime":952,"items_purged":[],"score":152,"play_id":"b658422e-d04f-440d-8359-3372531e5829","local_time":"20210203151624","is_ascension_mode":false,"campfire_choices":[{"data":"Bite","floor":6,"key":"SMITH"},{"floor":11,"key":"REST"},{"data":"dioMod:DarkRebirth","floor":15,"key":"SMITH"}],"circlet_count":0,"master_deck":["dioMod:Strike","dioMod:Strike","dioMod:Strike","dioMod:Strike","Bite+1","dioMod:Defend","dioMod:Defend","dioMod:Defend","dioMod:Defend","dioMod:BloodTransfusion+1","dioMod:VengefulMuda","dioMod:StreetSign","dioMod:DarkRebirth+1","dioMod:DominatingPresence","dioMod:Donut","dioMod:GoodbyeJojo","dioMod:ComposedMuda"],"relics":["dioMod:VampireBlood","hubris:EvacipatedBox","hubris:FruitBowl","Matryoshka","Blood Vial","Nunchaku"],"acts_visited":["Exordium"],"potions_floor_usage":[5,13,13],"damage_taken":[{"damage":11,"enemies":"Small Slimes","floor":1,"turns":4},{"damage":16,"enemies":"Jaw Worm","floor":3,"turns":5},{"damage":7,"enemies":"Cultist","floor":5,"turns":4},{"damage":52,"enemies":"Exordium Thugs","floor":10,"turns":7},{"damage":65,"enemies":"Lagavulin","floor":12,"turns":7},{"damage":20,"enemies":"Large Slime","floor":13,"turns":7},{"damage":15,"enemies":"2 Fungi Beasts","floor":14,"turns":3},{"damage":97,"enemies":"Hexaghost","floor":16,"turns":10}],"seed_played":"-4007273988286033970","potions_obtained":[{"floor":3,"key":"DuplicationPotion"},{"floor":5,"key":"ColorlessPotion"},{"floor":10,"key":"EssenceOfSteel"},{"floor":14,"key":"FairyPotion"}],"is_trial":false,"path_per_floor":["M","?","M","?","M","R","?","$","T","M","R","E","M","M","R","B"],"character_chosen":"THE_DEFAULT","items_purchased":["dioMod:BloodTransfusion","hubris:EvacipatedBox","hubris:FruitBowl","Matryoshka","FairyPotion"],"campfire_rested":1,"item_purchase_floors":[0,8,8,8,8],"current_hp_per_floor":[75,75,75,75,75,75,64,4,4,23,45,26,33,42,42,0,0],"gold":321,"neow_bonus":"","is_daily":false,"chose_seed":false,"campfire_upgraded":2,"win_rate":0.0,"timestamp":1612383384,"path_taken":["M","?","M","?","M","R","?","?","T","M","R","E","?","M","R","BOSS"],"items_purchased_type":["Card","Relic","Relic","Relic","Potion"],"build_version":"2020-12-13","purchased_purges":0,"victory":false,"max_hp_per_floor":[75,75,75,75,75,75,75,75,75,75,75,75,75,75,75,75,75],"card_choices":[{"not_picked":["dioMod:SadisticLaugh","dioMod:WRYYY"],"picked":"dioMod:VengefulMuda","floor":1},{"not_picked":["dioMod:CautiousMuda","dioMod:CoffinBath"],"picked":"dioMod:StreetSign","floor":3},{"not_picked":["dioMod:Hiss","dioMod:FlyAway"],"picked":"dioMod:DarkRebirth","floor":5},{"not_picked":["dioMod:BloodShield","dioMod:DisarmingVoice"],"picked":"dioMod:DominatingPresence","floor":10},{"not_picked":["dioMod:SecretPlan","dioMod:BloodTransfusion"],"picked":"dioMod:Donut","floor":12},{"not_picked":["dioMod:LaserVision","dioMod:Hiss"],"picked":"dioMod:GoodbyeJojo","floor":13},{"not_picked":["dioMod:Minions","dioMod:FlyAway"],"picked":"dioMod:ComposedMuda","floor":14}],"player_experience":100882,"relics_obtained":[{"floor":9,"key":"Blood Vial"},{"floor":12,"key":"Nunchaku"}],"event_choices":[{"damage_healed":0,"gold_gain":75,"player_choice":"Gather Gold","damage_taken":11,"max_hp_gain":0,"max_hp_loss":0,"event_name":"World of Goop","floor":7,"gold_loss":0}],"is_beta":false,"boss_relics":[],"items_purged_floors":[],"is_endless":false,"potions_floor_spawned":[3,5,10,14],"killed_by":"Hexaghost","ascension_level":0}}