{"host":"w7pthw6r6331n954","time":1612314217,"event":{"mods":["AchievementEnabler","BaseMod","BetterRewards","Card Forge","Colored Map","Colored Powertips","Custom Start","Hero for Fun","Jorbs\u0027s Wanderer Trilogy","Minty Spire (QoL Compilation)","Replay The Spire","Shop Mod","StSLib"],"gold_per_floor":[111,176,35,35,48,48,63,63,89,99,99,99,42,7,7,104,104,23,23,23,23,37,37,53,84,84,84],"floor_reached":26,"language":"ENG","playtime":4273,"items_purged":["Strike_G"],"score":354,"play_id":"bc04d70c-4b85-4372-a368-ee2fb9818702","local_time":"20210202200337","is_ascension_mode":true,"campfire_choices":[{"floor":6,"key":"RECALL"},{"floor":8,"key":"REST"},{"data":"Setup","floor":11,"key":"SMITH"},{"floor":15,"key":"DIG"},{"floor":23,"key":"REST"}],"circlet_count":0,"master_deck":["Strike_G","Strike_G","Strike_G","Strike_G","Defend_G","Defend_G","Defend_G","Defend_G","Defend_G","Survivor","Neutralize","PiercingWail","Concentrate","Flying Knee","Predator","Mind Blast","Apotheosis","Replay:Bootleg Shield Generator","Dagger Spray","Flying Knee","Deadly Poison","PiercingWail","Noxious Fumes","Panache","Jack Of All Trades","Secret Technique","ReplayTheSpireMod:Scrap Shanks","ReplayTheSpireMod:Scrap Shanks","Sneak Up","Specialist","Prepared","Hidden Blade","Draining Mist","Setup+1","Crippling Poison","ReplayTheSpireMod:IOU","Catalyst","Adrenaline","Malaise","Blade Dance","Underhanded Strike","Acrobatics","Phantasmal Killer"],"relics":["Ring of the Snake","Hammer of Thor","Seething Fire","Anvil of the Gods","MerchantsRug","MealTicket","Spirit Poop","Replay:Wax Seal","ReplayTheSpireMod:Lightbulb","Garlic","SlaversCollar","Centennial Puzzle"],"acts_visited":["Exordium","TheCity"],"potions_floor_usage":[10,24,25],"damage_taken":[{"damage":0,"enemies":"Cultist","floor":1,"turns":3},{"damage":0,"enemies":"Small Slimes","floor":5,"turns":2},{"damage":0,"enemies":"Jaw Worm","floor":7,"turns":4},{"damage":17,"enemies":"Exordium Thugs","floor":10,"turns":5},{"damage":16,"enemies":"The Guardian","floor":16,"turns":8},{"damage":10,"enemies":"3 Byrds","floor":18,"turns":7},{"damage":15,"enemies":"Chosen","floor":22,"turns":9},{"damage":11,"enemies":"Centurion and Healer","floor":24,"turns":10},{"damage":2,"enemies":"Book of Stabbing","floor":25,"turns":8}],"seed_played":"3952383132705195932","potions_obtained":[{"floor":18,"key":"Energy Potion"},{"floor":24,"key":"Block Potion"}],"is_trial":false,"path_per_floor":["M","?","$","?","M","R","M","R","T","M","R","?","$","$","R_BF","B",null,"M","?","$","?","M","R","M","E","T"],"character_chosen":"THE_SILENT","items_purchased":["MerchantsRug","MealTicket","ReplayTheSpireMod:ShopPack","PiercingWail","Concentrate","Flying Knee","Predator","Mind Blast","Apotheosis","BargainBundle","DuplicationPotion","Weak Potion","CultistPotion","Replay:Bootleg Shield Generator","Dagger Spray","Flying Knee","Deadly Poison","PiercingWail","Noxious Fumes","Sneak Up","Specialist","Prepared","Crippling Poison","Catalyst","Adrenaline"],"campfire_rested":2,"item_purchase_floors":[0,0,0,0,0,0,0,0,0,0,0,0,0,0,0,0,0,0,0,3,3,3,13,13,14],"current_hp_per_floor":[33,33,48,48,48,48,48,69,69,52,52,45,60,70,70,54,70,60,60,70,70,55,70,59,57,57,57],"gold":84,"neow_bonus":"","is_daily":false,"chose_seed":false,"campfire_upgraded":1,"win_rate":0.0,"timestamp":1612314217,"path_taken":["M","?","?","?","?","R","M","R","T","M","R","?","?","$","R_BF","BOSS","M","?","?","?","?","R","M","E","T"],"items_purchased_type":["Relic","Relic","Relic","Card","Card","Card","Card","Card","Card","Relic","Potion","Potion","Potion","Card","Card","Card","Card","Card","Card","Card","Card","Card","Card","Card","Card"],"build_version":"2020-12-22","purchased_purges":1,"victory":false,"max_hp_per_floor":[70,70,70,70,70,70,70,70,70,70,70,70,70,70,70,70,70,70,70,70,70,70,70,70,70,70,70],"card_choices":[{"not_picked":["Secret Weapon","Mayhem"],"picked":"Panache","floor":0},{"not_picked":["Replay:BasicMightCard","ReplayTheSpireMod:Trickstab"],"picked":"Jack Of All Trades","floor":0},{"not_picked":["Finesse","Metamorphosis"],"picked":"Secret Technique","floor":0},{"not_picked":["Dagger Spray","Replay:Poison Smokescreen"],"picked":"ReplayTheSpireMod:Scrap Shanks","floor":1},{"not_picked":["Concentrate","Sucker Punch"],"picked":"ReplayTheSpireMod:Scrap Shanks","floor":2},{"not_picked":["Flying Knee","ReplayTheSpireMod:The Works"],"picked":"Hidden Blade","floor":5},{"not_picked":["Acrobatics","Bane"],"picked":"Draining Mist","floor":7},{"not_picked":["Leg Sweep","Quick Slash"],"picked":"Setup","floor":10},{"not_picked":["Doppelganger","ReplayTheSpireMod:From All Sides"],"picked":"Malaise","floor":16},{"not_picked":["PiercingWail","Dagger Throw"],"picked":"Blade Dance","floor":18},{"not_picked":["Bane","Slice"],"picked":"Underhanded Strike","floor":22},{"not_picked":["Dagger Throw","Masterful Stab"],"picked":"Acrobatics","floor":24},{"not_picked":["Slice","Sucker Punch"],"picked":"Phantasmal Killer","floor":25}],"player_experience":1194292,"relics_obtained":[{"floor":9,"key":"Replay:Wax Seal"},{"floor":15,"key":"Garlic"},{"floor":25,"key":"Centennial Puzzle"}],"event_choices":[{"cards_removed":["ReplayTheSpireMod:Splinters"],"damage_healed":0,"gold_gain":0,"player_choice":"Offered Curse","damage_taken":0,"relics_obtained":["Spirit Poop"],"max_hp_gain":0,"max_hp_loss":0,"event_name":"Bonfire Elementals","floor":4,"gold_loss":0},{"damage_healed":0,"gold_gain":0,"player_choice":"Success","damage_taken":7,"relics_obtained":["ReplayTheSpireMod:Lightbulb"],"max_hp_gain":0,"max_hp_loss":0,"event_name":"Scrap Ooze","floor":12,"gold_loss":0},{"damage_healed":0,"gold_gain":0,"player_choice":"Ignored","damage_taken":0,"max_hp_gain":0,"max_hp_loss":0,"event_name":"N\u0027loth","floor":19,"gold_loss":0},{"damage_healed":0,"gold_gain":0,"player_choice":"Ignored","damage_taken":0,"max_hp_gain":0,"max_hp_loss":0,"event_name":"Vampires","floor":21,"gold_loss":0}],"is_beta":false,"boss_relics":[{"not_picked":["Replay:Wanted Poster","Snecko Eye"],"picked":"SlaversCollar"}],"items_purged_floors":[0],"is_endless":false,"potions_floor_spawned":[7,18,22,24],"ascension_level":1}}