{"host":"a1eatafr7pisesky","time":1612350166,"event":{"mods":["AchievementEnabler","BaseMod","Colored Map","Keyboard Shortcuts","Minty Spire (QoL Compilation)","Say the Spire","StSLib","SuperFastMode","everything is the same but u backflip on backflip"],"gold_per_floor":[114,289,7,26,40,40,70,70,70,70,20,40,69,80,80,157,157,177,102,115,33,33,33,58,58,58],"floor_reached":25,"language":"KOR","playtime":506,"items_purged":["Doubt"],"score":389,"play_id":"e4a41984-dd65-4dd7-bf93-dd998c906da6","local_time":"20210203200246","is_ascension_mode":true,"campfire_choices":[{"data":"Apotheosis","floor":6.0,"key":"SMITH"},{"floor":10.0,"key":"REST"},{"floor":15,"key":"REST"},{"floor":23,"key":"REST"}],"circlet_count":0,"master_deck":["AscendersBane","Strike_B","Defend_B","Defend_B","Defend_B","Defend_B","Zap","Dualcast","Defragment","Apotheosis+1","Doom and Gloom","Coolheaded","Amplify","BootSequence","Recycle","Echo Form","Capacitor"],"relics":["SlaversCollar","Turnip","CultistMask","Symbiotic Virus","Anchor","Empty Cage","Happy Flower","Oddly Smooth Stone"],"acts_visited":["Exordium","TheCity"],"potions_floor_usage":[16,18,24,24],"damage_taken":[{"damage":7.0,"enemies":"Small Slimes","floor":1.0,"turns":4.0},{"damage":7.0,"enemies":"Jaw Worm","floor":4.0,"turns":4.0},{"damage":6.0,"enemies":"Cultist","floor":5.0,"turns":4.0},{"damage":30.0,"enemies":"Gremlin Nob","floor":7.0,"turns":4.0},{"damage":13.0,"enemies":"Blue Slaver","floor":12.0,"turns":4.0},{"damage":3.0,"enemies":"Lagavulin","floor":13.0,"turns":6.0},{"damage":6,"enemies":"Red Slaver","floor":14,"turns":4},{"damage":28,"enemies":"Slime Boss","floor":16,"turns":7},{"damage":16,"enemies":"Shell Parasite","floor":18,"turns":6},{"damage":38,"enemies":"3 Byrds","floor":20,"turns":5},{"damage":12,"enemies":"Book of Stabbing","floor":24,"turns":5},{"damage":11,"enemies":"Centurion and Healer","floor":25,"turns":3}],"seed_played":"-3095655721796063724","potions_obtained":[{"floor":4.0,"key":"LiquidMemories"},{"floor":12.0,"key":"Block Potion"},{"floor":14,"key":"Swift Potion"},{"floor":16,"key":"Energy Potion"},{"floor":18,"key":"EntropicBrew"}],"is_trial":false,"path_per_floor":["M","?","$","M","M","R","E","?","T","R","$","M","E","M","R","B",null,"M","?","M","?","$","R","E","M"],"character_chosen":"DEFECT","items_purchased":["Apotheosis","Doom and Gloom","SkillPotion"],"campfire_rested":3,"item_purchase_floors":[3,3,11],"current_hp_per_floor":[57,57,57,50,44,44,14,14,14,35,35,22,19,13,34,6,55,39,39,1,1,1,22,10,0,0],"gold":58,"neow_bonus":"BOSS_RELIC","is_daily":false,"chose_seed":false,"campfire_upgraded":1,"win_rate":0.0,"timestamp":1612350166,"path_taken":["M","?","$","M","M","R","E","?","T","R","$","M","E","M","R","BOSS","M","?","M","?","$","R","E","M"],"items_purchased_type":["Card","Card","Potion"],"build_version":"2020-12-22","purchased_purges":1,"victory":false,"max_hp_per_floor":[71,71,71,71,71,71,71,71,71,71,71,71,71,71,71,71,71,71,71,71,71,71,71,71,71,71],"card_choices":[{"not_picked":["Redo","Aggregate"],"picked":"Defragment","floor":1.0},{"not_picked":["Gash","Stack"],"picked":"Coolheaded","floor":4.0},{"not_picked":["Steam","Static Discharge"],"picked":"Amplify","floor":5.0},{"not_picked":["Beam Cell","Hello World","Steam"],"picked":"SKIP","floor":7.0},{"not_picked":["Cold Snap","Aggregate"],"picked":"BootSequence","floor":12.0},{"not_picked":["Rebound","Steam","Sweeping Beam"],"picked":"SKIP","floor":13},{"not_picked":["Storm","Compile Driver"],"picked":"Recycle","floor":14},{"not_picked":["Hyperbeam","Fission"],"picked":"Echo Form","floor":16},{"not_picked":["Auto Shields","Genetic Algorithm","Compile Driver"],"picked":"SKIP","floor":18},{"not_picked":["Beam Cell","Ball Lightning","Barrage"],"picked":"SKIP","floor":20},{"not_picked":["Reboot","Defragment"],"picked":"Capacitor","floor":24}],"player_experience":395530,"relics_obtained":[{"floor":7.0,"key":"Turnip"},{"floor":9.0,"key":"Symbiotic Virus"},{"floor":13,"key":"Anchor"},{"floor":24,"key":"Oddly Smooth Stone"}],"event_choices":[{"damage_healed":0.0,"max_hp_gain":0.0,"max_hp_loss":0.0,"gold_gain":175.0,"event_name":"Liars Game","player_choice":"AGREE","floor":2.0,"gold_loss":0.0,"damage_taken":0.0,"cards_obtained":["Doubt"]},{"damage_healed":0.0,"max_hp_gain":0.0,"max_hp_loss":0.0,"gold_gain":0.0,"event_name":"FaceTrader","player_choice":"Trade","floor":8.0,"gold_loss":0.0,"damage_taken":0.0,"relics_obtained":["CultistMask"]},{"cards_removed":["Strike_B"],"damage_healed":0,"gold_gain":0,"player_choice":"Gave Gold","damage_taken":0,"max_hp_gain":0,"max_hp_loss":0,"event_name":"Beggar","floor":19,"gold_loss":75},{"damage_healed":0,"gold_gain":0,"player_choice":"Paid Gold","damage_taken":0,"relics_obtained":["Happy Flower"],"max_hp_gain":0,"max_hp_loss":0,"event_name":"WeMeetAgain","floor":21,"gold_loss":82}],"is_beta":false,"boss_relics":[{"not_picked":["Busted Crown","Black Star"],"picked":"Empty Cage"}],"items_purged_floors":[3],"is_endless":false,"potions_floor_spawned":[4,12,14,16,18,20],"killed_by":"Centurion and Healer","ascension_level":14}}