{"host":"lne8wiuoeo5kx55p","time":1612341257,"event":{"mods":["BaseMod","Colored Map","Colored Powertips","Googly Eyes","Minty Spire (QoL Compilation)","Replay The Spire","StSLib"],"gold_per_floor":[118,118,118,133,133,133,167,167,167,186,59,69,69,69,69,197,197,197,197,197,122,141,168,168,200,223,98,98,98,98,146,146,160,160,160,262,262,282,295,295,29,79,79,57,74,74,74,91,126,126,1,1,1],"floor_reached":54,"language":"ZHS","playtime":3979,"items_purged":["Strike_G","Slice","ReplayTheSpireMod:Doomed"],"score":799,"play_id":"491de25c-db2f-44d1-83b4-4e940244ef98","local_time":"20210203163417","is_ascension_mode":false,"campfire_choices":[{"data":"Malaise","floor":6.0,"key":"SMITH"},{"floor":8.0,"key":"REST"},{"data":"Venomology","floor":15.0,"key":"SMITH"},{"data":"RitualDagger","floor":24.0,"key":"SMITH"},{"floor":32,"key":"REST"},{"floor":35,"key":"REST"},{"floor":47,"key":"REST"},{"floor":50,"key":"REST"},{"floor":52,"key":"REST"}],"circlet_count":0,"master_deck":["Strike_G+1","Survivor+1","Backflip","Eviscerate+1","Malaise+1","Venomology+1","Tactician+1","Die Die Die","Unload","Burst","RitualDagger+1","Draining Mist+1","Blur+1","Night Terror+1","Prepared+1","Panache","Specialist","Dark Shackles+1","After Image","Toxin Wave+1","Sneak Up+1","Dagger Spray","Replay:Bag of Tricks+1","Dagger Throw+1","Adrenaline+1","Poisoned Strike+1","ReplayTheSpireMod:Scrap Shanks+1","Poisoned Stab+1","Parasite","Well Laid Plans+1","Unload","Slice","Poisoned Stab+1","ReplayTheSpireMod:Necrosis+1","ReplayTheSpireMod:From All Sides","Replay:Bag of Tricks+1","Calculated Gamble+1"],"relics":["Ring of the Snake","Replay:PocketPolymizer","Replay:Rubber Ducky","Replay:Ringing Soul","Bloody Idol","Black Star","Toxic Egg 2","PreservedInsect","Shuriken","Potion Belt","Dream Catcher","ReplayTheSpireMod:ShopPack","Gremlin Food","Replay:Bottled Flurry","HoveringKite","Ring of Misfortune","ReplayTheSpireMod:Ring of Exchange","Durian","Ice Cream","Blue Doll","HornCleat","Anchor"],"acts_visited":["Exordium","TheCity","TheBeyond"],"potions_floor_usage":[33,36,36,36,42,48,49,53,53,53,53],"damage_taken":[{"damage":13.0,"enemies":"Jaw Worm","floor":1.0,"turns":6.0},{"damage":3.0,"enemies":"Cultist","floor":4.0,"turns":6.0},{"damage":32.0,"enemies":"Gremlin Nob","floor":7.0,"turns":7.0},{"damage":0.0,"enemies":"2 Louse","floor":10.0,"turns":1.0},{"damage":0.0,"enemies":"Exordium Thugs","floor":12.0,"turns":6.0},{"damage":0.0,"enemies":"Looter","floor":13.0,"turns":1.0},{"damage":14.0,"enemies":"Slime Boss","floor":16.0,"turns":6.0},{"damage":0.0,"enemies":"2 Thieves","floor":18.0,"turns":1.0},{"damage":9.0,"enemies":"Shell Parasite","floor":22.0,"turns":5.0},{"damage":44.0,"enemies":"Gremlin Leader","floor":23.0,"turns":6.0},{"damage":43.0,"enemies":"Slavers","floor":25.0,"turns":7.0},{"damage":0,"enemies":"3 Cultists","floor":33,"turns":4},{"damage":68,"enemies":"Champ","floor":36,"turns":11},{"damage":11,"enemies":"Orb Walker","floor":38,"turns":3},{"damage":8,"enemies":"3 Shapes","floor":39,"turns":3},{"damage":13,"enemies":"2 Orb Walkers","floor":42,"turns":4},{"damage":0,"enemies":"Writhing Mass","floor":45,"turns":5},{"damage":0,"enemies":"Maw","floor":48,"turns":7},{"damage":0,"enemies":"R_Hoarder","floor":49,"turns":6},{"damage":31,"enemies":"Donu and Deca","floor":53,"turns":8}],"seed_played":"-7298227906240591277","potions_obtained":[{"floor":4.0,"key":"SmokeBomb"},{"floor":12.0,"key":"Poison Potion"},{"floor":22.0,"key":"BlessingOfTheForge"},{"floor":25.0,"key":"Poison Potion"},{"floor":33,"key":"SkillPotion"},{"floor":42,"key":"Toxic Potion"},{"floor":48,"key":"Strength Potion"}],"is_trial":false,"path_per_floor":["M","?","?","M","T","R","E","R","T","M","$","M","M","?","R","B",null,"M","?","?","?","M","E","R","E","T","$","PTL","PTL","PTL","T","R","M","?","R","B",null,"M","M","?","$","?","T","$","M","T","R","M","E","R","$","R","B",null],"character_chosen":"THE_SILENT","items_purchased":["Tactician+1","ReplayTheSpireMod:ShopPack","Poisoned Strike","Poisoned Stab"],"campfire_rested":6,"item_purchase_floors":[11,27,41,44],"current_hp_per_floor":[57,43,43,40,40,40,8,29,29,32,35,38,38,38,41,30,79,79,76,76,76,75,54,57,22,27,30,30,30,30,35,68,76,76,106,46,109,106,106,109,112,112,112,115,123,123,138,141,144,147,147,150,119],"gold":1,"neow_bonus":"REMOVE_CARD","is_daily":false,"chose_seed":false,"campfire_upgraded":3,"win_rate":0.0,"timestamp":1612341257,"path_taken":["M","?","?","M","?","R","E","R","T","M","$","?","M","?","R","BOSS","M","?","?","?","M","E","R","E","T","$","PTL","PTL","PTL","?","R","M","?","R","BOSS","M","M","?","$","?","?","$","M","T","R","?","E","R","?","R","BOSS"],"items_purchased_type":["Card","Relic","Card","Card"],"build_version":"2020-12-22","purchased_purges":3,"victory":true,"max_hp_per_floor":[70,70,70,70,70,70,70,70,70,73,76,79,79,73,76,79,79,79,82,82,82,85,88,91,94,94,97,97,97,97,97,100,103,103,106,109,109,112,115,118,121,129,129,132,135,135,138,141,144,147,147,150,150],"card_choices":[{"not_picked":["Underhanded Strike","Quick Slash"],"picked":"Backflip","floor":1.0},{"not_picked":["Sucker Punch","Dodge and Roll"],"picked":"Eviscerate","floor":4.0},{"not_picked":["Choke","Quick Slash"],"picked":"Footwork","floor":7.0},{"not_picked":["Underhanded Strike","Backflip"],"picked":"Slice","floor":10.0},{"not_picked":["Slice","Acrobatics"],"picked":"Die Die Die","floor":12.0},{"not_picked":["ReplayTheSpireMod:From All Sides","Tools of the Trade"],"picked":"Burst","floor":16.0},{"not_picked":["Dodge and Roll","Flying Knee"],"picked":"Draining Mist","floor":22.0},{"not_picked":["Backflip+1","Caltrops"],"picked":"Blur+1","floor":23.0},{"not_picked":["Draining Mist+1","Footwork"],"picked":"Prepared+1","floor":25.0},{"not_picked":["Apotheosis","HandOfGreed"],"picked":"Panache","floor":27.0},{"not_picked":["Forethought","ReplayTheSpireMod:Brewmster"],"picked":"Specialist","floor":27.0},{"not_picked":["Dramatic Entrance","Sadistic Nature"],"picked":"Dark Shackles","floor":27.0},{"not_picked":["Hidden Blade+1","Slice"],"picked":"Underhanded Strike","floor":32},{"not_picked":["Dodge and Roll+1","Slice"],"picked":"Toxin Wave+1","floor":33},{"not_picked":["Hidden Blade+1","Backflip+1"],"picked":"Dagger Spray","floor":35},{"not_picked":["A Thousand Cuts","Tools of the Trade"],"picked":"Replay:Bag of Tricks+1","floor":36},{"not_picked":["PiercingWail+1","Dagger Spray+1"],"picked":"Dagger Throw+1","floor":38},{"not_picked":["Poisoned Stab+1","Outmaneuver+1"],"picked":"Adrenaline+1","floor":39},{"not_picked":["Prepared+1","Choke"],"picked":"ReplayTheSpireMod:Scrap Shanks+1","floor":42},{"not_picked":["Blade Dance+1","Backflip+1"],"picked":"Well Laid Plans+1","floor":45},{"not_picked":["Well Laid Plans","Replay:Poison Smokescreen+1"],"picked":"Slice","floor":47},{"not_picked":["Dagger Throw+1","Sucker Punch+1"],"picked":"Poisoned Stab+1","floor":48},{"not_picked":["Backflip+1","Prepared+1"],"picked":"ReplayTheSpireMod:Necrosis+1","floor":49},{"not_picked":["Slice","Dodge and Roll+1"],"picked":"ReplayTheSpireMod:From All Sides","floor":50},{"not_picked":["Underhanded Strike","Outmaneuver+1"],"picked":"Calculated Gamble+1","floor":52}],"player_experience":17155,"relics_obtained":[{"floor":5.0,"key":"Replay:PocketPolymizer"},{"floor":7.0,"key":"Replay:Rubber Ducky"},{"floor":9.0,"key":"Replay:Ringing Soul"},{"floor":23.0,"key":"Toxic Egg 2"},{"floor":23.0,"key":"PreservedInsect"},{"floor":25.0,"key":"Shuriken"},{"floor":25.0,"key":"Potion Belt"},{"floor":26.0,"key":"Dream Catcher"},{"floor":31,"key":"Gremlin Food"},{"floor":40,"key":"Ring of Misfortune"},{"floor":40,"key":"ReplayTheSpireMod:Ring of Exchange"},{"floor":42,"key":"Durian"},{"floor":43,"key":"Ice Cream"},{"floor":46,"key":"Blue Doll"},{"floor":49,"key":"HornCleat"},{"floor":49,"key":"Anchor"}],"event_choices":[{"damage_healed":0.0,"max_hp_gain":0.0,"max_hp_loss":0.0,"gold_gain":0.0,"event_name":"Shining Light","player_choice":"Entered Light","floor":2.0,"gold_loss":0.0,"damage_taken":14.0,"cards_upgraded":["Strike_G","Defend_G"]},{"damage_healed":0.0,"max_hp_gain":0.0,"max_hp_loss":6.0,"gold_gain":0.0,"event_name":"Golden Idol","player_choice":"Lose Max HP","floor":14.0,"gold_loss":0.0,"damage_taken":0.0,"relics_obtained":["Golden Idol"]},{"damage_healed":0.0,"max_hp_gain":0.0,"max_hp_loss":0.0,"gold_gain":0.0,"event_name":"Nest","player_choice":"Joined the Cult","floor":19.0,"gold_loss":0.0,"damage_taken":6.0,"cards_obtained":["RitualDagger"]},{"damage_healed":0.0,"max_hp_gain":0.0,"max_hp_loss":0.0,"gold_gain":0.0,"event_name":"Forgotten Altar","player_choice":"Gave Idol","floor":20.0,"relics_lost":["Golden Idol"],"gold_loss":0.0,"damage_taken":0.0,"relics_obtained":["Bloody Idol"]},{"cards_removed":["Defend_G"],"damage_healed":0.0,"max_hp_gain":0.0,"max_hp_loss":0.0,"gold_gain":0.0,"event_name":"Beggar","player_choice":"Gave Gold","floor":21.0,"gold_loss":75.0,"damage_taken":0.0},{"damage_healed":0,"gold_gain":0,"player_choice":"Fight","damage_taken":0,"max_hp_gain":0,"max_hp_loss":0,"event_name":"Mysterious Sphere","floor":42,"gold_loss":0}],"is_beta":false,"boss_relics":[{"not_picked":["Velvet Choker","Kintsugi"],"picked":"Black Star"},{"not_picked":["Snecko Scales","Sozu"],"picked":"HoveringKite"}],"items_purged_floors":[11,41,51],"is_endless":false,"potions_floor_spawned":[4,12,13,16,22,25,33,42,48],"ascension_level":0}}