{"host":"65a95dzim48ko8ke","time":1612313293,"event":{"mods":["Aspiration","BaseMod","Block Reminder","Colored Powertips","Conspire","Curses Come First","DeckTracker","Energized Spire","Halation","Hubris","Jedi Mod","Minty Spire (QoL Compilation)","Permanent Neow","Quick Restart","Rare Cards Sparkle","Reliquary","Replay The Spire","Spicy Shops","StSLib","Synergy Search","TestMod","Trackpad","Åy?ï®?îvÅzREMEMod"],"gold_per_floor":[119,119,133,133,150,177,177,210,287,318,318,337,372,386,386,484,484,502,502,516,7,24,58,77,77,77,105,204,230,230,5,5,101,101,113,126,26,26,40,40,67,86,86,86,106,132,132,159,159,159],"floor_reached":51,"language":"ENG","playtime":7649,"items_purged":["Shame"],"score":1567,"play_id":"a017455f-36c3-4f31-b5d2-c5a79cd5e109","local_time":"20210203094813","is_ascension_mode":true,"campfire_choices":[{"data":"Pain","floor":7.0,"key":"SMITH"},{"data":"Delirium","floor":15.0,"key":"SMITH"},{"data":"ReplayTheSpireMod:Brewmster","floor":32.0,"key":"SMITH"},{"data":"jedi:pocketpoison","floor":40.0,"key":"SMITH"},{"data":"testmod-Reflect","floor":44.0,"key":"SMITH"},{"data":"Mind Blast","floor":49,"key":"SMITH"}],"circlet_count":0,"master_deck":["Strike_G","Strike_G","Strike_G","Strike_G","Strike_G","Defend_G","Defend_G","Defend_G","Defend_G","Defend_G","Survivor","Neutralize","Impervious","ReplayTheSpireMod:Speed Training","Dash","Poisoned Stab","Sucker Punch","Skewer","jedi:unstablefumes","Distraction","Unload","testmod-SubstituteBySubterfuge","testmod-Bloodthirsty","jedi:pocketpoison+1","testmod-SelfRegulatingSystem","Bouncing Flask","Crippling Poison","ReplayTheSpireMod:Brewmster+1","Bullet Time","testmod-Reflect+1","jedi:pocketpoison+1","testmod-PainDetonator+1","Panacea","Backflip+1","Mind Blast+1","jedi:LeechingStrike","ReplayTheSpireMod:Necrogeddon","Calculated Gamble+1"],"relics":["Ring of the Snake","testmod-TestBox","REME_ComplimentaryCards","testmod-RealStoneCalender","aspiration:Nostalgia","Cracked Core","WarpedTongs","reliquary:IridiumChain","halation:PrussianBluePaint","hubris:OldNail","Eternal Feather","Pet Ghost","Ring of Peace","Toy Ornithopter","REME_LowDesire","Nunchaku","hubris:SlimyHat","FaceOfCleric","ClockworkSouvenir","PreservedInsect","Sling","ReplayTheSpireMod:TigerMarble","conspire:Flyswatter","aspiration:RitualStick","halation:BottledLove","reliquary:Boomerang","MealTicket","Pondfish Scales","reliquary:PartyBalloon","Painkiller Herb","testmod-AssaultLearning","trackpad:WondrousWand","conspire:Dentures","reliquary:TridentHead"],"acts_visited":["Exordium","TheCity","TheBeyond"],"potions_floor_usage":[45,45,46,50,50,50,50,50],"damage_taken":[{"damage":0.0,"enemies":"conspire:RoseBush","floor":1.0,"turns":3.0},{"damage":0.0,"enemies":"Jaw Worm","floor":3.0,"turns":3.0},{"damage":1.0,"enemies":"Cultist","floor":5.0,"turns":3.0},{"damage":2.0,"enemies":"Replay:BlueRogue","floor":6.0,"turns":5.0},{"damage":7.0,"enemies":"3 Sentries","floor":8.0,"turns":5.0},{"damage":0.0,"enemies":"Replay:BlueRogue","floor":10.0,"turns":5.0},{"damage":0.0,"enemies":"Large Slime","floor":12.0,"turns":4.0},{"damage":7.0,"enemies":"Gremlin Nob","floor":13.0,"turns":4.0},{"damage":0.0,"enemies":"Looter","floor":14.0,"turns":2.0},{"damage":0.0,"enemies":"Fading Forest","floor":16.0,"turns":11.0},{"damage":0.0,"enemies":"Spheric Guardian","floor":18.0,"turns":3.0},{"damage":0.0,"enemies":"conspire:FuzzyDice","floor":20.0,"turns":4.0},{"damage":18.0,"enemies":"Shelled Parasite and Fungi","floor":22.0,"turns":6.0},{"damage":0.0,"enemies":"REME_1_Revenger","floor":23.0,"turns":4.0},{"damage":0.0,"enemies":"Chosen and Byrds","floor":24.0,"turns":5.0},{"damage":3.0,"enemies":"Book of Stabbing","floor":27.0,"turns":4.0},{"damage":0.0,"enemies":"conspire:SneckoGhost","floor":29.0,"turns":5.0},{"damage":11.0,"enemies":"Automaton","floor":33.0,"turns":7.0},{"damage":0.0,"enemies":"3 Shapes","floor":35.0,"turns":4.0},{"damage":0.0,"enemies":"Orb Walker","floor":36.0,"turns":3.0},{"damage":0.0,"enemies":"Transient","floor":39.0,"turns":5.0},{"damage":0.0,"enemies":"Giant Head","floor":41.0,"turns":5.0},{"damage":0.0,"enemies":"Spire Growth","floor":42.0,"turns":3.0},{"damage":0,"enemies":"Maw","floor":45,"turns":5},{"damage":0,"enemies":"R_Hoarder","floor":46,"turns":4},{"damage":0,"enemies":"Giant Head","floor":48,"turns":2},{"damage":8,"enemies":"hubris:GrandSnecko","floor":50,"turns":5}],"seed_played":"2529803831296624508","potions_obtained":[{"floor":3.0,"key":"ColorlessPotion"},{"floor":5.0,"key":"SpeedPotion"},{"floor":10.0,"key":"Dexterity Potion"},{"floor":12.0,"key":"SpeedPotion"},{"floor":14.0,"key":"Venom Potion"},{"floor":16.0,"key":"SpeedPotion"},{"floor":23.0,"key":"Fire Potion"},{"floor":27.0,"key":"PowerPotion"},{"floor":42.0,"key":"Adrenaline Potion"},{"floor":46,"key":"Toxic Potion"}],"is_trial":false,"path_per_floor":["M","?","M","T","M","E","R","E","T","E","?","M","E","M","R","B",null,"M","?","M","$","M","E","M","?","T","E","?","E","T","$","R","B",null,"?","?","NS","T","?","T","E","?","T","T","?","E","?","E","T","B",null],"character_chosen":"THE_SILENT","items_purchased":["ClockworkSouvenir","PreservedInsect","Sling","ReplayTheSpireMod:TigerMarble","reliquary:PartyBalloon"],"campfire_rested":0,"item_purchase_floors":[21,21,21,21,31],"current_hp_per_floor":[63,63,63,63,62,60,60,53,53,53,53,53,46,46,58,70,70,70,70,71,71,62,73,74,59,59,57,57,60,60,75,78,78,79,80,81,81,81,82,82,83,84,84,84,85,86,76,77,87,88],"gold":159,"neow_bonus":"NOSTALGIA","is_daily":false,"chose_seed":false,"campfire_upgraded":6,"win_rate":0.0,"timestamp":1612313293,"path_taken":["M","?","?","?","M","E","R","E","T","E","?","M","E","M","R","BOSS","M","?","?","$","M","E","M","?","T","E","?","E","?","?","R","BOSS","?","?","NS","T","?","T","E","?","T","T","?","E","?","E","T","BOSS"],"items_purchased_type":["Relic","Relic","Relic","Relic","Relic"],"build_version":"2020-12-22","purchased_purges":1,"victory":true,"max_hp_per_floor":[70,70,70,70,70,70,70,70,70,70,70,70,70,70,70,70,70,70,70,71,71,72,73,74,74,74,75,75,78,78,78,78,79,79,80,81,81,81,82,82,83,84,84,84,85,86,86,87,87,88],"card_choices":[{"not_picked":["Distraction","Flechettes"],"picked":"ReplayTheSpireMod:Speed Training","floor":1.0},{"not_picked":["Sucker Punch","hubris:SlightOfHand"],"picked":"Dash","floor":3.0},{"not_picked":["Dagger Spray","hubris:SlightOfHand"],"picked":"Poisoned Stab","floor":5.0},{"not_picked":["Backflip","Tactician"],"picked":"Crippling Poison","floor":6.0},{"not_picked":["Cloak And Dagger","PiercingWail"],"picked":"Bane","floor":8.0},{"not_picked":["Acrobatics","ReplayTheSpireMod:Exploit Weakness"],"picked":"Sucker Punch","floor":10.0},{"not_picked":["Quick Slash","Bane"],"picked":"Skewer","floor":12.0},{"not_picked":["Deadly Poison","Backflip"],"picked":"jedi:unstablefumes","floor":13.0},{"not_picked":["Outmaneuver","Dagger Spray"],"picked":"Distraction","floor":14.0},{"not_picked":["Grand Finale","Phantasmal Killer"],"picked":"Unload","floor":16.0},{"not_picked":["Hidden Blade","Blade Dance","Dagger Throw"],"picked":"testmod-SubstituteBySubterfuge","floor":18.0},{"not_picked":["Quick Slash","Hidden Blade","Finisher"],"picked":"testmod-Bloodthirsty","floor":20.0},{"not_picked":["Deadly Poison","hubris:SlightOfHand","Replay:BasicMightCard+1"],"picked":"jedi:pocketpoison","floor":22.0},{"not_picked":["Caltrops","Acrobatics","Wraith Form v2"],"picked":"testmod-SelfRegulatingSystem","floor":23.0},{"not_picked":["Quick Slash+1","Underhanded Strike","Replay:Parry"],"picked":"Bouncing Flask","floor":24.0},{"not_picked":["Skewer","hubris:SlightOfHand+1","ReplayTheSpireMod:Uncanny Aura+1"],"picked":"Crippling Poison","floor":27.0},{"not_picked":["Deadly Poison+1","ReplayTheSpireMod:Speed Training","Bane"],"picked":"ReplayTheSpireMod:Brewmster","floor":29.0},{"not_picked":["Die Die Die","Glass Knife","testmod-ChaoticCore"],"picked":"Bullet Time","floor":33.0},{"not_picked":["Deadly Poison+1","Hidden Blade","ReplayTheSpireMod:The Works"],"picked":"testmod-Reflect","floor":35.0},{"not_picked":["Draining Mist","Acrobatics+1","Finisher","ReplayTheSpireMod:Trickstab"],"picked":"SKIP","floor":36.0},{"not_picked":["Terror","Slice+1","testmod-TemporaryDeletion+1"],"picked":"jedi:pocketpoison+1","floor":39.0},{"not_picked":["Sucker Punch+1","ReplayTheSpireMod:Speed Training+1","Acrobatics"],"picked":"testmod-PainDetonator+1","floor":41.0},{"not_picked":["ReplayTheSpireMod:Shiv Toss","Glass Knife","jedi:pocketpoison"],"picked":"Panacea","floor":42.0},{"not_picked":["Hidden Blade","jedi:pocketpoison","REME_BuildACard"],"picked":"Backflip+1","floor":45},{"not_picked":["Dagger Spray+1","ReplayTheSpireMod:The Works+1","Sucker Punch","testmod-Automaton"],"picked":"SKIP","floor":46},{"not_picked":["testmod-BloodBlade","Replay:BasicMightCard"],"picked":"Mind Blast","floor":47},{"not_picked":["conspire:Banana","testmod-HeadAttack"],"picked":"jedi:LeechingStrike","floor":47},{"not_picked":["Replay:Bootleg Shield Generator","REME_MagicPocketWatch"],"picked":"ReplayTheSpireMod:Necrogeddon","floor":47},{"not_picked":["Draining Mist+1","Acrobatics","testmod-Bloodthirsty+1"],"picked":"Calculated Gamble+1","floor":48}],"player_experience":361201,"relics_obtained":[{"floor":4.0,"key":"reliquary:IridiumChain"},{"floor":6.0,"key":"halation:PrussianBluePaint"},{"floor":8.0,"key":"hubris:OldNail"},{"floor":9.0,"key":"Eternal Feather"},{"floor":10.0,"key":"Pet Ghost"},{"floor":11.0,"key":"Ring of Peace"},{"floor":13.0,"key":"Toy Ornithopter"},{"floor":17.0,"key":"Nunchaku"},{"floor":17.0,"key":"hubris:SlimyHat"},{"floor":23.0,"key":"conspire:Flyswatter"},{"floor":26.0,"key":"halation:BottledLove"},{"floor":27.0,"key":"reliquary:Boomerang"},{"floor":29.0,"key":"MealTicket"},{"floor":30.0,"key":"Pondfish Scales"},{"floor":41.0,"key":"testmod-AssaultLearning"},{"floor":43.0,"key":"trackpad:WondrousWand"},{"floor":46,"key":"conspire:Dentures"},{"floor":48,"key":"reliquary:TridentHead"}],"event_choices":[{"damage_healed":0.0,"max_hp_gain":0.0,"max_hp_loss":0.0,"gold_gain":0.0,"event_name":"Accursed Blacksmith","player_choice":"Rummage","floor":2.0,"gold_loss":0.0,"damage_taken":0.0,"relics_obtained":["WarpedTongs"],"cards_obtained":["Pain"]},{"damage_healed":0.0,"max_hp_gain":0.0,"max_hp_loss":0.0,"gold_gain":0.0,"event_name":"FaceTrader","player_choice":"Trade","floor":19.0,"gold_loss":0.0,"damage_taken":0.0,"relics_obtained":["FaceOfCleric"]},{"damage_healed":0.0,"max_hp_gain":0.0,"max_hp_loss":0.0,"gold_gain":99.0,"event_name":"Nest","player_choice":"Stole From Cult","floor":28.0,"gold_loss":0.0,"damage_taken":0.0},{"damage_healed":0,"gold_gain":0,"player_choice":"Memory 3","damage_taken":10,"max_hp_gain":0,"max_hp_loss":0,"event_name":"SensoryStone","floor":47,"gold_loss":0}],"is_beta":false,"boss_relics":[{"not_picked":["conspire:RunicOctahedron","ChewingGum"],"picked":"REME_LowDesire"},{"not_picked":["SacredBark","jedi:paperlyon"],"picked":"Painkiller Herb"}],"items_purged_floors":[31],"is_endless":false,"potions_floor_spawned":[3,5,10,12,14,16,23,27,33,36,41,42,46],"ascension_level":8}}