{"host":"r0e4s450fexxrjel","time":1612371358,"event":{"mods":["AchievementEnabler","Act Like it!","Aspiration","BaseMod","Better Third Choice","Clawfect","Colored Map","Conspire","Dota2Spire","Downfall","Energized Spire","Friendly Minions","GifTheSpireLib","Gold Saver","Hubris","Infinite Spire","Minty Spire (QoL Compilation)","Pale of the Ancients","RRrroohrrRGHHhhh!!","Reliquary","Replay The Spire","Shop Mod","StSLib"],"gold_per_floor":[367,184,184,199,219,219,244,264,264,264,68,68,85,122,122,220,220,242,242,242,242,250,250,276,276,276,298,312,349,16,16,16,119,119,148,148,22,30,47,78,127,129,153,175,175,208,226,226,226,238,238],"floor_reached":50,"language":"DEU","playtime":1509,"items_purged":["Defend_B","Defend_B","Defend_B","Clawfect:ClawSnap"],"score":756,"play_id":"21358ecb-47cb-4cc0-a40a-8c71abfb5d12","local_time":"20210203175558","is_ascension_mode":false,"campfire_choices":[{"data":"Clawfect:ClawForTheEyes","floor":6,"key":"SMITH"},{"floor":15,"key":"REST"},{"floor":23,"key":"REST"},{"floor":25,"key":"REST"},{"data":"rorgmod:Fusion","floor":32,"key":"SMITH"},{"floor":45,"key":"REST"},{"data":"Gash","floor":49,"key":"SMITH"}],"circlet_count":0,"master_deck":["Gash+1","Gash","Gash","Gash+1","Gash","Clawfect:ClawForTheEyes+1","rorgmod:Fusion+1","Redo+1","CurseOfTheBell"],"relics":["Clawfect:DRClaw","Membership Card","infinitespire:Midas Blood","infinitespire:ShieldingShard","Ice Cream","hubris:Teleporter","conspire:SlowCooker","Dota2Spire:Satanic","Black Star","Nilry\u0027s Codex","hubris:Metronome","reliquary:RoseTintedGlasses","rorgmod:Liquid Mercury","Blood Vial","HornCleat","aspiration:Stellarator","reliquary:PurpleTingedLeaf","aspiration:TomeofQuesting","reliquary:FeatherDuster","Bottled Lightning","Dota2Spire:LotusOrb","reliquary:PorcupineQuills","Bronze Scales","Orrery","Calling Bell","Bag of Marbles","Mirror","hubris:Potato"],"acts_visited":["Exordium","TheCity","TheBeyond"],"potions_floor_usage":[18,27,38,42,42,50],"damage_taken":[{"damage":5,"enemies":"2 Louse","floor":1,"turns":4},{"damage":6,"enemies":"Jaw Worm","floor":4,"turns":3},{"damage":0,"enemies":"Small Slimes","floor":5,"turns":3},{"damage":11,"enemies":"Lagavulin","floor":7,"turns":5},{"damage":2,"enemies":"Blue Slaver","floor":8,"turns":4},{"damage":4,"enemies":"Looter","floor":13,"turns":3},{"damage":4,"enemies":"Gremlin Nob","floor":14,"turns":3},{"damage":0,"enemies":"Slime Boss","floor":16,"turns":5},{"damage":17,"enemies":"2 Thieves","floor":18,"turns":3},{"damage":21,"enemies":"Shell Parasite","floor":24,"turns":4},{"damage":2,"enemies":"Chosen and Byrds","floor":27,"turns":4},{"damage":0,"enemies":"3 Cultists","floor":28,"turns":3},{"damage":12,"enemies":"Gremlin Leader","floor":29,"turns":4},{"damage":14,"enemies":"Automaton","floor":33,"turns":5},{"damage":34,"enemies":"3 Shapes","floor":35,"turns":3},{"damage":39,"enemies":"infinitespire:Three Voidlings","floor":38,"turns":4},{"damage":2,"enemies":"Orb Walker","floor":39,"turns":3},{"damage":0,"enemies":"R_Hoarder","floor":40,"turns":5},{"damage":30,"enemies":"conspire:MimicChest","floor":41,"turns":4},{"damage":9,"enemies":"Reptomancer","floor":42,"turns":3},{"damage":3,"enemies":"Spire Growth","floor":44,"turns":3},{"damage":0,"enemies":"Nemesis","floor":46,"turns":4},{"damage":9,"enemies":"Sphere and 2 Shapes","floor":47,"turns":3},{"damage":73,"enemies":"conspire:OrnateMirror","floor":50,"turns":5}],"seed_played":"8289040868836794008","potions_obtained":[{"floor":4,"key":"Dota2Spire:HealingSalve"},{"floor":13,"key":"DistilledChaos"},{"floor":16,"key":"champ:CounterPotion"},{"floor":18,"key":"SmokeBomb"},{"floor":24,"key":"SkillPotion"},{"floor":29,"key":"SpeedPotion"},{"floor":39,"key":"Ancient Potion"},{"floor":47,"key":"bronze:BurnAndBuffPotion"}],"is_trial":false,"path_per_floor":["M","$","?","M","M","R","E","M","T","?","$","?","M","E","R","B",null,"M","?","AVR","?","?","R","M","R","T","M","M","E","$","?","R","B",null,"M","?","$","?","M","E","?","E","T","M","R","E","M","AVR","R","B"],"character_chosen":"DEFECT","items_purchased":["Membership Card","Ice Cream","rorgmod:Liquid Mercury","Blood Vial","HornCleat","reliquary:PurpleTingedLeaf"],"campfire_rested":4,"item_purchase_floors":[2,11,30,30,30,37],"current_hp_per_floor":[70,70,70,64,64,64,53,51,51,51,51,51,47,43,65,65,75,58,58,58,58,42,64,43,65,65,63,63,51,51,75,75,61,75,41,41,41,16,34,38,29,24,24,44,66,69,63,63,63,0,0],"gold":238,"neow_bonus":"UPGRADE_CARD","is_daily":false,"chose_seed":false,"campfire_upgraded":3,"win_rate":0.0,"timestamp":1612371358,"path_taken":["M","$","?","M","M","R","E","M","T","?","$","?","M","E","R","BOSS","M","?","AVR","?","?","R","?","R","T","M","M","E","$","?","R","BOSS","M","?","$","?","M","E","?","E","T","M","R","E","?","AVR","R","BOSS"],"items_purchased_type":["Relic","Relic","Relic","Relic","Relic","Relic"],"build_version":"2020-12-22","purchased_purges":4,"victory":false,"max_hp_per_floor":[75,75,75,75,75,75,75,75,75,75,75,75,75,75,75,75,75,75,75,75,75,75,75,75,75,75,75,75,75,75,75,75,75,75,75,75,75,75,75,75,75,75,75,75,75,75,75,75,75,75,75],"card_choices":[{"not_picked":["ReplayTheSpireMod:Repulse","rorgmod:LRU Cache","Turbo"],"picked":"SKIP","floor":1},{"not_picked":["Clawfect:ScrapingClaw","Genetic Algorithm"],"picked":"Clawfect:ClawForTheEyes","floor":4},{"not_picked":["Darkness","Conserve Battery","Genetic Algorithm"],"picked":"SKIP","floor":5},{"not_picked":["rorgmod:Storm","rorgmod:Ventilation Error","hubris:PowerSurge"],"picked":"SKIP","floor":7},{"not_picked":["Conserve Battery","rorgmod:LRU Cache","Turbo"],"picked":"SKIP","floor":8},{"not_picked":["Coolheaded","Glacier","rorgmod:Ventilation Error"],"picked":"SKIP","floor":13},{"not_picked":["Clawfect:Clawline","hubris:Prefetch"],"picked":"Clawfect:ClawSnap","floor":14},{"not_picked":["Buffer","rorgmod:Black Ice"],"picked":"rorgmod:Biogeneration","floor":16},{"not_picked":["Darkness","Coolheaded"],"picked":"rorgmod:Fusion","floor":18},{"not_picked":["rorgmod:Overcurrent","Hologram","Conserve Battery+1"],"picked":"SKIP","floor":24},{"not_picked":["ReplayTheSpireMod:GoodbyeWorld+1","ReplayTheSpireMod:Reroute Power","rorgmod:Storm"],"picked":"SKIP","floor":27},{"not_picked":["Conserve Battery","FTL","rorgmod:SQL Injection"],"picked":"SKIP","floor":28},{"not_picked":["Clawfect:ClawSnap+1","Genetic Algorithm+1","Clawfect:ClawForTheEyes"],"picked":"SKIP","floor":29},{"not_picked":["Panic Button+1","rorgmod:Fuse Blower+1","BasicCrystalCard"],"picked":"SKIP","floor":35},{"not_picked":["FIFO Queue+1","Clawfect:Clawrage+1","rorgmod:Antivirus+1"],"picked":"SKIP","floor":39},{"not_picked":["Lockon+1","rorgmod:Centralize","Turbo"],"picked":"SKIP","floor":40},{"not_picked":["hubris:Prefetch","Skim","rorgmod:Hardcode"],"picked":"SKIP","floor":44},{"not_picked":["Clawfect:Clawrage","rorgmod:SQL Injection+1","Recycle"],"picked":"SKIP","floor":46},{"not_picked":["conspire:SharedLibrary","rorgmod:LRU Cache+1","ReplayTheSpireMod:Omega Cannon"],"picked":"SKIP","floor":47},{"not_picked":["ReplayTheSpireMod:System Scan","Clawfect:ClawCell+1"],"picked":"Redo+1","floor":48}],"player_experience":76490,"relics_obtained":[{"floor":7,"key":"infinitespire:Midas Blood"},{"floor":9,"key":"infinitespire:ShieldingShard"},{"floor":14,"key":"hubris:Teleporter"},{"floor":22,"key":"Nilry\u0027s Codex"},{"floor":26,"key":"hubris:Metronome"},{"floor":29,"key":"reliquary:RoseTintedGlasses"},{"floor":40,"key":"aspiration:TomeofQuesting"},{"floor":40,"key":"reliquary:FeatherDuster"},{"floor":41,"key":"Bottled Lightning"},{"floor":43,"key":"Dota2Spire:LotusOrb"},{"floor":46,"key":"reliquary:PorcupineQuills"},{"floor":46,"key":"Bronze Scales"},{"floor":48,"key":"Bag of Marbles"},{"floor":48,"key":"Mirror"},{"floor":48,"key":"hubris:Potato"}],"event_choices":[{"damage_healed":0,"gold_gain":0,"player_choice":"Ignored","damage_taken":68,"max_hp_gain":0,"max_hp_loss":0,"event_name":"betterThird:BetterSerpent","floor":12,"gold_loss":0},{"damage_healed":0,"gold_gain":0,"player_choice":"Obtained Book","damage_taken":16,"max_hp_gain":0,"max_hp_loss":0,"event_name":"Cursed Tome","floor":22,"gold_loss":0},{"damage_healed":25,"gold_gain":0,"player_choice":"Heal","damage_taken":0,"max_hp_gain":0,"max_hp_loss":0,"event_name":"The Library","floor":31,"gold_loss":0},{"damage_healed":0,"gold_gain":0,"player_choice":"Ignored","damage_taken":0,"max_hp_gain":0,"max_hp_loss":0,"event_name":"Tomb of Lord Red Mask","floor":36,"gold_loss":0}],"is_beta":false,"boss_relics":[{"not_picked":["energizedSpire:HugeHouse","ReplayTheSpireMod:SealedPack"],"picked":"conspire:SlowCooker"},{"not_picked":["Velvet Choker","aspiration:IroncladSkillbook"],"picked":"aspiration:Stellarator"}],"items_purged_floors":[2,11,20,30],"is_endless":false,"potions_floor_spawned":[4,13,16,18,24,29,38,39,42,47],"killed_by":"conspire:OrnateMirror","ascension_level":0}}