{"host":"3498uni0c31c9bdm","time":1612379111,"event":{"mods":["BaseMod","Better Third Choice","Minty Spire (QoL Compilation)","Replay The Spire","StSLib"],"gold_per_floor":[118,203,217,175,175,211,211,264,264,264,264,297,24,44,44,60,60],"floor_reached":16,"language":"ENG","playtime":490,"items_purged":[],"score":200,"play_id":"a97f99f3-ced6-49ef-b2a5-f170d2d8a3e6","local_time":"20210204060511","is_ascension_mode":true,"campfire_choices":[{"floor":7.0,"key":"RECALL"},{"data":"Cloak And Dagger","floor":10.0,"key":"SMITH"},{"data":"Neutralize","floor":15,"key":"SMITH"}],"circlet_count":0,"master_deck":["AscendersBane","Strike_G","Strike_G","Strike_G","Strike_G","Strike_G","Defend_G","Defend_G","Defend_G","Defend_G","Defend_G","Survivor","Neutralize+1","Cloak And Dagger+1","Dagger Throw","Noxious Fumes+1","Dagger Spray","Backflip","Footwork","ReplayTheSpireMod:Scrap Shanks+1","Crow Ritual+1","Crow Ritual+1","ReplayUltimateDefense+1","Choke"],"relics":["NeowsBlessing","Replay:Bandana","betterThird:SlimedRelic","Sizzling Blood","Replay:Bottled Eggs","Nunchaku","Frozen Egg 2","ReplayTheSpireMod:ShopPack","Blood Vial"],"acts_visited":["Exordium"],"potions_floor_usage":[16,16],"damage_taken":[{"damage":0.0,"enemies":"Jaw Worm","floor":1.0,"turns":1.0},{"damage":0.0,"enemies":"Small Slimes","floor":3.0,"turns":1.0},{"damage":0.0,"enemies":"Gremlin Nob","floor":6.0,"turns":1.0},{"damage":19.0,"enemies":"3 Sentries","floor":8.0,"turns":6.0},{"damage":2.0,"enemies":"Cultist","floor":12.0,"turns":4.0},{"damage":13,"enemies":"Red Slaver","floor":14,"turns":5},{"damage":61,"enemies":"Fading Forest","floor":16,"turns":7}],"seed_played":"7869454448260235283","potions_obtained":[{"floor":8.0,"key":"Regen Potion"},{"floor":12.0,"key":"SpeedPotion"}],"is_trial":false,"path_per_floor":["M","?","M","?","?","E","R","E","T","R","?","M","$","M","R","B"],"character_chosen":"THE_SILENT","items_purchased":["ReplayTheSpireMod:ShopPack","Blood Vial"],"campfire_rested":0,"item_purchase_floors":[13,13],"current_hp_per_floor":[63,63,63,52,56,60,60,45,45,45,45,47,47,40,40,0,0],"gold":60,"neow_bonus":"THREE_ENEMY_KILL","is_daily":false,"chose_seed":false,"campfire_upgraded":2,"win_rate":0.0,"timestamp":1612379111,"path_taken":["M","?","M","?","?","E","R","E","T","R","?","?","?","M","R","BOSS"],"items_purchased_type":["Relic","Relic"],"build_version":"2020-12-22","purchased_purges":0,"victory":false,"max_hp_per_floor":[70,70,70,70,74,74,74,74,74,74,74,74,74,74,74,74,74],"card_choices":[{"not_picked":["Backflip","Flying Knee"],"picked":"Cloak And Dagger","floor":1.0},{"not_picked":["Acrobatics","Wraith Form v2"],"picked":"Dagger Throw","floor":2.0},{"not_picked":["Bane","PiercingWail"],"picked":"Noxious Fumes","floor":2.0},{"not_picked":["Poisoned Stab","Cloak And Dagger"],"picked":"Dagger Spray","floor":3.0},{"not_picked":["Tactician","Sneak Up"],"picked":"Backflip","floor":6.0},{"not_picked":["Sucker Punch","Slice"],"picked":"Footwork","floor":8.0},{"not_picked":["Catalyst","Cloak And Dagger"],"picked":"ReplayTheSpireMod:Scrap Shanks+1","floor":12.0},{"not_picked":["The Bomb","Chrysalis"],"picked":"Crow Ritual","floor":13},{"not_picked":["Secret Technique","Enlightenment"],"picked":"Crow Ritual","floor":13},{"not_picked":["Replay:Parry","Metamorphosis"],"picked":"ReplayUltimateDefense","floor":13},{"not_picked":["Heel Hook","Poisoned Stab"],"picked":"Choke","floor":14}],"player_experience":828923,"relics_obtained":[{"floor":2.0,"key":"Replay:Bandana"},{"floor":6.0,"key":"Replay:Bottled Eggs"},{"floor":8.0,"key":"Nunchaku"},{"floor":9.0,"key":"Frozen Egg 2"}],"event_choices":[{"damage_healed":0.0,"max_hp_gain":0.0,"max_hp_loss":0.0,"gold_gain":0.0,"event_name":"betterThird:BetterGoop","player_choice":"Slimed","floor":4.0,"gold_loss":42.0,"damage_taken":11.0},{"cards_removed":["ReplayTheSpireMod:Splinters"],"damage_healed":0.0,"max_hp_gain":0.0,"max_hp_loss":0.0,"gold_gain":0.0,"event_name":"Fountain of Cleansing","player_choice":"Removed Curses","floor":11.0,"gold_loss":0.0,"damage_taken":0.0}],"is_beta":false,"boss_relics":[],"items_purged_floors":[],"is_endless":false,"potions_floor_spawned":[8,12],"killed_by":"Fading Forest","ascension_level":10}}