{"host":"p0hktren06injwdf","time":1612384193,"event":{"mods":["AchievementEnabler","BaseMod","Colored Map","DeckTracker","Minty Spire (QoL Compilation)","Permanent Neow","StSLib","SuperFastMode"],"gold_per_floor":[118,134,151,162,173,205,51,51,77,77,77,97,116,116,116,116,116],"floor_reached":16,"language":"KOR","playtime":266,"items_purged":["Strike_P"],"score":208,"play_id":"24c09d66-9ff0-4ed5-96ce-2496dd8189b1","local_time":"20210204052953","is_ascension_mode":true,"campfire_choices":[{"data":"Conclude","floor":10,"key":"SMITH"},{"floor":15,"key":"REST"}],"circlet_count":0,"master_deck":["AscendersBane","Strike_P","Strike_P","Defend_P","Defend_P","Defend_P","Eruption+1","Vigilance","Conclude+1","BowlingBash","FlurryOfBlows","Consecrate","FearNoEvil","EmptyFist"],"relics":["PureWater","Anchor","Golden Idol"],"acts_visited":["Exordium"],"potions_floor_usage":[16],"damage_taken":[{"damage":0.0,"enemies":"Cultist","floor":1.0,"turns":3.0},{"damage":0.0,"enemies":"Jaw Worm","floor":2.0,"turns":5.0},{"damage":5.0,"enemies":"Small Slimes","floor":3.0,"turns":2.0},{"damage":14.0,"enemies":"Exordium Wildlife","floor":4.0,"turns":4.0},{"damage":9.0,"enemies":"Looter","floor":5.0,"turns":3.0},{"damage":12.0,"enemies":"3 Sentries","floor":6.0,"turns":5.0},{"damage":3,"enemies":"Large Slime","floor":12,"turns":3},{"damage":0,"enemies":"Exordium Wildlife","floor":13,"turns":2},{"damage":26,"enemies":"The Guardian","floor":16,"turns":9}],"seed_played":"2395602870275992961","potions_obtained":[{"floor":3.0,"key":"EssenceOfSteel"},{"floor":5.0,"key":"AttackPotion"}],"is_trial":false,"path_per_floor":["M","M","M","M","M","E","$","?","T","R","?","M","M","?","R","B"],"character_chosen":"WATCHER","items_purchased":["FearNoEvil"],"campfire_rested":1,"item_purchase_floors":[7],"current_hp_per_floor":[61,61,56,42,33,21,21,21,21,21,21,18,18,18,34,8,8],"gold":116,"neow_bonus":"REMOVE_TWO","is_daily":false,"chose_seed":false,"campfire_upgraded":1,"win_rate":0.0,"timestamp":1612384193,"path_taken":["M","M","M","M","M","E","$","?","T","R","?","M","M","?","R","BOSS"],"items_purchased_type":["Card"],"build_version":"2020-12-22","purchased_purges":1,"victory":false,"max_hp_per_floor":[62,62,62,62,62,62,62,62,62,62,56,56,56,56,56,56,56],"card_choices":[{"not_picked":["PathToVictory","BowlingBash"],"picked":"Conclude","floor":1.0},{"not_picked":["PathToVictory","Halt"],"picked":"BowlingBash","floor":2.0},{"not_picked":["SashWhip","EmptyBody"],"picked":"FlurryOfBlows","floor":3.0},{"not_picked":["BowlingBash","EmptyBody","PathToVictory"],"picked":"SKIP","floor":4.0},{"not_picked":["Swivel","SpiritShield","FlurryOfBlows"],"picked":"SKIP","floor":5.0},{"not_picked":["EmptyMind","FlyingSleeves"],"picked":"Consecrate","floor":6},{"not_picked":["FollowUp","ThirdEye"],"picked":"EmptyFist","floor":12},{"not_picked":["CutThroughFate","Wireheading","BowlingBash"],"picked":"SKIP","floor":13}],"player_experience":995094,"relics_obtained":[{"floor":9,"key":"Anchor"}],"event_choices":[{"damage_healed":0,"gold_gain":0,"player_choice":"Grow","damage_taken":0,"max_hp_gain":0,"max_hp_loss":0,"event_name":"Living Wall","floor":8,"gold_loss":0,"cards_upgraded":["Eruption"]},{"damage_healed":0,"gold_gain":0,"player_choice":"Lose Max HP","damage_taken":0,"relics_obtained":["Golden Idol"],"max_hp_gain":0,"max_hp_loss":6,"event_name":"Golden Idol","floor":11,"gold_loss":0},{"damage_healed":0,"gold_gain":0,"player_choice":"Ignored","damage_taken":0,"max_hp_gain":0,"max_hp_loss":0,"event_name":"Liars Game","floor":14,"gold_loss":0}],"is_beta":false,"boss_relics":[],"items_purged_floors":[7],"is_endless":false,"potions_floor_spawned":[3,5],"killed_by":"The Guardian","ascension_level":20}}