{"host":"sxnl403xm2xmiyj1","time":1612362302,"event":{"mods":["AchievementEnabler","BaseMod","Colored Map","Keyboard Shortcuts","Minty Spire (QoL Compilation)","Quick Restart","StSLib","SuperFastMode"],"gold_per_floor":[117,117,136,23,43,118,130,130,155,155,187,187,212,212,212,315,315,332,15,114,131,46,46,46],"floor_reached":23,"language":"KOR","playtime":495,"items_purged":["Normality","Strike_R"],"score":314,"play_id":"fcdaa61a-4756-4f1e-a6dc-613ac03c4fa3","local_time":"20210203232502","is_ascension_mode":true,"campfire_choices":[{"data":"Uppercut","floor":8.0,"key":"SMITH"},{"data":"Metallicize","floor":10.0,"key":"SMITH"},{"data":"Uppercut","floor":12.0,"key":"SMITH"},{"data":"Metallicize","floor":15.0,"key":"SMITH"}],"circlet_count":0,"master_deck":["Strike_R","Strike_R","Strike_R","Strike_R","Defend_R+1","Defend_R","Defend_R","Defend_R","Bash","True Grit+1","Metallicize+1","Inflame","Metallicize+1","Uppercut+1","Uppercut+1","Barricade+1","Double Tap","Rampage","Apotheosis","Pummel","Dark Embrace"],"relics":["Burning Blood","Juzu Bracelet","War Paint","White Beast Statue","Black Star","Bird Faced Urn"],"acts_visited":["TheCity"],"potions_floor_usage":[23,23,23],"damage_taken":[{"damage":15.0,"enemies":"Small Slimes","floor":1.0,"turns":3.0},{"damage":0.0,"enemies":"Cultist","floor":3.0,"turns":4.0},{"damage":11.0,"enemies":"2 Louse","floor":5.0,"turns":4.0},{"damage":15.0,"enemies":"Large Slime","floor":7.0,"turns":7.0},{"damage":3.0,"enemies":"Gremlin Nob","floor":11.0,"turns":4.0},{"damage":0.0,"enemies":"Lagavulin","floor":13.0,"turns":7.0},{"damage":9.0,"enemies":"Hexaghost","floor":16.0,"turns":13.0},{"damage":32.0,"enemies":"Chosen","floor":18.0,"turns":5.0},{"damage":34.0,"enemies":"3 Byrds","floor":21.0,"turns":9.0},{"damage":49,"enemies":"Book of Stabbing","floor":23,"turns":6}],"seed_played":"4778933214290758862","potions_obtained":[{"floor":5.0,"key":"SpeedPotion"},{"floor":7.0,"key":"LiquidMemories"},{"floor":13.0,"key":"ColorlessPotion"},{"floor":16.0,"key":"FearPotion"},{"floor":18.0,"key":"AttackPotion"},{"floor":21.0,"key":"BlessingOfTheForge"}],"is_trial":false,"path_per_floor":["M","?","M","$","M","?","M","R","T","R","E","R","E","?","R","B",null,"M","$","?","M","?","E"],"character_chosen":"IRONCLAD","items_purchased":["Inflame","Apotheosis","Pummel"],"campfire_rested":0,"item_purchase_floors":[4,19,19],"current_hp_per_floor":[79,79,85,85,80,69,60,60,60,60,63,63,69,69,69,66,89,63,63,63,35,35,0,0],"gold":46,"neow_bonus":"TWENTY_PERCENT_HP_BONUS","is_daily":false,"chose_seed":false,"campfire_upgraded":4,"win_rate":0.0,"timestamp":1612362302,"path_taken":["M","?","M","?","?","?","M","R","T","R","E","R","E","?","R","BOSS","M","$","?","M","?","E"],"items_purchased_type":["Card","Card","Card"],"build_version":"2020-12-22","purchased_purges":2,"victory":false,"max_hp_per_floor":[96,96,96,96,96,96,96,96,96,96,96,96,96,96,96,96,96,96,96,96,96,96,96,96],"card_choices":[{"not_picked":["Pommel Strike","Wild Strike"],"picked":"True Grit","floor":1.0},{"not_picked":["Sword Boomerang","Disarm"],"picked":"Metallicize","floor":3.0},{"not_picked":["Power Through","Disarm"],"picked":"Metallicize","floor":5.0},{"not_picked":["Warcry","Wild Strike"],"picked":"Uppercut","floor":7.0},{"not_picked":["Headbutt","Reaper"],"picked":"Uppercut","floor":11.0},{"not_picked":["Uppercut","Thunderclap"],"picked":"Barricade","floor":13.0},{"not_picked":["Bludgeon","Exhume"],"picked":"Double Tap","floor":16.0},{"not_picked":["Rage+1","Sword Boomerang+1"],"picked":"Rampage","floor":18.0},{"not_picked":["Wild Strike","Searing Blow+1"],"picked":"Dark Embrace","floor":21.0}],"player_experience":185296,"relics_obtained":[{"floor":9.0,"key":"Juzu Bracelet"},{"floor":11.0,"key":"War Paint"},{"floor":13.0,"key":"White Beast Statue"}],"event_choices":[{"damage_healed":0.0,"max_hp_gain":0.0,"max_hp_loss":0.0,"gold_gain":0.0,"event_name":"Match and Keep!","player_choice":"0 cards matched","floor":2.0,"gold_loss":0.0,"damage_taken":0.0,"cards_obtained":[]},{"damage_healed":0.0,"max_hp_gain":0.0,"max_hp_loss":0.0,"gold_gain":75.0,"event_name":"World of Goop","player_choice":"Gather Gold","floor":6.0,"gold_loss":0.0,"damage_taken":11.0},{"damage_healed":0.0,"max_hp_gain":0.0,"max_hp_loss":0.0,"gold_gain":0.0,"event_name":"Living Wall","player_choice":"Grow","floor":14.0,"gold_loss":0.0,"damage_taken":0.0,"cards_upgraded":["Barricade"]},{"damage_healed":0.0,"max_hp_gain":0.0,"max_hp_loss":0.0,"gold_gain":99.0,"event_name":"Nest","player_choice":"Stole From Cult","floor":20.0,"gold_loss":0.0,"damage_taken":0.0},{"damage_healed":0.0,"max_hp_gain":0.0,"max_hp_loss":0.0,"gold_gain":0.0,"event_name":"Addict","player_choice":"Obtained Relic","floor":22.0,"gold_loss":85.0,"damage_taken":0.0,"relics_obtained":["Bird Faced Urn"]}],"is_beta":false,"boss_relics":[{"not_picked":["SlaversCollar","Empty Cage"],"picked":"Black Star"}],"items_purged_floors":[4,19],"is_endless":false,"potions_floor_spawned":[5,7,13,16,18,21],"killed_by":"Book of Stabbing","ascension_level":6}}