{"host":"jv6ql3rcplqr94ru","time":1612310434,"event":{"mods":["AchievementEnabler","Act Like it!","BaseMod","Colored Map","Downfall","Hermit","Lobotomy","Minty Spire (QoL Compilation)","Rare Cards Sparkle","Robot Space Explorer","StSLib","The Poker Player","everything is the same but u backflip on backflip","slay the spire mod where everything is the same but ironclad has a cowboy hat"],"gold_per_floor":[99,99,112,129,149,149,149,167,196,209,209,114,114,131,147,252,302,302,315,315,330,330,330,330,358,358,358,358,358],"floor_reached":27,"language":"ENG","playtime":1615,"items_purged":[],"score":291,"play_id":"18242217-e9dd-4cc6-98fa-7ab80557612b","local_time":"20210203010034","is_ascension_mode":true,"campfire_choices":[{"data":"Slimebound:Split","floor":1.0,"key":"SMITH"},{"data":"Slimebound:BestDefense","floor":6.0,"key":"SMITH"},{"floor":11.0,"key":"REST"},{"data":"Slimebound:Tackle","floor":13.0,"key":"SMITH"},{"data":"Slimebound:GoopTackle","floor":18.0,"key":"SMITH"},{"floor":23,"key":"REST"},{"floor":26,"key":"REST"}],"circlet_count":0,"master_deck":["Slimebound:Strike_Slimebound","Slimebound:Strike_Slimebound+1","Slimebound:Tackle+1","Slimebound:Defend_Slimebound","Slimebound:Defend_Slimebound","Slimebound:Defend_Slimebound","Slimebound:Split+1","Slimebound:CorrosiveSpit","Slimebound:SlimeSpikes","Slimebound:BestDefense+1","Slimebound:BestDefense","Slimebound:FinishingTackle","Slimebound:GoopTackle+1","Slimebound:SplitSpecialist","Slimebound:Chomp","Slimebound:FlameTackle+1"],"relics":["Slimebound:AbsorbEndCombat","InkBottle","Eternal Feather","Nloth\u0027s Gift","White Beast Statue","Art of War"],"acts_visited":["Exordium","TheCity"],"potions_floor_usage":[25,25,25],"damage_taken":[{"damage":2.0,"enemies":"2 Louse","floor":3.0,"turns":3.0},{"damage":1.0,"enemies":"Cultist","floor":4.0,"turns":4.0},{"damage":0.0,"enemies":"Jaw Worm","floor":5.0,"turns":5.0},{"damage":6.0,"enemies":"3 Louse","floor":8.0,"turns":4.0},{"damage":40.0,"enemies":"Gremlin Nob","floor":9.0,"turns":4.0},{"damage":0.0,"enemies":"Gremlin Gang","floor":10.0,"turns":4.0},{"damage":2.0,"enemies":"downfall:FleeingMerchant","floor":12.0,"turns":4.0},{"damage":14.0,"enemies":"Red Slaver","floor":14.0,"turns":4.0},{"damage":2.0,"enemies":"3 Louse","floor":15.0,"turns":3.0},{"damage":43.0,"enemies":"IC_STATUS_ARCHETYPE","floor":16.0,"turns":6.0},{"damage":19,"enemies":"Spheric Guardian","floor":19,"turns":5},{"damage":44,"enemies":"Shell Parasite","floor":21,"turns":5},{"damage":40,"enemies":"Gremlin Leader","floor":25,"turns":7},{"damage":53,"enemies":"Book of Stabbing","floor":27,"turns":3}],"seed_played":"-5008209948663015400","potions_obtained":[{"floor":2.0,"key":"sneckomod:MuddlingPotion"},{"floor":2.0,"key":"bronze:BurnAndBuffPotion"},{"floor":2.0,"key":"Fire Potion"},{"floor":3.0,"key":"LiquidMemories"},{"floor":9.0,"key":"ColorlessPotion"},{"floor":10.0,"key":"Regen Potion"},{"floor":14.0,"key":"SpeedPotion"},{"floor":15.0,"key":"Strength Potion"},{"floor":16.0,"key":"BlessingOfTheForge"},{"floor":25,"key":"Slimebound:SlimyTonguePotion"}],"is_trial":false,"path_per_floor":["R","?","M","M","M","R","T","M","E","M","R","$","R","M","M","B",null,"R","M","?","M","?","R","T","E","R","E"],"character_chosen":"SLIMEBOUND","items_purchased":["Slimebound:BestDefense"],"campfire_rested":3,"item_purchase_floors":[12],"current_hp_per_floor":[47,47,47,52,56,56,56,50,14,18,43,45,51,39,50,15,58,64,51,51,11,11,41,41,9,39,0,0,0],"gold":358,"neow_bonus":"REMOVE_TWO","is_daily":false,"chose_seed":false,"campfire_upgraded":4,"win_rate":0.0,"timestamp":1612310434,"path_taken":["R","?","M","M","M","R","T","?","E","M","R","$","R","M","M","BOSS","R","M","?","M","?","R","T","E","R","E"],"items_purchased_type":["Card"],"build_version":"2020-12-22","purchased_purges":0,"victory":false,"max_hp_per_floor":[65,65,65,65,65,65,65,65,65,65,65,65,65,65,65,65,70,70,70,70,70,70,70,70,70,70,70,70,70],"card_choices":[{"not_picked":["Slimebound:Schlurp","Slimebound:GoopTackle"],"picked":"Slimebound:SlimeSpikes","floor":3.0},{"not_picked":["Slimebound:ComboTackle","Slimebound:LeechingTouch"],"picked":"Slimebound:BestDefense","floor":4.0},{"not_picked":["Slimebound:SlimeSpikes","Slimebound:SplitMire","Slimebound:ProtectTheBoss"],"picked":"SKIP","floor":5.0},{"not_picked":["Slimebound:Schlurp","Slimebound:LivingWall","Slimebound:Gluttony"],"picked":"SKIP","floor":8.0},{"not_picked":["Slimebound:SlimeBrawl","Slimebound:SlimeSpikes","Slimebound:FormOfPuddle"],"picked":"SKIP","floor":9.0},{"not_picked":["Slimebound:Prepare","Slimebound:FirmFortitude","Slimebound:LevelUp"],"picked":"SKIP","floor":10.0},{"not_picked":["Slimebound:SplitAcid","Slimebound:Teamwork","Slimebound:Prepare"],"picked":"SKIP","floor":12.0},{"not_picked":["Slimebound:HungryTackle","Slimebound:MegaLick"],"picked":"Slimebound:FinishingTackle","floor":14.0},{"not_picked":["Slimebound:SplitBruiser","Slimebound:LevelUp"],"picked":"Slimebound:GoopTackle","floor":15.0},{"not_picked":["Slimebound:HungryTackle","Slimebound:SlimeBarrage"],"picked":"Slimebound:SplitSpecialist","floor":17.0},{"not_picked":["Slimebound:Prepare","Slimebound:GoopSpray","Slimebound:Repurpose"],"picked":"SKIP","floor":19},{"not_picked":["Slimebound:GoopSpray","Slimebound:DivideAndConquer+1"],"picked":"Slimebound:Chomp","floor":21},{"not_picked":["Slimebound:TagTeam","Slimebound:LeadByExample"],"picked":"Slimebound:FlameTackle+1","floor":25}],"player_experience":362536,"relics_obtained":[{"floor":7.0,"key":"InkBottle"},{"floor":9.0,"key":"Eternal Feather"},{"floor":24,"key":"White Beast Statue"},{"floor":25,"key":"Art of War"}],"event_choices":[{"damage_healed":0.0,"max_hp_gain":0.0,"max_hp_loss":0.0,"gold_gain":0.0,"event_name":"Lab","player_choice":"Got Potions","floor":2.0,"gold_loss":0.0,"damage_taken":0.0},{"damage_healed":0,"gold_gain":0,"player_choice":"Ignored","damage_taken":0,"max_hp_gain":0,"max_hp_loss":0,"event_name":"Vampires","floor":20,"gold_loss":0}],"is_beta":false,"boss_relics":[{"not_picked":["Snecko Eye","Philosopher\u0027s Stone"],"picked":"Tiny House"}],"items_purged_floors":[],"is_endless":false,"potions_floor_spawned":[3,9,10,14,15,16,21,25],"killed_by":"Book of Stabbing","ascension_level":5}}