{"host":"zwezhz46a5cjkxff","time":1612335827,"event":{"mods":["AchievementEnabler","BaseMod","Colored Map","Colored Powertips","DeckTracker","Hermit","Marisa????????","Minty Spire (QoL Compilation)","Permanent Neow","Quick Restart","Rare Cards Sparkle","Relic Stats","Robot Space Explorer","StSLib","SuperFastMode","The Hierophant","The Servant 0.9.4","Weighted Paths","slay the spire mod where everything is the same but ironclad has a cowboy hat"],"gold_per_floor":[113,113,132,142,162,192,207,207,234,234,234,114,124,45,45,150,150,164,184,201,201,201,201],"floor_reached":22,"language":"ENG","playtime":1018,"items_purged":["Doubt"],"score":188,"play_id":"0b08c8e7-e3dd-47eb-9bb5-4d6aaa01c756","local_time":"20210203010347","is_ascension_mode":false,"campfire_choices":[{"floor":8,"key":"RECALL"},{"floor":10,"key":"REST"},{"data":"Collect","floor":15,"key":"SMITH"}],"circlet_count":0,"master_deck":["Eruption","Vigilance","ReachHeaven","Pray","BattleHymn","Collect+1","JustLucky","DeceiveReality","Wireheading","Establishment","Weave","Adaptation","CarveReality","Brilliance","Conclude","BattleHymn","ReachHeaven","ClearTheMind","FollowUp","WindmillStrike"],"relics":["PureWater","GoldenEye","CultistMask","Strawberry","Orichalcum","Ancient Tea Set","Pandora\u0027s Box","MutagenicStrength"],"acts_visited":["Exordium","TheCity"],"potions_floor_usage":[6,6,19],"damage_taken":[{"damage":5,"enemies":"Jaw Worm","floor":1,"turns":4},{"damage":0,"enemies":"Cultist","floor":3,"turns":3},{"damage":7,"enemies":"Small Slimes","floor":4,"turns":3},{"damage":9,"enemies":"Exordium Thugs","floor":5,"turns":4},{"damage":25,"enemies":"3 Sentries","floor":6,"turns":6},{"damage":7,"enemies":"Blue Slaver","floor":7,"turns":3},{"damage":14,"enemies":"Exordium Wildlife","floor":13,"turns":4},{"damage":2,"enemies":"Slime Boss","floor":16,"turns":8},{"damage":10,"enemies":"Chosen","floor":18,"turns":5},{"damage":38,"enemies":"2 Thieves","floor":19,"turns":4},{"damage":22,"enemies":"Centurion and Healer","floor":20,"turns":5},{"damage":13,"enemies":"Snecko","floor":22,"turns":2}],"seed_played":"-7042562418817277705","potions_obtained":[{"floor":3,"key":"CultistPotion"},{"floor":5,"key":"Dexterity Potion"},{"floor":7,"key":"SneckoOil"},{"floor":13,"key":"Strength Potion"},{"floor":16,"key":"LiquidMemories"},{"floor":20,"key":"StancePotion"}],"is_trial":false,"path_per_floor":["M","?","M","M","M","E","M","R","T","R","?","$","M","$","R","B",null,"M","M","M","?","M"],"character_chosen":"WATCHER","items_purchased":["JustLucky","Wireheading"],"campfire_rested":1,"item_purchase_floors":[12,14],"current_hp_per_floor":[67,67,67,60,51,33,26,26,26,49,49,49,35,35,35,33,79,69,31,9,9,0,0],"gold":201,"neow_bonus":"ONE_RARE_RELIC","is_daily":false,"chose_seed":false,"campfire_upgraded":1,"win_rate":0.0,"timestamp":1612335827,"path_taken":["M","?","?","M","M","E","M","R","T","R","?","?","M","$","R","BOSS","M","M","M","?","M"],"items_purchased_type":["Card","Card"],"build_version":"2020-12-22","purchased_purges":1,"victory":false,"max_hp_per_floor":[72,72,72,72,72,79,79,79,79,79,79,79,79,79,79,79,79,79,79,79,79,79,79],"relic_stats":{"counters":[12,51],"Pandora\u0027s Box":["Weave","Adaptation","CarveReality","Brilliance","Conclude","BattleHymn","ReachHeaven","ClearTheMind"],"Orichalcum":[60],"GoldenEye":[35],"obtain_stats":[{"Strawberry":6,"MutagenicStrength":21,"Pandora\u0027s Box":17,"CultistMask":2,"PureWater":0,"Orichalcum":9,"GoldenEye":0,"Ancient Tea Set":11},{"Strawberry":5,"MutagenicStrength":11,"Pandora\u0027s Box":8,"CultistMask":1,"PureWater":0,"Orichalcum":6,"GoldenEye":0,"Ancient Tea Set":6},{"Strawberry":20,"MutagenicStrength":49,"Pandora\u0027s Box":35,"CultistMask":4,"PureWater":0,"Orichalcum":23,"GoldenEye":0,"Ancient Tea Set":23}]},"card_choices":[{"not_picked":["Meditate","EmptyFist"],"picked":"ReachHeaven","floor":1},{"not_picked":["WindmillStrike","FearNoEvil"],"picked":"Pray","floor":3},{"not_picked":["Adaptation","EmptyFist"],"picked":"BattleHymn","floor":4},{"not_picked":["EmptyFist","BowlingBash","WaveOfTheHand"],"picked":"SKIP","floor":5},{"not_picked":["Fasting2","Crescendo"],"picked":"Collect","floor":6},{"not_picked":["FlurryOfBlows","FlyingSleeves","PathToVictory"],"picked":"SKIP","floor":7},{"not_picked":["Tantrum","Wallop"],"picked":"DeceiveReality","floor":13},{"not_picked":["Devotion","DeusExMachina"],"picked":"Establishment","floor":16},{"not_picked":["Wireheading","Conclude+1"],"picked":"FollowUp","floor":18},{"not_picked":["Wireheading","SandsOfTime"],"picked":"WindmillStrike","floor":19},{"not_picked":["CrushJoints","ClearTheMind","EmptyFist"],"picked":"SKIP","floor":20}],"player_experience":62534,"relics_obtained":[{"floor":6,"key":"Strawberry"},{"floor":9,"key":"Orichalcum"}],"event_choices":[{"damage_healed":0,"gold_gain":0,"player_choice":"Trade","damage_taken":0,"relics_obtained":["CultistMask"],"max_hp_gain":0,"max_hp_loss":0,"event_name":"FaceTrader","floor":2,"gold_loss":0},{"damage_healed":0,"gold_gain":0,"player_choice":"Gave Potion","damage_taken":0,"relics_obtained":["Ancient Tea Set"],"max_hp_gain":0,"max_hp_loss":0,"event_name":"WeMeetAgain","floor":11,"gold_loss":0},{"damage_healed":0,"gold_gain":0,"player_choice":"Inject Mutagens","damage_taken":0,"relics_obtained":["MutagenicStrength"],"max_hp_gain":0,"max_hp_loss":0,"event_name":"Drug Dealer","floor":21,"gold_loss":0}],"is_beta":false,"boss_relics":[{"not_picked":["Ectoplasm","Tiny House"],"picked":"Pandora\u0027s Box"}],"items_purged_floors":[12],"is_endless":false,"potions_floor_spawned":[3,5,7,13,16,20],"killed_by":"Snecko","ascension_level":0}}