{"host":"ec2wu4mdnvke243f","time":1612385135,"event":{"mods":["2.2 Compatiblity","AchievementEnabler","BaseMod","Defuse TimeMaze Blight","Downfall","Hermit","Infinite Spire","Minty Spire (QoL Compilation)","StSLib","The Cursed","The Disciple","The Jungle","The Servant 0.9.4"],"gold_per_floor":[118,130,130,130,130,160,188,188,214,226,15,15,15,33,33,131,181,200,200,400,400,419,449,449,461,509,509,509,521,546,563,563,665,665,678,678,678],"floor_reached":36,"language":"POL","playtime":4977,"items_purged":[],"score":440,"play_id":"dd1d6b3f-fbb1-4a43-a4f9-8de754203039","local_time":"20210203214535","daily_mods":["Purple Cards","Colorless Cards","Flight"],"is_ascension_mode":false,"campfire_choices":[{"floor":12,"key":"REST"},{"floor":15,"key":"REST"},{"floor":24,"key":"REST"},{"floor":32,"key":"REST"}],"circlet_count":0,"master_deck":["Strike_S","Strike_S","Strike_S","Strike_S","Defend_S","Defend_S","Defend_S","Defend_S+1","KidneyShot","Exchange+1","Dramatic Entrance","ShatteredReality","TimeWarp","Defy","TimeWarp","Defy+1","Panacea+1","Starlight","ShatteredReality","Rearm+1","Magnetism","Panacea+1","TimeWarp","FanOfKnives","ShiftingGears+1","infinitespire:Fortify+1","InstantArmor+1","WasteNot","Bandage Up+1","Panache","Alleviate+1"],"relics":["Uniform","infinitespire:BottledMercury","Akabeko","infinitespire:Beetle Shell","Toxic Egg 2","infinitespire:PuzzleCube","Meat on the Bone","Tiny House","theJungle:BirthdayCake","StrikeDummy","Dream Catcher","bronze:BronzeIdol","SlaversCollar"],"acts_visited":["Exordium","Exordium","TheBeyond"],"potions_floor_usage":[6,23,23,29,36],"damage_taken":[{"damage":0,"enemies":"2 Louse","floor":1,"turns":2},{"damage":6,"enemies":"Jaw Worm","floor":2,"turns":3},{"damage":20,"enemies":"3 Sentries","floor":6,"turns":6},{"damage":29,"enemies":"Lagavulin","floor":7,"turns":6},{"damage":0,"enemies":"Cultist","floor":10,"turns":2},{"damage":0,"enemies":"Exordium Wildlife","floor":14,"turns":2},{"damage":7,"enemies":"Slime Boss","floor":16,"turns":8},{"damage":8,"enemies":"theJungle:MUSHROOMGANG","floor":18,"turns":5},{"damage":5,"enemies":"Shell Parasite","floor":22,"turns":4},{"damage":62,"enemies":"theJungle:Cassacara","floor":23,"turns":9},{"damage":19,"enemies":"theJungle:JungleHuntersEncounter","floor":25,"turns":7},{"damage":29,"enemies":"theJungle:2_Flameangoes","floor":29,"turns":5},{"damage":0,"enemies":"theJungle:Lyon","floor":31,"turns":5},{"damage":54,"enemies":"theJungle:QueenSpyder","floor":33,"turns":18},{"damage":25,"enemies":"Orb Walker","floor":35,"turns":4},{"damage":24,"enemies":"infinitespire:Three Voidlings","floor":36,"turns":4},{"damage":89,"enemies":"Nightmare_Alpha","floor":36,"turns":11}],"seed_played":"2228995614706731835","potions_obtained":[{"floor":1,"key":"BlessingOfTheForge"},{"floor":10,"key":"Weak Potion"},{"floor":16,"key":"bronze:BurnAndBuffPotion"},{"floor":17,"key":"SneckoOil"},{"floor":23,"key":"Guardian:BlockOnCardUsePotion"},{"floor":25,"key":"SpeedPotion"},{"floor":29,"key":"FairyPotion"}],"is_trial":true,"path_per_floor":["M","M","?","?","?","E","E","T","T","M","$","R","?","M","R","B",null,"M","?","?","?","M","E","R","M","T","AVR","?","M","T","M","R","B",null,"M","?"],"character_chosen":"THE_SERVANT","items_purchased":["Defy+1","Panacea+1","Starlight","ShatteredReality"],"campfire_rested":4,"item_purchase_floors":[11,11,11,11],"current_hp_per_floor":[65,59,59,59,59,39,10,10,10,10,10,29,29,41,60,53,70,62,82,82,82,77,27,54,47,47,47,47,30,30,42,69,33,90,65,0,0],"gold":678,"neow_bonus":"","is_daily":false,"chose_seed":false,"campfire_upgraded":0,"win_rate":0.0,"timestamp":1612385135,"path_taken":["M","M","?","?","?","E","E","?","T","?","?","R","?","?","R","BOSS","M","?","?","?","?","E","R","M","T","AVR","?","?","?","?","R","BOSS","M","?"],"items_purchased_type":["Card","Card","Card","Card"],"build_version":"2020-12-22","purchased_purges":0,"victory":false,"max_hp_per_floor":[65,65,65,65,65,65,65,65,65,65,65,65,65,65,65,65,70,70,90,90,90,90,90,90,90,90,90,90,90,90,90,90,90,90,90,90,90],"card_choices":[{"not_picked":["ReturningBlade","Revamp"],"picked":"Dramatic Entrance","floor":1},{"not_picked":["DoubleEdge","Revamp"],"picked":"ShatteredReality","floor":2},{"not_picked":["Panache","Starlight"],"picked":"TimeWarp","floor":6},{"not_picked":["Flash of Steel","Impatience"],"picked":"Defy","floor":7},{"not_picked":["Unruled","Read+1"],"picked":"TimeWarp","floor":10},{"not_picked":["Revamp+1","Discovery+1"],"picked":"Rearm+1","floor":14},{"not_picked":["Secret Technique+1","FloweringNight"],"picked":"Magnetism","floor":16},{"not_picked":["Rewind+1","GearUp+1"],"picked":"Panacea+1","floor":17},{"not_picked":["ShatteredReality","Revamp+1"],"picked":"TimeWarp","floor":18},{"not_picked":["Spin+1","Purity+1"],"picked":"FanOfKnives","floor":22},{"not_picked":["Mind Blast","Barrier+1","Mayhem"],"picked":"SKIP","floor":23},{"not_picked":["Replace+1","Mind Blast+1"],"picked":"ShiftingGears+1","floor":25},{"not_picked":["Rewind+1","Revamp+1"],"picked":"InstantArmor+1","floor":29},{"not_picked":["DoubleEdge","Collapse"],"picked":"WasteNot","floor":31},{"not_picked":["ReturningBlade","Defy+1"],"picked":"Bandage Up+1","floor":32},{"not_picked":["PendulumOfEternity","HandOfGreed"],"picked":"Panache","floor":33},{"not_picked":["Rewind+1","Starlight"],"picked":"Alleviate+1","floor":35}],"player_experience":576523,"relics_obtained":[{"floor":4,"key":"infinitespire:BottledMercury"},{"floor":6,"key":"Akabeko"},{"floor":7,"key":"infinitespire:Beetle Shell"},{"floor":8,"key":"Toxic Egg 2"},{"floor":9,"key":"infinitespire:PuzzleCube"},{"floor":23,"key":"StrikeDummy"},{"floor":26,"key":"Dream Catcher"},{"floor":30,"key":"bronze:BronzeIdol"}],"event_choices":[{"damage_healed":0,"gold_gain":0,"player_choice":"Grow","damage_taken":0,"max_hp_gain":0,"max_hp_loss":0,"event_name":"Living Wall","floor":3,"gold_loss":0,"cards_upgraded":["Exchange"]},{"damage_healed":0,"gold_gain":0,"player_choice":"Ignored","damage_taken":0,"max_hp_gain":0,"max_hp_loss":0,"event_name":"Liars Game","floor":5,"gold_loss":0},{"damage_healed":0,"gold_gain":0,"player_choice":"Gave Potion","damage_taken":0,"relics_obtained":["Meat on the Bone"],"max_hp_gain":0,"max_hp_loss":0,"event_name":"WeMeetAgain","floor":13,"gold_loss":0},{"cards_removed":["Normality"],"damage_healed":0,"gold_gain":0,"player_choice":"Card Removal","damage_taken":0,"max_hp_gain":0,"max_hp_loss":0,"event_name":"Wheel of Change","floor":21,"gold_loss":0},{"damage_healed":0,"gold_gain":0,"player_choice":"Ignored","damage_taken":0,"max_hp_gain":0,"max_hp_loss":0,"event_name":"Purifier","floor":28,"gold_loss":0}],"is_beta":false,"boss_relics":[{"not_picked":["Coffee Dripper","Astrolabe"],"picked":"Tiny House"},{"not_picked":["Runic Dome","Velvet Choker"],"picked":"SlaversCollar"}],"items_purged_floors":[],"is_endless":false,"potions_floor_spawned":[1,10,16,23,25,29,35],"killed_by":"Nightmare_Alpha","ascension_level":0}}