{"host":"61ejhfsushs0xmcl","time":1612348166,"event":{"mods":["ATMod(°¢èªMod)","Act Like it!","BaseMod","Colored Map","Gold Saver","Minty Spire (QoL Compilation)","MostiFishMod","Reliquary","Spicy Shops","StSLib","TestMod","[IsaacMod]ÒÔÈö¼âËþ","¡¾ÒÅÎï¿¨ÅÆ¡¿REMEMod","óô»ðÖ¸ÄÏ"],"gold_per_floor":[113,113,273,273,285,285,6,145,145,199,226,16,8,22,63,140,140,271,107,126,141,11,42,42,76,100,100,116,143,170,556,556,632,632,677,177,197,726,217,252,252,429,504,654,654,197,208,608,608,608,608,608,236,155,350,394,394],"floor_reached":56,"language":"ZHS","playtime":2309,"items_purged":["Defend_R","Decay","Defend_R","Strike_R","Strike_R","Strike_R","Strike_R","Strike_R","AT_DrawKnifeCut+1","Bash","Defend_R"],"score":2553,"play_id":"6f4f4dc5-ee8a-49dd-9377-39ff2c5c1b54","local_time":"20210203182926","is_ascension_mode":true,"campfire_choices":[{"data":"REME_Scribble","floor":6.0,"key":"SMITH"},{"data":"AT_DrawKnifeCut","floor":15.0,"key":"SMITH"},{"data":"Eruption","floor":24.0,"key":"SMITH"},{"data":"TalkToTheHand","floor":27.0,"key":"SMITH"},{"data":"Skim","floor":32.0,"key":"SMITH"},{"data":"MostiFishMod:FlyOverUtopia","floor":41.0,"key":"SMITH"},{"floor":49.0,"key":"RECALL"}],"circlet_count":0,"master_deck":["AscendersBane","Defend_R","Eruption+1","REME_HeartOfCthun","TalkToTheHand+1","REME_Scribble+1","Heavy Blade","Reaper","Skim+1","DevaForm","Warcry+1","MostiFishMod:Overload","Burst","MentalFortress+1","Phantasmal Killer","MostiFishMod:FlyOverUtopia+1","MostiFishMod:TemporaryOutbreak","InnerPeace","Blade Dance+1","Burning Pact","Feel No Pain","Entrench"],"relics":["Burning Blood","testmod-TestBox","AT_ATBox","REME_ComplimentaryCards","HushsDoor","testmod-CrystalShield","Jackal-EndForJourney","SynthV:TestCard","Lee\u0027s Waffle","Matryoshka","BloodDonationBag","AT_BladeRuinedKing","Champion Belt","YumHeart","ClockworkSouvenir","AT_SeraphEmbrace","PrismaticShard","testmod-NegativeEmotionEnhancer","Singing Bowl","Orrery","Civilization","AT_ChloranthyRing","Ancient Tea Set","Anchor","Red Mask","UnicornStump","reliquary:BoilingFlask","reliquary:WritOfMandamus","SatanicBible","Toy Ornithopter","Smiling Mask","testmod-Fortitude","Ornamental Fan","AT_BellDemon","SteamSale","ImprovedEquipment","Orichalcum","Dodecahedron","Centennial Puzzle","reliquary:PartyBalloon","Membership Card","Shuriken","HowToJump","TheAbacus","reliquary:JackalopeAntler","Pear","SalivaCoin"],"acts_visited":["Exordium","TheCity","TheBeyond","TheEnding"],"potions_floor_usage":[56,56,56,56,56,56,56,56,56,56,56,56,56,56,56,56],"damage_taken":[{"damage":10.0,"enemies":"Small Slimes","floor":1.0,"turns":2.0},{"damage":14.0,"enemies":"2 Louse","floor":5.0,"turns":3.0},{"damage":10.0,"enemies":"Cultist","floor":10.0,"turns":3.0},{"damage":0.0,"enemies":"3 Sentries","floor":11.0,"turns":2.0},{"damage":9.0,"enemies":"2 Fungi Beasts","floor":14.0,"turns":2.0},{"damage":24.0,"enemies":"The Guardian","floor":16.0,"turns":6.0},{"damage":7.0,"enemies":"3 Byrds","floor":18.0,"turns":3.0},{"damage":3.0,"enemies":"Shell Parasite","floor":20.0,"turns":1.0},{"damage":0.0,"enemies":"3 Cultists","floor":21.0,"turns":2.0},{"damage":24.0,"enemies":"Book of Stabbing","floor":23.0,"turns":3.0},{"damage":40.0,"enemies":"Slavers","floor":25.0,"turns":3.0},{"damage":3.0,"enemies":"Centurion and Healer","floor":28.0,"turns":1.0},{"damage":3.0,"enemies":"Masked Bandits","floor":29.0,"turns":2.0},{"damage":8.0,"enemies":"REME_1_Revenger","floor":30.0,"turns":3.0},{"damage":6.0,"enemies":"Collector","floor":33.0,"turns":4.0},{"damage":10.0,"enemies":"Orb Walker","floor":35.0,"turns":2.0},{"damage":0.0,"enemies":"3 Darklings","floor":37.0,"turns":1.0},{"damage":26.0,"enemies":"Jaw Worm Horde","floor":38.0,"turns":3.0},{"damage":7.0,"enemies":"Reptomancer","floor":40.0,"turns":3.0},{"damage":7.0,"enemies":"Nemesis","floor":42.0,"turns":3.0},{"damage":10.0,"enemies":"Giant Head","floor":44.0,"turns":3.0},{"damage":30.0,"enemies":"Writhing Mass","floor":47.0,"turns":2.0},{"damage":16.0,"enemies":"Awakened One","floor":50.0,"turns":3.0},{"damage":90.0,"enemies":"Donu and Deca","floor":51.0,"turns":3.0},{"damage":7.0,"enemies":"Shield and Spear","floor":55.0,"turns":2.0},{"damage":0,"enemies":"Delirium","floor":56,"turns":4}],"seed_played":"2652375664880285460","potions_obtained":[{"floor":5.0,"key":"Explosive Potion"},{"floor":11.0,"key":"Ancient Potion"},{"floor":14.0,"key":"FairyPotion"},{"floor":18.0,"key":"DuplicationPotion"},{"floor":21.0,"key":"FearPotion"},{"floor":29.0,"key":"SkillPotion"},{"floor":33.0,"key":"REME_GoldPotion"},{"floor":35.0,"key":"Fire Potion"},{"floor":38.0,"key":"LiquidMemories"},{"floor":47.0,"key":"FearPotion"},{"floor":55.0,"key":"SkillPotion"}],"is_trial":false,"path_per_floor":["M","?","$","?","M","R","$","?","T","M","E","$","$","M","R","B",null,"M","$","M","M","$","E","R","E","T","R","M","?","E","T","R","B",null,"M","$","M","M","$","E","R","E","T","E","?","R","M","?","R","B","B",null,"R","$","E","B"],"character_chosen":"IRONCLAD","items_purchased":["Lee\u0027s Waffle","Matryoshka","BloodPotion","BloodPotion","ClockworkSouvenir","testmod-SpacePotion","AT_ArchangelStaff","PrismaticShard","Singing Bowl","Orrery","Civilization","SatanicBible","MostiFishMod:FlyOverUtopia","Toy Ornithopter","MostiFishMod:TemporaryOutbreak","testmod-SpacePotion","SteamSale","ImprovedEquipment","Weak Potion","Dexterity Potion","Dodecahedron","Centennial Puzzle","reliquary:PartyBalloon","Feel No Pain","BloodPotion","Membership Card","Shuriken","HowToJump","TheAbacus","reliquary:JackalopeAntler","Fruit Juice","testmod-SpacePotion","CultistPotion","EntropicBrew","Entrench"],"campfire_rested":0,"item_purchase_floors":[3,3,3,7,12,12,12,13,19,19,22,34,34,36,36,39,46,46,46,46,53,53,53,53,53,54,54,54,54,54,54,54,54,54,54],"current_hp_per_floor":[64,64,35,35,29,29,44,87,87,73,79,18,7,7,1,33,80,68,1,11,51,42,30,30,42,42,42,58,100,118,20,20,53,131,154,154,172,54,59,98,98,68,68,108,108,108,108,108,108,210,197,237,237,252,242,279,279],"gold":394,"neow_bonus":"RANDOM_COLORLESS_2","is_daily":false,"chose_seed":false,"campfire_upgraded":6,"win_rate":0.0,"timestamp":1612348166,"path_taken":["M","?","?","?","?","R","$","?","T","M","E","?","$","M","R","BOSS","M","$","M","M","$","E","R","E","T","R","M","?","E","?","R","BOSS","M","$","M","M","$","E","R","E","T","E","?","R","M","?","R","BOSS","BOSS","R","$","E","BOSS"],"items_purchased_type":["Relic","Relic","Potion","Potion","Relic","Potion","Relic","Relic","Relic","Relic","Relic","Relic","Card","Relic","Card","Potion","Relic","Relic","Potion","Potion","Relic","Relic","Relic","Card","Potion","Relic","Relic","Relic","Relic","Relic","Potion","Potion","Potion","Potion","Card"],"build_version":"2020-12-22","purchased_purges":11,"victory":false,"max_hp_per_floor":[68,68,75,75,77,77,77,87,87,90,90,90,90,93,93,96,96,100,108,114,115,115,120,120,133,133,133,144,155,164,164,164,176,157,168,168,174,188,188,199,199,208,208,220,220,220,232,232,232,241,250,250,250,255,276,279,279],"card_choices":[{"not_picked":[],"picked":"ChaosCard","floor":0.0},{"not_picked":["testmod-SunMoon","testmod-ShutDown"],"picked":"REME_HeartOfCthun","floor":0.0},{"not_picked":["Power Through","Spot Weakness"],"picked":"REME_Scribble","floor":1.0},{"not_picked":["Disarm","Wild Strike","Clothesline","Anger"],"picked":"Bludgeon","floor":5.0},{"not_picked":["AT_BodySlamDance","Anger","Wild Strike","Iron Wave"],"picked":"Heavy Blade","floor":10.0},{"not_picked":["AT_GerminateFire","AT_IchimonjiDouble","Disarm","Havoc"],"picked":"Reaper","floor":11.0},{"not_picked":["FollowUp","Feel No Pain","Outmaneuver","AT_ThistleTea"],"picked":"Skim","floor":14.0},{"not_picked":["AT_MachinaRedman","testmod-Reproduce","SpiritShield","MostiFishMod:SeaWaves"],"picked":"DevaForm","floor":16.0},{"not_picked":["Go for the Eyes","Protect","AT_WindFlip","Reinforced Body"],"picked":"EmptyFist","floor":18.0},{"not_picked":["Acrobatics","Mind Blast","Deadly Poison","Headbutt","Sunder"],"picked":"Singing Bowl","floor":19.0},{"not_picked":["Sucker Punch","MostiFishMod:StarLaLaLa","AT_IchimonjiDouble","testmod-Automaton"],"picked":"Warcry+1","floor":19.0},{"not_picked":["Prostrate","Genetic Algorithm","testmod-SubstituteBySubterfuge+1","Sword Boomerang","Deadly Poison"],"picked":"Singing Bowl","floor":19.0},{"not_picked":["Clash","ThirdEye","Rupture","Worship","Streamline"],"picked":"Singing Bowl","floor":19.0},{"not_picked":["Violence","Double Energy","Clash","White Noise","Slice"],"picked":"Singing Bowl","floor":19.0},{"not_picked":["Flechettes","Caltrops","Steam","Dagger Spray","Poisoned Stab+1"],"picked":"Singing Bowl","floor":20.0},{"not_picked":["PathToVictory","Warcry","CutThroughFate","Backflip+1"],"picked":"MostiFishMod:Overload","floor":21.0},{"not_picked":["AT_LightSaberMaster","Deflect","BootSequence","Deep Breath"],"picked":"Burst","floor":23.0},{"not_picked":["Hologram","Consecrate","Halt","JustLucky","Heavy Blade"],"picked":"Singing Bowl","floor":25.0},{"not_picked":["FlyingSleeves+1","MostiFishMod:PerfectParry","Pommel Strike","Havoc","True Grit"],"picked":"Singing Bowl","floor":28.0},{"not_picked":["Pommel Strike","Eviscerate","Ghostly Armor","Protect+1","Dual Wield"],"picked":"Singing Bowl","floor":29.0},{"not_picked":["Compile Driver+1","Turbo","Skim","Glass Knife"],"picked":"MentalFortress+1","floor":30.0},{"not_picked":["Grand Finale","MostiFishMod:StarWish","Malaise","Demon Form"],"picked":"Phantasmal Killer","floor":33.0},{"not_picked":["Compile Driver+1","Beam Cell","Mind Blast","True Grit","Protect"],"picked":"Singing Bowl","floor":35.0},{"not_picked":["Hologram","Trip","CarveReality","testmod-ChaoticCore"],"picked":"InnerPeace","floor":37.0},{"not_picked":["REME_Cut+1","MostiFishMod:FrostNova","Stack","ThirdEye","WreathOfFlame"],"picked":"Singing Bowl","floor":38.0},{"not_picked":["Backflip","testmod-ComboMaster","Power Through","Thunderclap","Cold Snap"],"picked":"Singing Bowl","floor":40.0},{"not_picked":["Crescendo","Dagger Spray","Steam","Flex"],"picked":"MostiFishMod:FullyArmed","floor":42.0},{"not_picked":["Pommel Strike","Steam","MostiFishMod:LegendTransform+1","Stack"],"picked":"Blade Dance+1","floor":44.0},{"not_picked":["MostiFishMod:Nova","Dagger Throw+1","Deflect","Clothesline"],"picked":"Burning Pact","floor":47.0},{"not_picked":["Buffer","BootSequence","Streamline","Clothesline","Alpha"],"picked":"Singing Bowl","floor":55.0}],"player_experience":835471,"relics_obtained":[{"floor":1.0,"key":"SynthV:TestCard"},{"floor":9.0,"key":"AT_BladeRuinedKing"},{"floor":9.0,"key":"Champion Belt"},{"floor":11.0,"key":"YumHeart"},{"floor":23.0,"key":"AT_ChloranthyRing"},{"floor":25.0,"key":"Ancient Tea Set"},{"floor":26.0,"key":"Anchor"},{"floor":29.0,"key":"Red Mask"},{"floor":30.0,"key":"UnicornStump"},{"floor":31.0,"key":"reliquary:BoilingFlask"},{"floor":40.0,"key":"Smiling Mask"},{"floor":42.0,"key":"testmod-Fortitude"},{"floor":43.0,"key":"Ornamental Fan"},{"floor":44.0,"key":"AT_BellDemon"},{"floor":47.0,"key":"Orichalcum"},{"floor":55.0,"key":"Pear"},{"floor":55.0,"key":"SalivaCoin"}],"event_choices":[{"damage_healed":0.0,"max_hp_gain":0.0,"max_hp_loss":0.0,"gold_gain":0.0,"event_name":"Liars Game","player_choice":"Ignored","floor":2.0,"gold_loss":0.0,"damage_taken":0.0},{"damage_healed":0.0,"max_hp_gain":0.0,"max_hp_loss":0.0,"gold_gain":0.0,"event_name":"Wheel of Change","player_choice":"Cursed","floor":4.0,"gold_loss":0.0,"damage_taken":0.0,"cards_obtained":["Decay"]},{"cards_removed":["Bludgeon"],"damage_healed":76.0,"max_hp_gain":10.0,"max_hp_loss":0.0,"gold_gain":0.0,"event_name":"Bonfire Elementals","player_choice":"Offered Rare","floor":8.0,"gold_loss":0.0,"damage_taken":0.0},{"damage_healed":0.0,"max_hp_gain":0.0,"max_hp_loss":0.0,"gold_gain":0.0,"event_name":"Masked Bandits","player_choice":"Fought Bandits","floor":29.0,"gold_loss":0.0,"damage_taken":0.0},{"cards_removed":["EmptyFist"],"damage_healed":0.0,"max_hp_gain":0.0,"max_hp_loss":0.0,"gold_gain":0.0,"event_name":"Falling","player_choice":"Removed Attack","floor":45.0,"gold_loss":0.0,"damage_taken":0.0},{"damage_healed":0.0,"max_hp_gain":0.0,"max_hp_loss":0.0,"gold_gain":400.0,"event_name":"¶÷ÂåË¹µÄÅÌ×Ó","player_choice":"Sell","floor":48.0,"relics_lost":["DaveBox"],"gold_loss":0.0,"damage_taken":0.0}],"is_beta":false,"boss_relics":[{"not_picked":["testmod-SaigiyounoYou","MoonlightInvasionPlan"],"picked":"testmod-NegativeEmotionEnhancer"},{"not_picked":[]},{"not_picked":["reliquary:Ember","REME_DemonsWealth"],"picked":"reliquary:WritOfMandamus"},{"not_picked":[]}],"items_purged_floors":[3,7,7,12,34,36,39,39,46,53,54],"is_endless":false,"potions_floor_spawned":[5,11,14,18,21,29,33,35,38,47,55],"killed_by":"Delirium","ascension_level":20}}