{"host":"tbhNathan","time":1612393743,"event":{"mods":["AchievementEnabler","BaseMod","Better Third Choice","Googly Eyes","Highlight Path","Minty Spire (QoL Compilation)","StSLib","The Disciple","The Hierophant","The Mystic"],"gold_per_floor":[114,129,149,149,164,194,194,206,206,181,199,199,43,43,43,43,43],"floor_reached":16,"language":"ENG","playtime":1149,"items_purged":[],"score":102,"play_id":"96cb2110-7fd7-47af-aaf1-df9a133dc62c","local_time":"20210203230903","is_ascension_mode":false,"campfire_choices":[{"floor":7,"key":"REST"},{"data":"Indignation","floor":12,"key":"SMITH"},{"data":"DevaForm","floor":15,"key":"SMITH"}],"circlet_count":0,"master_deck":["Strike_P","Strike_P","Strike_P","Strike_P","Defend_P","Defend_P","Defend_P","Eruption","Vigilance","Prostrate","Pray","Evaluate","Prostrate","EmptyFist","Indignation+1","SashWhip","DevaForm+1","Regret"],"relics":["PureWater","Juzu Bracelet","Bottled Lightning","Molten Egg 2"],"acts_visited":["Exordium"],"potions_floor_usage":[5,6,16],"damage_taken":[{"damage":3.0,"enemies":"2 Louse","floor":1.0,"turns":4.0},{"damage":0,"enemies":"Cultist","floor":2,"turns":2},{"damage":0,"enemies":"Jaw Worm","floor":3,"turns":4},{"damage":25,"enemies":"Large Slime","floor":5,"turns":6},{"damage":9,"enemies":"Lagavulin","floor":6,"turns":5},{"damage":0,"enemies":"3 Louse","floor":8,"turns":5},{"damage":6,"enemies":"Looter","floor":11,"turns":2},{"damage":62,"enemies":"Hexaghost","floor":16,"turns":8}],"seed_played":"628857343585486443","potions_obtained":[{"floor":2,"key":"Energy Potion"},{"floor":3,"key":"LiquidBronze"},{"floor":6,"key":"Weak Potion"}],"is_trial":false,"path_per_floor":["M","M","M","?","M","E","R","M","T","?","M","R","$","?","R","B"],"character_chosen":"WATCHER","items_purchased":["DevaForm"],"campfire_rested":1,"item_purchase_floors":[13],"current_hp_per_floor":[76,76,76,76,51,42,65,65,65,65,59,59,59,59,59,0,0],"gold":43,"neow_bonus":"TEN_PERCENT_HP_BONUS","is_daily":false,"chose_seed":false,"campfire_upgraded":2,"win_rate":0.0,"timestamp":1612393743,"path_taken":["M","M","M","?","M","E","R","M","T","?","M","R","$","?","R","BOSS"],"items_purchased_type":["Card"],"build_version":"2020-12-18","purchased_purges":0,"victory":false,"max_hp_per_floor":[79,79,79,79,79,79,79,79,79,79,79,79,79,79,79,79,79],"card_choices":[{"not_picked":["FlyingSleeves","TalkToTheHand"],"picked":"Prostrate","floor":1.0},{"not_picked":["SandsOfTime","PathToVictory"],"picked":"Pray","floor":2},{"not_picked":["Crescendo","BattleHymn"],"picked":"Evaluate","floor":3},{"not_picked":["CrushJoints","EmptyMind"],"picked":"Prostrate","floor":5},{"not_picked":["PathToVictory","BowlingBash"],"picked":"EmptyFist","floor":6},{"not_picked":["Weave","Wireheading"],"picked":"Indignation","floor":8},{"not_picked":["Wish","Evaluate"],"picked":"SashWhip","floor":11}],"player_experience":202267,"relics_obtained":[{"floor":6,"key":"Juzu Bracelet"},{"floor":9,"key":"Bottled Lightning"}],"event_choices":[{"cards_removed":["Defend_P"],"damage_healed":0,"gold_gain":0,"player_choice":"Purged","damage_taken":0,"max_hp_gain":0,"max_hp_loss":0,"event_name":"Purifier","floor":4,"gold_loss":0},{"damage_healed":0,"gold_gain":0,"player_choice":"Left","damage_taken":0,"max_hp_gain":0,"max_hp_loss":0,"event_name":"betterThird:BetterGoop","floor":10,"gold_loss":25},{"damage_healed":0,"gold_gain":0,"player_choice":"Box","damage_taken":0,"relics_obtained":["Molten Egg 2"],"max_hp_gain":0,"max_hp_loss":0,"event_name":"Big Fish","floor":14,"gold_loss":0,"cards_obtained":["Regret"]}],"is_beta":true,"boss_relics":[],"items_purged_floors":[],"is_endless":false,"potions_floor_spawned":[2,3,6],"killed_by":"Hexaghost","ascension_level":0}}