{"host":"y087t2reloz9bi43","time":1612372513,"event":{"mods":["2.2 Compatiblity","AchievementEnabler","Aspiration","BaseMod","Beaked The Cultist","Bestiary","Better Note","Better Vampires","BetterRewards","ChefMod","Clockwork Mod","Colored Map","Colored Powertips","Conspire","Downfall","Ekko","Fireblade Mod","Friendly Minions","GifTheSpireLib","Gold Saver","Gremlin Mod","Halation","Hermit","Hubris","Infinite Spire","Jedi Mod","JesterMod","Jorbs\u0027s Wanderer Trilogy","Mad Scientist","Marisa????????","Mimic Mod","Minty Spire (QoL Compilation)","Permanent Neow","Potionbrewer","Rare Cards Sparkle","Relic Stats","Reliquary","Replay The Spire","Robot Space Explorer","Shade Mod","Shop Mod","StSLib","The Alterego","The Blackbeard","The Bug Knight","The Construct","The Cursed","The Disciple","The Dragon Tamer","The Elementalist","The Exalted","The Hierophant","The Jungle","The Marked","The Mystic","The Necromancer","The Runesmith","The Senshi","The Servant 0.9.4","TheBandit","TheFirefly","TheHero","TheVacant","Transform Curses","Uncapped","everything is the same but u backflip on backflip","thorton"],"gold_per_floor":[212,252,267,267,267,267,279,279,305,305,305,305,48,63,88,103,103,205,205,219,219,219,232,244,244,278,297,297,312,345,361,361,392,392,488,488,505,523,523,535,535,535,535,535,560,560,560,573,591,264,264,264,264],"floor_reached":52,"language":"ENG","playtime":4906,"items_purged":["Strike_G"],"score":597,"play_id":"17698a45-3831-458c-9c04-2e62c7c9863d","local_time":"20210203171513","is_ascension_mode":false,"campfire_choices":[{"data":"Neutralize","floor":8,"key":"SMITH"},{"data":"Cloak And Dagger","floor":12,"key":"SMITH"},{"data":"Accuracy","floor":17,"key":"SMITH"},{"data":"Mayhem","floor":25,"key":"SMITH"},{"data":"Accuracy","floor":32,"key":"SMITH"},{"data":"Cloak And Dagger","floor":34,"key":"SMITH"},{"data":"Storm of Steel","floor":42,"key":"SMITH"},{"floor":44,"key":"RECALL"},{"data":"Blade Dance","floor":47,"key":"SMITH"},{"data":"Blade Dance","floor":51,"key":"SMITH"}],"circlet_count":0,"master_deck":["Strike_G","Strike_G","Strike_G","Strike_G","Defend_G","Defend_G","Defend_G","Defend_G","Defend_G","Survivor","Cloak And Dagger+1","Blade Dance+1","hubris:EnhanceAbility+1","Backflip","Slice+1","Accuracy+1","Mayhem+1","Cloak And Dagger+1","Night Terror+1","Night Terror+1","Accuracy+1","Accuracy+1","Storm of Steel+1","Blade Dance+1"],"relics":["Ring of the Snake","reliquary:PrincelyHelmet","aspiration:TomeofQuesting","reliquary:Sideboard","reliquary:PartyBalloon","jedi:paperlyon","jedi:ghostblades","aspiration:RitualDagger","Replay:Bottled Eggs","potionbrewer:RamsHorn","potionbrewer:BottledElixir","thethorton:CrushedCigarette","halation:PapillonHeart","halation:PinkSoulGem","infinitespire:PuzzleCube","aspiration:Nostalgia","elementalistmod:GreenCirclet"],"acts_visited":["Exordium","TheCity","TheBeyond"],"potions_floor_usage":[18,18,33,35,52,52],"damage_taken":[{"damage":0,"enemies":"2 Louse","floor":1,"turns":4},{"damage":7,"enemies":"conspire:MimicChest","floor":2,"turns":9},{"damage":1,"enemies":"Cultist","floor":3,"turns":4},{"damage":0,"enemies":"Small Slimes","floor":7,"turns":3},{"damage":0,"enemies":"HollowMod:MossKnight","floor":9,"turns":13},{"damage":1,"enemies":"Exordium Thugs","floor":14,"turns":3},{"damage":0,"enemies":"Lagavulin","floor":15,"turns":4},{"damage":0,"enemies":"Looter","floor":16,"turns":2},{"damage":17,"enemies":"The Guardian","floor":18,"turns":8},{"damage":13,"enemies":"conspire:FuzzyDice","floor":20,"turns":6},{"damage":6,"enemies":"Spheric Guardian","floor":23,"turns":2},{"damage":18,"enemies":"Snake Plant","floor":24,"turns":3},{"damage":21,"enemies":"Gremlin Leader","floor":26,"turns":7},{"damage":22,"enemies":"conspire:HollyBat","floor":27,"turns":5},{"damage":15,"enemies":"Shelled Parasite and Fungi","floor":29,"turns":5},{"damage":21,"enemies":"Replay:Snechameleon","floor":30,"turns":4},{"damage":6,"enemies":"Centurion and Healer","floor":31,"turns":4},{"damage":10,"enemies":"Book of Stabbing","floor":33,"turns":4},{"damage":60,"enemies":"Collector","floor":35,"turns":8},{"damage":3,"enemies":"3 Shapes","floor":37,"turns":5},{"damage":16,"enemies":"Orb Walker","floor":38,"turns":3},{"damage":16,"enemies":"Maw","floor":40,"turns":7},{"damage":3,"enemies":"Sphere and 2 Shapes","floor":48,"turns":2},{"damage":6,"enemies":"3 Darklings","floor":49,"turns":3},{"damage":72,"enemies":"conspire:OrnateMirror","floor":52,"turns":3}],"seed_played":"3494768691038073385","potions_obtained":[{"floor":1,"key":"PowerPotion"},{"floor":2,"key":"Elixir"},{"floor":9,"key":"Swift Potion"},{"floor":20,"key":"Adrenaline Potion"},{"floor":27,"key":"Adrenaline Potion"},{"floor":33,"key":"potionbrewer:BoundlessPotion"},{"floor":35,"key":"Toxic Potion"},{"floor":38,"key":"jedi:StrikingPotion"},{"floor":48,"key":"Weak Potion"}],"is_trial":false,"path_per_floor":["M","?","M","PTL","PTL","?","M","R","E","?","T","R","$","M","E","M","R","B",null,"M","?","AVR","M","M","R","E","M","T","M","E","M","R","E","R","B",null,"M","M","?","M","?","R","?","R","T","?","R","M","M","$","R","B"],"character_chosen":"THE_SILENT","items_purchased":["Accuracy","Mayhem","aspiration:Nostalgia"],"campfire_rested":0,"item_purchase_floors":[13,13,50],"current_hp_per_floor":[70,63,62,62,62,62,62,62,62,62,62,62,62,61,61,61,61,44,70,57,57,57,51,33,33,12,70,70,66,60,70,70,70,70,54,70,70,68,66,60,60,60,60,60,60,60,60,63,63,63,63,0,0],"gold":264,"neow_bonus":"HUNDRED_GOLD","is_daily":false,"chose_seed":false,"campfire_upgraded":9,"win_rate":0.0,"timestamp":1612372513,"path_taken":["M","?","?","PTL","PTL","?","?","R","E","?","T","R","$","M","E","M","R","BOSS","M","?","AVR","M","M","R","E","?","T","M","E","M","R","E","R","BOSS","M","M","?","M","?","R","?","R","T","?","R","M","?","$","R","BOSS"],"items_purchased_type":["Card","Card","Relic"],"build_version":"2020-12-22","purchased_purges":1,"victory":false,"max_hp_per_floor":[70,70,70,70,70,70,70,70,70,70,70,70,70,70,70,70,70,70,70,70,70,70,70,70,70,70,70,70,70,70,70,70,70,70,70,70,70,70,66,66,63,63,63,63,63,63,63,63,63,63,63,63,63],"relic_stats":{"counters":[25,121],"obtain_stats":[{"jedi:command_uncommon":21,"jedi:ghostblades":21,"halation:PapillonHeart":41,"reliquary:PrincelyHelmet":2,"reliquary:Sideboard":11,"reliquary:PartyBalloon":15,"aspiration:Nostalgia":50,"aspiration:TomeofQuesting":9,"potionbrewer:RamsHorn":30,"jedi:paperlyon":19,"elementalistmod:GreenCirclet":52,"aspiration:RitualDagger":22,"potionbrewer:BottledElixir":33,"thethorton:CrushedCigarette":36,"Replay:Bottled Eggs":26,"halation:PinkSoulGem":43,"infinitespire:PuzzleCube":45,"elementalistmod:GraduationLetter":50,"Ring of the Snake":0},{"jedi:command_uncommon":10,"jedi:ghostblades":10,"halation:PapillonHeart":22,"reliquary:PrincelyHelmet":2,"reliquary:Sideboard":5,"reliquary:PartyBalloon":7,"aspiration:Nostalgia":24,"aspiration:TomeofQuesting":5,"potionbrewer:RamsHorn":16,"jedi:paperlyon":9,"elementalistmod:GreenCirclet":25,"aspiration:RitualDagger":10,"potionbrewer:BottledElixir":18,"thethorton:CrushedCigarette":19,"Replay:Bottled Eggs":13,"halation:PinkSoulGem":22,"infinitespire:PuzzleCube":22,"elementalistmod:GraduationLetter":24,"Ring of the Snake":0},{"jedi:command_uncommon":56,"jedi:ghostblades":56,"halation:PapillonHeart":113,"reliquary:PrincelyHelmet":13,"reliquary:Sideboard":33,"reliquary:PartyBalloon":40,"aspiration:Nostalgia":118,"aspiration:TomeofQuesting":33,"potionbrewer:RamsHorn":82,"jedi:paperlyon":50,"elementalistmod:GreenCirclet":119,"aspiration:RitualDagger":56,"potionbrewer:BottledElixir":90,"thethorton:CrushedCigarette":98,"Replay:Bottled Eggs":68,"halation:PinkSoulGem":113,"infinitespire:PuzzleCube":113,"elementalistmod:GraduationLetter":118,"Ring of the Snake":0}],"Ring of the Snake":[50]},"card_choices":[{"not_picked":["Hidden Blade","Choke"],"picked":"Cloak And Dagger","floor":1},{"not_picked":["Deflect","Flying Knee"],"picked":"Blade Dance","floor":2},{"not_picked":["Poisoned Stab","Sucker Punch","Slice"],"picked":"SKIP","floor":3},{"not_picked":["Atom Bomb","Flying Knee"],"picked":"Backflip","floor":7},{"not_picked":["hubris:SlightOfHand","Escape Plan","Bouncing Flask"],"picked":"SKIP","floor":9},{"not_picked":["Poisoned Stab","Underhanded Strike"],"picked":"ReplayTheSpireMod:Tripwire","floor":14},{"not_picked":["jedi:collectorvenom","Envenom"],"picked":"Die Die Die","floor":15},{"not_picked":["Outmaneuver","Bane"],"picked":"Cloak And Dagger","floor":16},{"not_picked":["Corpse Explosion","Envenom"],"picked":"Night Terror","floor":18},{"not_picked":["Poisoned Stab","Bouncing Flask+1"],"picked":"hubris:SlightOfHand","floor":20},{"not_picked":["Bane+1","Escape Plan+1"],"picked":"Quick Slash","floor":23},{"not_picked":["Backflip","Underhanded Strike"],"picked":"Finisher+1","floor":24},{"not_picked":["Deflect+1","ReplayTheSpireMod:Exploit Weakness"],"picked":"Night Terror","floor":26},{"not_picked":["Outmaneuver","Dagger Spray+1"],"picked":"Accuracy+1","floor":27},{"not_picked":["Eviscerate+1","ReplayTheSpireMod:Speed Training","Sucker Punch"],"picked":"SKIP","floor":29},{"not_picked":["Slice","Wraith Form v2"],"picked":"Accuracy","floor":30},{"not_picked":["jedi:unstablefumes","Slice"],"picked":"Acrobatics","floor":31},{"not_picked":["hubris:Counter","jedi:unstablefumes"],"picked":"Deflect+1","floor":33},{"not_picked":["After Image","Replay:Bag of Tricks"],"picked":"Storm of Steel","floor":35},{"not_picked":["Dagger Spray+1","Bane+1"],"picked":"Hidden Blade","floor":37},{"not_picked":["Eviscerate","Deflect+1"],"picked":"Tactician+1","floor":38},{"not_picked":["Reflex+1","Slice"],"picked":"Blade Dance","floor":40},{"not_picked":["Dagger Spray","Deadly Poison+1"],"picked":"Fluid Movement","floor":48},{"not_picked":["Poisoned Stab+1","Prepared"],"picked":"PiercingWail+1","floor":49}],"player_experience":466212,"relics_obtained":[{"floor":2,"key":"reliquary:PrincelyHelmet"},{"floor":9,"key":"aspiration:TomeofQuesting"},{"floor":11,"key":"reliquary:Sideboard"},{"floor":15,"key":"reliquary:PartyBalloon"},{"floor":26,"key":"Replay:Bottled Eggs"},{"floor":30,"key":"potionbrewer:RamsHorn"},{"floor":33,"key":"potionbrewer:BottledElixir"},{"floor":45,"key":"infinitespire:PuzzleCube"}],"event_choices":[{"cards_removed":["Neutralize"],"damage_healed":0,"gold_gain":0,"player_choice":"Take \u0026 Give","damage_taken":0,"max_hp_gain":0,"max_hp_loss":0,"event_name":"betterNote:BetterNote","floor":6,"gold_loss":0,"cards_obtained":["hubris:EnhanceAbility"]},{"damage_healed":0,"gold_gain":0,"player_choice":"Max HP","damage_taken":0,"max_hp_gain":0,"max_hp_loss":4,"event_name":"Winding Halls","floor":39,"gold_loss":0}],"is_beta":false,"boss_relics":[{"not_picked":["halation:Yufonium","Replay:Wanted Poster"],"picked":"jedi:paperlyon"},{"not_picked":["halation:PlatinumPhoenix","ReplayTheSpireMod:SealedPack"],"picked":"thethorton:CrushedCigarette"}],"items_purged_floors":[50],"is_endless":false,"potions_floor_spawned":[1,2,9,16,20,27,31,33,35,38,48,49],"killed_by":"conspire:OrnateMirror","ascension_level":0}}