{"host":"74dg6ta44i9qan6e","time":1612369949,"event":{"mods":["Act Like it!","BaseMod","Downfall","Hubris","Infinite Spire","Minty Spire (QoL Compilation)","Replay The Spire","StSLib","Waifu the Spire"],"gold_per_floor":[99,118,118,118,118,118,118,18,47,59,73,115,25,43,63,63,63,63],"floor_reached":16,"language":"ENG","playtime":625,"items_purged":["Spreading Infection"],"score":100,"play_id":"dab6db25-b4f4-4fd7-8707-6a5e9c48a70b","local_time":"20210203113229","is_ascension_mode":false,"campfire_choices":[{"data":"Spreading Infection","floor":1,"key":"PURGE"},{"floor":6,"key":"RECALL"},{"data":"bronze:Replicate","floor":8,"key":"SMITH"}],"circlet_count":0,"master_deck":["bronze:Defend","bronze:Defend","bronze:Replicate+1","bronze:Goto+1","bronze:BugBarrage","bronze:WhirlingStrike","bronze:CutThrough","bronze:DelayedSlice","bronze:BitShift","bronze:Optimize","bronze:Branch","bronze:Branch"],"relics":["Kintsugi","hubris:Icosahedron","downfall:HeartBlessingBlue","Nunchaku"],"acts_visited":["Exordium"],"potions_floor_usage":[13,16,16],"damage_taken":[{"damage":4,"enemies":"2 Louse","floor":2,"turns":3},{"damage":17,"enemies":"3 Sentries","floor":9,"turns":8},{"damage":11,"enemies":"Jaw Worm","floor":10,"turns":3},{"damage":0,"enemies":"Small Slimes","floor":11,"turns":2},{"damage":10,"enemies":"downfall:FleeingMerchant","floor":13,"turns":4},{"damage":0,"enemies":"Large Slime","floor":14,"turns":2},{"damage":13,"enemies":"Red Slaver","floor":15,"turns":2},{"damage":29,"enemies":"IC_STATUS_ARCHETYPE","floor":16,"turns":6}],"seed_played":"1419297391714651207","potions_obtained":[{"floor":11,"key":"Reflective Coating"},{"floor":12,"key":"PowerPotion"},{"floor":12,"key":"EssenceOfSteel"},{"floor":14,"key":"bronze:FreeFunctionsPotion"}],"is_trial":false,"path_per_floor":["R","M","?","?","?","R","T","R","E","M","M","?","$","M","M","B"],"character_chosen":"THE_AUTOMATON","items_purchased":[],"campfire_rested":0,"item_purchase_floors":[],"current_hp_per_floor":[70,66,66,66,66,66,66,76,59,48,48,48,38,38,25,0,0,0],"gold":63,"neow_bonus":"BOSS_RELIC","is_daily":false,"chose_seed":false,"campfire_upgraded":1,"win_rate":0.0,"timestamp":1612369949,"path_taken":["R","M","?","?","?","R","T","R","E","M","M","?","?","M","M","BOSS"],"items_purchased_type":[],"build_version":"2020-12-22","purchased_purges":1,"victory":false,"max_hp_per_floor":[70,70,70,70,70,70,70,80,80,80,80,80,80,80,80,80,80,80],"card_choices":[{"not_picked":["bronze:OilSpill","bronze:MaxOutput"],"picked":"bronze:BugBarrage","floor":2},{"not_picked":["bronze:Safeguard","bronze:Fortify"],"picked":"bronze:WhirlingStrike","floor":9},{"not_picked":["bronze:ClassDefault","bronze:Safeguard"],"picked":"bronze:CutThrough","floor":10},{"not_picked":["bronze:FindAndReplace","bronze:Overload"],"picked":"bronze:DelayedSlice","floor":11},{"not_picked":["bronze:OilSpill","bronze:Fortify"],"picked":"bronze:BitShift","floor":12},{"not_picked":["bronze:BitShift","bronze:Frontload"],"picked":"bronze:Optimize","floor":13},{"not_picked":["bronze:Iterate","bronze:DigitalCarnage"],"picked":"bronze:Branch","floor":14},{"not_picked":["bronze:DarkDash","bronze:HyperBeam"],"picked":"bronze:Branch","floor":15}],"player_experience":549631,"relics_obtained":[{"floor":9,"key":"Nunchaku"}],"event_choices":[],"is_beta":false,"boss_relics":[],"items_purged_floors":[13],"is_endless":false,"potions_floor_spawned":[11,14],"killed_by":"IC_STATUS_ARCHETYPE","ascension_level":0}}