{"host":"5w7hw1ne5h7avrl9","time":1612333962,"event":{"mods":["AchievementEnabler","BaseMod","Colored Map","Colored Powertips","Displayed Cursed Tome","Googly Eyes","Minty Spire (QoL Compilation)","SuperFastMode"],"gold_per_floor":[119,119,48,63,63,63,14,30,30,73,73,99,124,144,144,272,272,286,286,58,72,22,22,22,22,49,49,65,89,89,14,14,14,14],"floor_reached":33,"language":"ENG","playtime":1867,"items_purged":["Blasphemy"],"score":255,"play_id":"939b6bdc-fbc1-458c-b26a-8110f9f62845","local_time":"20210202223242","is_ascension_mode":true,"campfire_choices":[{"data":"Fasting2","floor":6,"key":"SMITH"},{"data":"Fasting2","floor":11,"key":"SMITH"},{"data":"DeusExMachina","floor":15,"key":"SMITH"},{"data":"DevaForm","floor":23,"key":"SMITH"},{"data":"Judgement","floor":25,"key":"SMITH"},{"data":"Nirvana","floor":27,"key":"SMITH"},{"data":"Vault","floor":32,"key":"SMITH"}],"circlet_count":0,"master_deck":["Eruption+1","Vigilance","FearNoEvil","SignatureMove","Fasting2+1","CarveReality","Fasting2+1","DeusExMachina+1","JustLucky","DevaForm+1","Sanctity","Study","FearNoEvil","Indignation","WindmillStrike","MentalFortress","EmptyBody","Judgement+1","Nirvana+1","ThirdEye","Vault+1","WaveOfTheHand+1"],"relics":["PureWater","Golden Idol","Darkstone Periapt","Eternal Feather","Bronze Scales","Nloth\u0027s Gift","Potion Belt","Enchiridion"],"acts_visited":["Exordium","TheCity"],"potions_floor_usage":[10,14,14,16,29,29,33],"damage_taken":[{"damage":9,"enemies":"Small Slimes","floor":1,"turns":3},{"damage":0,"enemies":"Cultist","floor":4,"turns":2},{"damage":4,"enemies":"2 Louse","floor":8,"turns":2},{"damage":9,"enemies":"3 Sentries","floor":10,"turns":7},{"damage":8,"enemies":"Blue Slaver","floor":13,"turns":3},{"damage":0,"enemies":"Exordium Thugs","floor":14,"turns":1},{"damage":44,"enemies":"Slime Boss","floor":16,"turns":10},{"damage":16,"enemies":"3 Byrds","floor":18,"turns":4},{"damage":5,"enemies":"Spheric Guardian","floor":21,"turns":4},{"damage":23,"enemies":"Snake Plant","floor":28,"turns":4},{"damage":20,"enemies":"Shelled Parasite and Fungi","floor":29,"turns":6},{"damage":54,"enemies":"Collector","floor":33,"turns":6}],"seed_played":"5740340470216556305","potions_obtained":[{"floor":4,"key":"SteroidPotion"},{"floor":8,"key":"SteroidPotion"},{"floor":14,"key":"Block Potion"},{"floor":18,"key":"Dexterity Potion"},{"floor":28,"key":"Regen Potion"},{"floor":29,"key":"CultistPotion"}],"is_trial":false,"path_per_floor":["M","?","$","M","?","R","$","M","T","E","R","T","M","M","R","B",null,"M","?","$","M","$","R","$","R","T","R","M","M","?","?","R","B"],"character_chosen":"WATCHER","items_purchased":["SignatureMove","Block Potion","Judgement","ThirdEye"],"campfire_rested":0,"item_purchase_floors":[3,7,20,22],"current_hp_per_floor":[70,70,70,70,51,51,51,47,47,38,47,47,39,39,48,4,79,63,63,63,58,58,70,70,79,79,79,56,50,34,34,46,0,0],"gold":14,"neow_bonus":"TEN_PERCENT_HP_BONUS","is_daily":false,"chose_seed":false,"campfire_upgraded":7,"win_rate":0.0,"timestamp":1612333962,"path_taken":["M","?","?","M","?","R","$","M","T","E","R","?","?","M","R","BOSS","M","?","$","M","$","R","?","R","T","R","M","M","?","?","R","BOSS"],"items_purchased_type":["Card","Potion","Card","Card"],"build_version":"2020-12-22","purchased_purges":1,"victory":false,"max_hp_per_floor":[79,79,79,79,79,79,79,79,79,79,79,79,79,79,79,79,79,79,79,79,79,79,79,79,79,79,79,79,79,79,79,79,79,79],"card_choices":[{"not_picked":["Halt","Crescendo"],"picked":"FearNoEvil","floor":1},{"not_picked":["Swivel","Consecrate"],"picked":"Fasting2","floor":4},{"not_picked":["JustLucky","Fasting2"],"picked":"CarveReality","floor":8},{"not_picked":["PathToVictory","BowlingBash"],"picked":"Fasting2","floor":10},{"not_picked":["EmptyFist","Nirvana"],"picked":"DeusExMachina","floor":13},{"not_picked":["CrushJoints","Fasting2"],"picked":"JustLucky","floor":14},{"not_picked":["Scrawl","Vault"],"picked":"DevaForm","floor":16},{"not_picked":["Prostrate","Protect"],"picked":"EmptyBody","floor":18},{"not_picked":["Prostrate","CrushJoints"],"picked":"Nirvana","floor":21},{"not_picked":["SignatureMove","Perseverance"],"picked":"Vault","floor":28},{"not_picked":["SignatureMove","FlyingSleeves"],"picked":"WaveOfTheHand+1","floor":29}],"player_experience":164836,"relics_obtained":[{"floor":9,"key":"Darkstone Periapt"},{"floor":10,"key":"Eternal Feather"},{"floor":12,"key":"Bronze Scales"},{"floor":26,"key":"Potion Belt"}],"event_choices":[{"damage_healed":0,"gold_gain":0,"player_choice":"Upgraded","damage_taken":0,"max_hp_gain":0,"max_hp_loss":0,"event_name":"Upgrade Shrine","floor":2,"gold_loss":0,"cards_upgraded":["Eruption"]},{"damage_healed":0,"gold_gain":0,"player_choice":"Take Damage","damage_taken":19,"relics_obtained":["Golden Idol"],"max_hp_gain":0,"max_hp_loss":0,"event_name":"Golden Idol","floor":5,"gold_loss":0},{"damage_healed":0,"gold_gain":0,"player_choice":"Traded Relic","damage_taken":0,"relics_obtained":["Nloth\u0027s Gift"],"max_hp_gain":0,"max_hp_loss":0,"event_name":"N\u0027loth","floor":19,"relics_lost":["Pandora\u0027s Box"],"gold_loss":0},{"damage_healed":0,"gold_gain":0,"player_choice":"Obtained Book","damage_taken":16,"max_hp_gain":0,"max_hp_loss":0,"event_name":"Cursed Tome","floor":30,"gold_loss":0},{"cards_removed":["TalkToTheHand"],"damage_healed":0,"gold_gain":0,"player_choice":"Gave Gold","damage_taken":0,"max_hp_gain":0,"max_hp_loss":0,"event_name":"Beggar","floor":31,"gold_loss":75}],"is_beta":false,"boss_relics":[{"not_picked":["Astrolabe","VioletLotus"],"picked":"Pandora\u0027s Box"}],"items_purged_floors":[20],"is_endless":false,"potions_floor_spawned":[4,8,14,18,28,29],"killed_by":"Collector","ascension_level":1}}