{"host":"ek3xvuouaw6vk9if","time":1612329156,"event":{"mods":["BaseMod","BetterRewards","Curses Come First","Dark Map","Downfall","Minty Spire (QoL Compilation)","Permanent Neow","Quick Restart","Relic Stats","Replay The Spire","Spire Arcade","StSLib","The Marked"],"gold_per_floor":[110,120,319,394,410,410,426,426,426,426,191,210,225,238,238,357,357,370,394,394,415,431,431,431],"floor_reached":23,"language":"ENG","playtime":1043,"items_purged":["Injury"],"score":301,"play_id":"7bd0619e-bce3-4510-a9cf-8f2e63f4885f","local_time":"20210203001236","is_ascension_mode":true,"campfire_choices":[{"data":"theMarked:Determination","floor":6,"key":"SMITH"},{"data":"theMarked:SoldierOfQuellstein","floor":8,"key":"SMITH"},{"data":"theMarked:MysticalArsenal","floor":15,"key":"SMITH"}],"circlet_count":0,"master_deck":["theMarked:Strike+1","theMarked:Strike+1","theMarked:Strike","theMarked:Strike","theMarked:Strike","theMarked:Defend","theMarked:Defend","theMarked:Defend","theMarked:Defend","theMarked:SoldierOfQuellstein+1","theMarked:ShockingTouch","theMarked:ContemptForTheProud","theMarked:BanishingStrike","theMarked:PowerFlow","theMarked:Determination+1","theMarked:BanishingStrike","theMarked:MysticalArsenal+1","theMarked:BanishingWave","theMarked:ResourceFulStrike","theMarked:UnarmedFury","theMarked:TakeCover+1"],"relics":["theMarked:ArtifactOfAir","Membership Card","Shuriken","Gremlin Horn","Golden Idol","Whetstone","Busted Crown"],"acts_visited":["Exordium","TheCity"],"potions_floor_usage":[7,16,23],"damage_taken":[{"damage":0,"enemies":"2 Louse","floor":1,"turns":2},{"damage":0,"enemies":"Small Slimes","floor":2,"turns":2},{"damage":11,"enemies":"Jaw Worm","floor":5,"turns":2},{"damage":8,"enemies":"Exordium Thugs","floor":7,"turns":5},{"damage":7,"enemies":"Gremlin Gang","floor":12,"turns":2},{"damage":5,"enemies":"2 Fungi Beasts","floor":13,"turns":3},{"damage":0,"enemies":"3 Louse","floor":14,"turns":2},{"damage":13,"enemies":"Hexaghost","floor":16,"turns":8},{"damage":5,"enemies":"Chosen","floor":18,"turns":3},{"damage":12,"enemies":"Shell Parasite","floor":19,"turns":4},{"damage":5,"enemies":"Snecko","floor":21,"turns":4},{"damage":5,"enemies":"Cultist and Chosen","floor":22,"turns":4},{"damage":38,"enemies":"Replay:Snechameleon","floor":23,"turns":4}],"seed_played":"-5946350097716311390","potions_obtained":[{"floor":2,"key":"DuplicationPotion"},{"floor":5,"key":"Dexterity Potion"},{"floor":19,"key":"Reflective Coating"}],"is_trial":false,"path_per_floor":["M","M","?","?","M","R","M","R","T","?","$","M","M","M","R","B",null,"M","M","?","M","M","E"],"character_chosen":"THE_DEFAULT","items_purchased":["Membership Card","Shuriken","theMarked:ShockingTouch","Whetstone","theMarked:MysticalArsenal","BlessingOfTheForge","FearPotion","theMarked:BanishingWave"],"campfire_rested":0,"item_purchase_floors":[0,0,0,11,11,11,11,11],"current_hp_per_floor":[70,70,70,59,48,48,40,40,40,40,40,33,28,28,28,15,70,65,53,47,42,37,0,0],"gold":431,"neow_bonus":"","is_daily":false,"chose_seed":false,"campfire_upgraded":3,"win_rate":0.0,"timestamp":1612329156,"path_taken":["M","M","?","?","M","R","M","R","T","?","$","M","?","M","R","BOSS","M","?","?","M","?","E"],"items_purchased_type":["Relic","Relic","Card","Relic","Card","Potion","Potion","Card"],"build_version":"2020-12-22","purchased_purges":1,"victory":false,"max_hp_per_floor":[70,70,70,70,70,70,70,70,70,70,70,70,70,70,70,70,70,70,70,70,70,70,70,70],"relic_stats":{"Busted Crown":8,"Gremlin Horn":[7,7],"counters":[39,158],"Shuriken":[15],"Golden Idol":227,"Whetstone":["theMarked:Strike","theMarked:Strike"],"obtain_stats":[{"Gremlin Horn":9,"Golden Idol":10,"Blue Candle":6,"Mango":26,"Whetstone":11,"Sling":12,"Question Card":39,"ClockworkSouvenir":41,"Sozu":34,"theMarked:ArtifactOfAir":0,"CaptainsWheel":10,"Replay:Baseball":44,"Busted Crown":17,"Shuriken":0,"Bronze Scales":9,"MutagenicStrength":25,"Philosopher\u0027s Stone":17,"Garlic":13,"Durian":43,"Bag of Marbles":48,"Membership Card":0},{"Gremlin Horn":30,"Golden Idol":30,"Blue Candle":5,"Mango":15,"Whetstone":30,"Sling":8,"Question Card":22,"ClockworkSouvenir":22,"Sozu":20,"theMarked:ArtifactOfAir":0,"CaptainsWheel":8,"Replay:Baseball":23,"Busted Crown":34,"Shuriken":26,"Bronze Scales":7,"MutagenicStrength":15,"Philosopher\u0027s Stone":11,"Garlic":9,"Durian":22,"Bag of Marbles":25,"Membership Card":26},{"Gremlin Horn":124,"Golden Idol":124,"Blue Candle":17,"Mango":56,"Whetstone":124,"Sling":30,"Question Card":86,"ClockworkSouvenir":86,"Sozu":80,"theMarked:ArtifactOfAir":0,"CaptainsWheel":30,"Replay:Baseball":93,"Busted Crown":139,"Shuriken":113,"Bronze Scales":24,"MutagenicStrength":56,"Philosopher\u0027s Stone":42,"Garlic":33,"Durian":86,"Bag of Marbles":103,"Membership Card":113}]},"card_choices":[{"not_picked":["theMarked:MuscleMemory","theMarked:ElectricStrings"],"picked":"theMarked:ContemptForTheProud","floor":1},{"not_picked":["theMarked:SwordAndMagic","theMarked:Seal"],"picked":"theMarked:BanishingStrike","floor":2},{"not_picked":["theMarked:KeepCalmAndFight","theMarked:EmpowerWeapon"],"picked":"theMarked:PowerFlow","floor":3},{"not_picked":["theMarked:Parkour","theMarked:EmpowerWeapon"],"picked":"theMarked:Determination","floor":5},{"not_picked":["theMarked:TwofoldDefense","theMarked:WastefulAttack"],"picked":"theMarked:BanishingStrike","floor":7},{"not_picked":["theMarked:GodGivenPower","theMarked:Improvise","theMarked:SelfDefenseTraining"],"picked":"SKIP","floor":12},{"not_picked":["theMarked:EmpowerWeapon","theMarked:Indomitable","theMarked:TwofoldDefense"],"picked":"SKIP","floor":13},{"not_picked":["theMarked:Pokerface","theMarked:TwofoldDefense"],"picked":"theMarked:ResourceFulStrike","floor":14},{"not_picked":["theMarked:TurnInvisible","theMarked:Snap"],"picked":"theMarked:UnarmedFury","floor":16},{"not_picked":["theMarked:ElectricStrings"],"picked":"SKIP","floor":18},{"not_picked":[],"picked":"theMarked:TakeCover+1","floor":19},{"not_picked":["theMarked:ChainLightning"],"picked":"SKIP","floor":21},{"not_picked":["theMarked:TakeCover"],"picked":"SKIP","floor":22}],"player_experience":761346,"relics_obtained":[{"floor":9,"key":"Gremlin Horn"}],"event_choices":[{"damage_healed":0,"gold_gain":75,"player_choice":"Gather Gold","damage_taken":11,"max_hp_gain":0,"max_hp_loss":0,"event_name":"World of Goop","floor":4,"gold_loss":0},{"damage_healed":0,"gold_gain":0,"player_choice":"Take Wound","damage_taken":0,"relics_obtained":["Golden Idol"],"max_hp_gain":0,"max_hp_loss":0,"event_name":"Golden Idol","floor":10,"gold_loss":0,"cards_obtained":["Injury"]},{"damage_healed":0,"gold_gain":0,"player_choice":"","damage_taken":6,"max_hp_gain":0,"max_hp_loss":0,"event_name":"Knowing Skull","floor":20,"potions_obtained":[],"gold_loss":0,"cards_obtained":[]}],"is_beta":false,"boss_relics":[{"not_picked":["theMarked:SpiritSword","Empty Cage"],"picked":"Busted Crown"}],"items_purged_floors":[11],"is_endless":false,"potions_floor_spawned":[2,5,13,14,19,21],"killed_by":"Replay:Snechameleon","ascension_level":1}}