{"host":"7nm1ow5v9mg4ehcw","time":1612357531,"event":{"mods":["BaseMod","Minty Spire (QoL Compilation)","Relic Stats","StSLib"],"gold_per_floor":[118,88,106,120,49,83,8,59,59,94,111,111,145,163,163,235,235,246,246,65,77,2,2,2],"floor_reached":23,"language":"ENG","playtime":1075,"items_purged":["Strike_G","Decay"],"score":345,"play_id":"ecb2ea4d-2d02-42e8-beab-8c6063c6c21a","local_time":"20210203140531","is_ascension_mode":true,"campfire_choices":[{"floor":12,"key":"REST"},{"floor":15,"key":"REST"}],"circlet_count":0,"master_deck":["AscendersBane","Strike_G","Strike_G","Strike_G","Defend_G","Defend_G","Defend_G","Defend_G","Defend_G","Survivor","Neutralize","Backflip","Dagger Throw","Dagger Spray","Well Laid Plans","Poisoned Stab","Caltrops","Cloak And Dagger","Dodge and Roll","Caltrops","Corpse Explosion","Dash","Blur"],"relics":["SlaversCollar","Dream Catcher","Boot","Anchor","Pear","Orichalcum","Cursed Key"],"acts_visited":["Exordium","TheCity"],"potions_floor_usage":[6,10,16,23,23],"damage_taken":[{"damage":19,"enemies":"Jaw Worm","floor":1,"turns":8},{"damage":6,"enemies":"Cultist","floor":3,"turns":5},{"damage":3,"enemies":"2 Louse","floor":4,"turns":3},{"damage":12,"enemies":"3 Sentries","floor":6,"turns":9},{"damage":12,"enemies":"Lagavulin","floor":10,"turns":6},{"damage":14,"enemies":"Exordium Thugs","floor":11,"turns":5},{"damage":12,"enemies":"3 Sentries","floor":13,"turns":8},{"damage":14,"enemies":"2 Fungi Beasts","floor":14,"turns":3},{"damage":40,"enemies":"Slime Boss","floor":16,"turns":8},{"damage":28,"enemies":"Spheric Guardian","floor":18,"turns":6},{"damage":15,"enemies":"2 Thieves","floor":21,"turns":3},{"damage":20,"enemies":"Book of Stabbing","floor":23,"turns":5}],"seed_played":"5176387869811566800","potions_obtained":[{"floor":2,"key":"Regen Potion"},{"floor":2,"key":"LiquidMemories"},{"floor":6,"key":"Dexterity Potion"},{"floor":10,"key":"CultistPotion"},{"floor":13,"key":"SpeedPotion"},{"floor":14,"key":"EssenceOfSteel"},{"floor":21,"key":"AttackPotion"}],"is_trial":false,"path_per_floor":["M","?","M","M","$","E","$","T","T","E","M","R","E","M","R","B",null,"M","?","$","M","?","E"],"character_chosen":"THE_SILENT","items_purchased":["Well Laid Plans","Dash"],"campfire_rested":2,"item_purchase_floors":[5,20],"current_hp_per_floor":[44,44,38,35,35,38,38,38,38,36,22,46,34,20,44,4,61,33,33,33,18,18,0,0],"gold":2,"neow_bonus":"BOSS_RELIC","is_daily":false,"chose_seed":false,"campfire_upgraded":0,"win_rate":0.0,"timestamp":1612357531,"path_taken":["M","?","M","?","?","E","$","?","T","E","M","R","E","M","R","BOSS","M","?","$","M","?","E"],"items_purchased_type":["Card","Card"],"build_version":"2020-12-22","purchased_purges":2,"victory":false,"max_hp_per_floor":[70,70,70,70,70,70,70,70,70,80,80,80,80,80,80,80,80,80,80,80,80,80,80,80],"relic_stats":{"Dream Catcher":2,"counters":[12,69],"Orichalcum":[6],"Boot":[66],"Cursed Key":0,"obtain_stats":[{"SlaversCollar":0,"Dream Catcher":6,"Anchor":9,"Pear":10,"Orichalcum":13,"Boot":8,"Cursed Key":17,"Ring of the Snake":0},{"SlaversCollar":0,"Dream Catcher":4,"Anchor":4,"Pear":5,"Orichalcum":7,"Boot":4,"Cursed Key":9,"Ring of the Snake":0},{"SlaversCollar":0,"Dream Catcher":25,"Anchor":25,"Pear":31,"Orichalcum":44,"Boot":25,"Cursed Key":55,"Ring of the Snake":0}]},"card_choices":[{"not_picked":["Deflect","Backstab"],"picked":"Backflip","floor":1},{"not_picked":["Reflex","Backstab"],"picked":"Dagger Throw","floor":3},{"not_picked":["Deadly Poison","Backflip"],"picked":"Dagger Spray","floor":4},{"not_picked":["Heel Hook","Unload"],"picked":"Poisoned Stab","floor":6},{"not_picked":["Setup","Dodge and Roll"],"picked":"Caltrops","floor":10},{"not_picked":["All Out Attack","Bane","Dagger Throw"],"picked":"SKIP","floor":11},{"not_picked":["Poisoned Stab","All Out Attack"],"picked":"Cloak And Dagger","floor":13},{"not_picked":["Distraction","Acrobatics"],"picked":"Dodge and Roll","floor":14},{"not_picked":["Leg Sweep","Eviscerate"],"picked":"Caltrops","floor":15},{"not_picked":["Die Die Die","Glass Knife"],"picked":"Corpse Explosion","floor":16},{"not_picked":["Calculated Gamble","Bane","Expertise"],"picked":"SKIP","floor":18},{"not_picked":["Calculated Gamble","Flying Knee"],"picked":"Blur","floor":21}],"player_experience":383945,"relics_obtained":[{"floor":6,"key":"Dream Catcher"},{"floor":8,"key":"Boot"},{"floor":9,"key":"Anchor"},{"floor":10,"key":"Pear"},{"floor":13,"key":"Orichalcum"}],"event_choices":[{"damage_healed":0,"gold_gain":0,"player_choice":"Bought 2 Potions","damage_taken":0,"max_hp_gain":0,"max_hp_loss":0,"event_name":"The Woman in Blue","floor":2,"gold_loss":0},{"damage_healed":0,"gold_gain":0,"player_choice":"Smashed Altar","damage_taken":0,"max_hp_gain":0,"max_hp_loss":0,"event_name":"Forgotten Altar","floor":19,"gold_loss":0,"cards_obtained":["Decay"]},{"cards_removed":["Strike_G"],"damage_healed":0,"gold_gain":0,"player_choice":"Gave Gold","damage_taken":0,"max_hp_gain":0,"max_hp_loss":0,"event_name":"Beggar","floor":22,"gold_loss":75}],"is_beta":false,"boss_relics":[{"not_picked":["HoveringKite","Astrolabe"],"picked":"Cursed Key"}],"items_purged_floors":[7,20],"is_endless":false,"potions_floor_spawned":[6,10,13,14,21],"killed_by":"Book of Stabbing","ascension_level":13}}