{"host":"takgv9cv6xf64vhq","time":1612382449,"event":{"mods":["BaseMod","Colored Powertips","Conspire","Decade(王小明)","Downfall","Energized Spire","Hermit","Hubris","LagranYue(拉格朗・月)","Marisa（F雨　魔理沙）","Minty Spire (QoL Compilation)","Replay The Spire","StSLib","The Cursed","The Hierophant","The Jungle","The Servant 0.9.4","TheHeartMod"],"gold_per_floor":[109,125,171,171,23,23,23,23,39,39,39,49,14,30,55,55,55,132,132,148,163,24,37,37,37],"floor_reached":24,"language":"ZHS","playtime":1157,"items_purged":["Strike_G","Strike_G"],"score":333,"play_id":"882f1a67-6393-4b48-a2c4-544d58e8109e","local_time":"20210204040049","is_ascension_mode":true,"campfire_choices":[{"data":"A Thousand Cuts","floor":8.0,"key":"SMITH"},{"data":"Concentrate","floor":10.0,"key":"SMITH"},{"data":"Neutralize","floor":17.0,"key":"SMITH"}],"circlet_count":0,"master_deck":["AscendersBane","Strike_G","Strike_G","Defend_G","Defend_G","Defend_G","Defend_G","Defend_G","Survivor","Neutralize+1","Dagger Spray","hubris:Sniper","A Thousand Cuts+1","Infinite Blades","Concentrate+1","Acrobatics","Deflect","Phantasmal Killer","Cloak And Dagger","Masterful Stab","Dagger Throw+1","Prepared"],"relics":["Coffee Dripper","Sundial","hubris:Towel","Centennial Puzzle","conspire:GlowingRock","SlaversCollar"],"acts_visited":["Exordium","TheCity"],"potions_floor_usage":[23,24,24],"damage_taken":[{"damage":1.0,"enemies":"Jaw Worm","floor":1.0,"turns":6.0},{"damage":3.0,"enemies":"Small Slimes","floor":2.0,"turns":4.0},{"damage":7.0,"enemies":"2 Louse","floor":9.0,"turns":3.0},{"damage":6.0,"enemies":"2 Fungi Beasts","floor":12.0,"turns":3.0},{"damage":3.0,"enemies":"Blue Slaver","floor":14.0,"turns":3.0},{"damage":5.0,"enemies":"Lagavulin","floor":15.0,"turns":4.0},{"damage":19.0,"enemies":"Hexaghost","floor":18.0,"turns":10.0},{"damage":16.0,"enemies":"3 Byrds","floor":20.0,"turns":5.0},{"damage":18.0,"enemies":"Shell Parasite","floor":21.0,"turns":7.0},{"damage":16,"enemies":"Centurion and Healer","floor":23,"turns":7},{"damage":26,"enemies":"conspire:MimicChest","floor":24,"turns":2}],"seed_played":"2905165993132146720","potions_obtained":[{"floor":1.0,"key":"Fire Potion"},{"floor":9.0,"key":"Strength Potion"},{"floor":12.0,"key":"GamblersBrew"},{"floor":15.0,"key":"Doom Potion"},{"floor":23,"key":"Fire Potion"}],"is_trial":false,"path_per_floor":["M","M","?","?","$","PTL","PTL","R","M","R","T","M","?","M","E","?","R","B",null,"M","M","$","M","?"],"character_chosen":"THE_SILENT","items_purchased":["Infinite Blades","Dagger Throw+1"],"campfire_rested":0,"item_purchase_floors":[5,22],"current_hp_per_floor":[58,55,55,55,55,55,55,55,48,48,48,42,58,55,50,43,43,24,56,40,22,22,6,0,0],"gold":37,"neow_bonus":"BOSS_RELIC","is_daily":false,"chose_seed":false,"campfire_upgraded":3,"win_rate":0.0,"timestamp":1612382449,"path_taken":["M","M","?","?","$","PTL","PTL","R","M","R","T","?","?","M","E","?","R","BOSS","M","M","$","M","?"],"items_purchased_type":["Card","Card"],"build_version":"2020-12-22","purchased_purges":2,"victory":false,"max_hp_per_floor":[66,66,66,66,66,66,66,66,66,66,66,66,66,66,66,66,66,66,66,66,66,66,66,66,66],"card_choices":[{"not_picked":["Heel Hook","Underhanded Strike"],"picked":"Dagger Spray","floor":1.0},{"not_picked":["Sucker Punch","Quick Slash"],"picked":"hubris:Sniper","floor":2.0},{"not_picked":["Blade Dance","Outmaneuver"],"picked":"A Thousand Cuts","floor":3.0},{"not_picked":["Reflex","Quick Slash"],"picked":"Concentrate","floor":9.0},{"not_picked":["Choke","Flechettes","conspire:PoisonWeapons"],"picked":"SKIP","floor":12.0},{"not_picked":["PiercingWail","Dash"],"picked":"Acrobatics","floor":14.0},{"not_picked":["A Thousand Cuts","hubris:TrickCloak"],"picked":"Deflect","floor":15.0},{"not_picked":["Die Die Die","Unload"],"picked":"Phantasmal Killer","floor":18.0},{"not_picked":["Dodge and Roll","Tactician"],"picked":"Cloak And Dagger","floor":20.0},{"not_picked":["Catalyst","Distraction"],"picked":"Masterful Stab","floor":21.0},{"not_picked":["Quick Slash","Toxin Wave"],"picked":"Prepared","floor":23}],"player_experience":369703,"relics_obtained":[{"floor":3.0,"key":"Sundial"},{"floor":11.0,"key":"Centennial Puzzle"},{"floor":15.0,"key":"conspire:GlowingRock"}],"event_choices":[{"damage_healed":16.0,"max_hp_gain":0.0,"max_hp_loss":0.0,"gold_gain":0.0,"event_name":"The Cleric","player_choice":"Healed","floor":13.0,"gold_loss":35.0,"damage_taken":0.0},{"cards_removed":["Strike_G"],"damage_healed":0.0,"max_hp_gain":0.0,"max_hp_loss":0.0,"gold_gain":0.0,"event_name":"Golden Wing","player_choice":"Card Removal","floor":16.0,"gold_loss":0.0,"damage_taken":7.0}],"is_beta":false,"boss_relics":[{"not_picked":["hubris:VirtuousBlindfold","energizedSpire:PogoStick"],"picked":"SlaversCollar"}],"items_purged_floors":[5,22],"is_endless":false,"potions_floor_spawned":[1,9,12,15,23],"killed_by":"conspire:MimicChest","ascension_level":14}}