{"host":"13o02hya6v6rzuva","time":1612352611,"event":{"mods":["BaseMod","Minty Spire (QoL Compilation)","Relic Stats"],"gold_per_floor":[115,190,365,45,58,58,91,107,107,107,121,121,154,12,12,115,115,135,135,146,162,17,17,17,17,43,43,43,43],"floor_reached":28,"language":"ENG","playtime":681,"items_purged":["Doubt"],"score":386,"play_id":"bc033d85-1e74-4c79-bcdb-8b62e155e87e","local_time":"20210203124331","is_ascension_mode":true,"campfire_choices":[{"data":"Bash","floor":6,"key":"SMITH"},{"data":"Wild Strike","floor":10,"key":"SMITH"},{"data":"Barricade","floor":15,"key":"SMITH"},{"data":"Clothesline","floor":23,"key":"SMITH"},{"floor":27,"key":"RECALL"}],"circlet_count":0,"master_deck":["AscendersBane","Strike_R+1","Strike_R+1","Strike_R+1","Strike_R+1","Defend_R+1","Defend_R+1","Defend_R+1","Defend_R+1","Bash+1","Wild Strike+1","Armaments+1","Reckless Charge","Clothesline+1","Flex+1","Barricade+1","Bludgeon","CurseOfTheBell","Pommel Strike+1","Burning Pact+1","Infernal Blade+1","True Grit+1","Dark Shackles+1"],"relics":["Burning Blood","NeowsBlessing","Toxic Egg 2","Bottled Flame","Happy Flower","Pen Nib","Calling Bell","Potion Belt","White Beast Statue","Du-Vu Doll","Oddly Smooth Stone"],"acts_visited":["Exordium","TheCity"],"potions_floor_usage":[11,20,20,21,28],"damage_taken":[{"damage":0,"enemies":"Small Slimes","floor":1,"turns":1},{"damage":0,"enemies":"2 Louse","floor":5,"turns":1},{"damage":0,"enemies":"3 Sentries","floor":7,"turns":2},{"damage":7,"enemies":"Jaw Worm","floor":8,"turns":2},{"damage":7,"enemies":"Exordium Thugs","floor":11,"turns":3},{"damage":9,"enemies":"Gremlin Nob","floor":13,"turns":4},{"damage":36,"enemies":"The Guardian","floor":16,"turns":13},{"damage":16,"enemies":"Shell Parasite","floor":18,"turns":3},{"damage":7,"enemies":"3 Byrds","floor":20,"turns":4},{"damage":31,"enemies":"Cultist and Chosen","floor":21,"turns":6},{"damage":64,"enemies":"Gremlin Leader","floor":28,"turns":5}],"seed_played":"-1432216414119934969","potions_obtained":[{"floor":1,"key":"Regen Potion"},{"floor":5,"key":"SpeedPotion"},{"floor":7,"key":"Explosive Potion"},{"floor":13,"key":"Block Potion"},{"floor":18,"key":"LiquidBronze"},{"floor":20,"key":"Swift Potion"},{"floor":21,"key":"Ancient Potion"}],"is_trial":false,"path_per_floor":["M","?","?","$","M","R","E","M","T","R","M","?","E","$","R","B",null,"M","?","M","M","$","R","?","$","T","R","E"],"character_chosen":"IRONCLAD","items_purchased":["Toxic Egg 2","Barricade","True Grit+1","Dark Shackles+1"],"campfire_rested":0,"item_purchase_floors":[4,14,22,22],"current_hp_per_floor":[78,67,67,67,73,73,79,78,78,78,77,82,79,79,79,49,76,66,66,65,55,55,55,55,55,55,55,0,0],"gold":43,"neow_bonus":"THREE_ENEMY_KILL","is_daily":false,"chose_seed":false,"campfire_upgraded":4,"win_rate":0.0,"timestamp":1612352611,"path_taken":["M","?","?","?","M","R","E","?","T","R","M","?","E","$","R","BOSS","M","?","M","M","?","R","?","?","T","R","E"],"items_purchased_type":["Relic","Card","Card","Card"],"build_version":"2020-12-22","purchased_purges":1,"victory":false,"max_hp_per_floor":[80,80,80,80,80,80,80,80,80,80,80,85,85,85,85,85,85,85,85,85,85,85,85,85,85,85,85,85,85],"relic_stats":{"Happy Flower":[12],"counters":[11,44],"Pen Nib":[5],"obtain_stats":[{"Calling Bell":17,"Potion Belt":17,"Du-Vu Doll":17,"Bottled Flame":7,"NeowsBlessing":0,"Happy Flower":9,"Oddly Smooth Stone":26,"Pen Nib":13,"Toxic Egg 2":4,"Burning Blood":0,"White Beast Statue":17},{"Calling Bell":7,"Potion Belt":7,"Du-Vu Doll":7,"Bottled Flame":3,"NeowsBlessing":0,"Happy Flower":4,"Oddly Smooth Stone":10,"Pen Nib":6,"Toxic Egg 2":1,"Burning Blood":0,"White Beast Statue":7},{"Calling Bell":26,"Potion Belt":26,"Du-Vu Doll":26,"Bottled Flame":4,"NeowsBlessing":0,"Happy Flower":6,"Oddly Smooth Stone":39,"Pen Nib":13,"Toxic Egg 2":1,"Burning Blood":0,"White Beast Statue":26}],"Burning Blood":60},"card_choices":[{"not_picked":["Dark Embrace","Armaments"],"picked":"Wild Strike","floor":1},{"not_picked":["Cleave","Flex+1"],"picked":"Armaments+1","floor":5},{"not_picked":["Havoc+1","Flex+1"],"picked":"Reckless Charge","floor":7},{"not_picked":["Sentinel+1","Burning Pact+1","Body Slam"],"picked":"SKIP","floor":8},{"not_picked":["Fiend Fire","Thunderclap"],"picked":"Clothesline","floor":11},{"not_picked":["Anger","Clash"],"picked":"Flex+1","floor":13},{"not_picked":["Double Tap+1","Demon Form"],"picked":"Bludgeon","floor":16},{"not_picked":["Infernal Blade+1","Rage+1"],"picked":"Pommel Strike+1","floor":18},{"not_picked":["Clash","Headbutt","Flex+1"],"picked":"SKIP","floor":20},{"not_picked":["Havoc+1","Second Wind+1"],"picked":"Infernal Blade+1","floor":21}],"player_experience":1177536,"relics_obtained":[{"floor":7,"key":"Bottled Flame"},{"floor":9,"key":"Happy Flower"},{"floor":13,"key":"Pen Nib"},{"floor":17,"key":"Potion Belt"},{"floor":17,"key":"White Beast Statue"},{"floor":17,"key":"Du-Vu Doll"},{"floor":26,"key":"Oddly Smooth Stone"}],"event_choices":[{"damage_healed":0,"gold_gain":75,"player_choice":"Gather Gold","damage_taken":11,"max_hp_gain":0,"max_hp_loss":0,"event_name":"World of Goop","floor":2,"gold_loss":0},{"damage_healed":0,"gold_gain":175,"player_choice":"AGREE","damage_taken":0,"max_hp_gain":0,"max_hp_loss":0,"event_name":"Liars Game","floor":3,"gold_loss":0,"cards_obtained":["Doubt"]},{"damage_healed":0,"gold_gain":0,"player_choice":"Donut","damage_taken":0,"max_hp_gain":5,"max_hp_loss":0,"event_name":"Big Fish","floor":12,"gold_loss":0},{"damage_healed":0,"gold_gain":0,"cards_transformed":["Strike_R"],"player_choice":"Transformed","damage_taken":0,"max_hp_gain":0,"max_hp_loss":0,"event_name":"Transmorgrifier","floor":19,"gold_loss":0,"cards_obtained":["Burning Pact"]},{"damage_healed":0,"gold_gain":0,"player_choice":"Simplicity","damage_taken":0,"max_hp_gain":0,"max_hp_loss":0,"event_name":"Back to Basics","floor":24,"gold_loss":0,"cards_upgraded":["Strike_R","Strike_R","Strike_R","Strike_R","Defend_R","Defend_R","Defend_R","Defend_R"]}],"is_beta":false,"boss_relics":[{"not_picked":["Philosopher\u0027s Stone","Fusion Hammer"],"picked":"Calling Bell"}],"items_purged_floors":[4],"is_endless":false,"potions_floor_spawned":[1,5,7,13,18,20,21],"killed_by":"Gremlin Leader","ascension_level":11}}