{"host":"da4a6z8aof69aasy","time":1612373120,"event":{"mods":["AchievementEnabler","BaseMod","Block Reminder","Colored Powertips","DeckTracker","Highlight Path","Minty Spire (QoL Compilation)","Permanent Neow","Relic Stats","StSLib"],"gold_per_floor":[212,137,151,26,36,65,65,80,106,135,135,135,161,178,178,250,250,268,268,268,278,128,128,147,147,147,147,177,195,223,237,237,315,315,327,346,357,357,412,443,443,469,469,494,138,0,19,33,33,33,33,33,33,66,66],"floor_reached":56,"language":"ENG","playtime":10716,"items_purged":["Strike_B","Strike_B","Decay"],"score":1939,"play_id":"f948d57e-8c77-4eae-a8a0-d49eb4b6162f","local_time":"20210203192520","is_ascension_mode":true,"campfire_choices":[{"data":"Sunder","floor":7.0,"key":"SMITH"},{"floor":12.0,"key":"REST"},{"data":"Static Discharge","floor":15.0,"key":"SMITH"},{"data":"Capacitor","floor":23.0,"key":"SMITH"},{"data":"Barrage","floor":27.0,"key":"SMITH"},{"floor":32.0,"key":"REST"},{"floor":41.0,"key":"REST"},{"floor":49.0,"key":"RECALL"},{"data":"Defragment","floor":52.0,"key":"SMITH"}],"circlet_count":0,"master_deck":["AscendersBane","Defend_B","Defend_B","Defend_B","Defend_B","Zap+1","Dualcast+1","Genetic Algorithm","Sunder+1","Compile Driver","BootSequence","Hologram","Static Discharge+1","Capacitor+1","Self Repair","Static Discharge+1","Genetic Algorithm+1","Ball Lightning","Barrage+1","Go for the Eyes+1","Hologram+1","Core Surge","Go for the Eyes+1","Cold Snap+1","Barrage+1","Consume+1","Defragment+1","Coolheaded","Stack+1","Coolheaded+1"],"relics":["Cracked Core","War Paint","Ancient Tea Set","MealTicket","Strawberry","Unceasing Top","Velvet Choker","Nilry\u0027s Codex","Pantograph","Gremlin Horn","Vajra","Cursed Key","Lizard Tail","Nunchaku","DataDisk","Symbiotic Virus","Turnip","Centennial Puzzle","Red Mask","Bag of Preparation"],"acts_visited":["Exordium","TheCity","TheBeyond","TheEnding"],"potions_floor_usage":[55],"damage_taken":[{"damage":2.0,"enemies":"2 Louse","floor":1.0,"turns":3.0},{"damage":0.0,"enemies":"Cultist","floor":3.0,"turns":3.0},{"damage":7.0,"enemies":"Jaw Worm","floor":5.0,"turns":2.0},{"damage":13.0,"enemies":"Gremlin Nob","floor":6.0,"turns":3.0},{"damage":1.0,"enemies":"3 Louse","floor":8.0,"turns":2.0},{"damage":17.0,"enemies":"3 Sentries","floor":10.0,"turns":6.0},{"damage":24.0,"enemies":"Gremlin Nob","floor":13.0,"turns":4.0},{"damage":3.0,"enemies":"Blue Slaver","floor":14.0,"turns":4.0},{"damage":17.0,"enemies":"Hexaghost","floor":16.0,"turns":9.0},{"damage":6.0,"enemies":"Spheric Guardian","floor":18.0,"turns":3.0},{"damage":2.0,"enemies":"Chosen","floor":21.0,"turns":4.0},{"damage":11.0,"enemies":"Shelled Parasite and Fungi","floor":24.0,"turns":4.0},{"damage":12.0,"enemies":"Book of Stabbing","floor":28.0,"turns":4.0},{"damage":18.0,"enemies":"Snake Plant","floor":29.0,"turns":2.0},{"damage":25.0,"enemies":"Slavers","floor":30.0,"turns":5.0},{"damage":2.0,"enemies":"Cultist and Chosen","floor":31.0,"turns":5.0},{"damage":30.0,"enemies":"Champ","floor":33.0,"turns":18.0},{"damage":6.0,"enemies":"3 Darklings","floor":35.0,"turns":5.0},{"damage":6.0,"enemies":"Orb Walker","floor":36.0,"turns":3.0},{"damage":16.0,"enemies":"Writhing Mass","floor":37.0,"turns":8.0},{"damage":43.0,"enemies":"2 Orb Walkers","floor":39.0,"turns":4.0},{"damage":21.0,"enemies":"Giant Head","floor":40.0,"turns":7.0},{"damage":26.0,"enemies":"Reptomancer","floor":42.0,"turns":6.0},{"damage":15.0,"enemies":"Mind Bloom Boss Battle","floor":44.0,"turns":6.0},{"damage":28.0,"enemies":"Maw","floor":47.0,"turns":7.0},{"damage":0.0,"enemies":"Sphere and 2 Shapes","floor":48.0,"turns":3.0},{"damage":25.0,"enemies":"Donu and Deca","floor":50.0,"turns":15.0},{"damage":28.0,"enemies":"Shield and Spear","floor":54.0,"turns":5.0},{"damage":76,"enemies":"The Heart","floor":55,"turns":9}],"seed_played":"532768027939430700","potions_obtained":[{"floor":3.0,"key":"LiquidMemories"},{"floor":5.0,"key":"Weak Potion"},{"floor":13.0,"key":"PotionOfCapacity"},{"floor":14.0,"key":"Block Potion"},{"floor":18.0,"key":"Block Potion"},{"floor":21.0,"key":"GamblersBrew"},{"floor":24.0,"key":"DuplicationPotion"},{"floor":37.0,"key":"CultistPotion"},{"floor":40.0,"key":"Block Potion"},{"floor":48.0,"key":"AttackPotion"}],"is_trial":false,"path_per_floor":["M","?","M","$","M","E","R","M","T","E","?","R","E","M","R","B",null,"M","?","?","M","$","R","M","T","T","R","E","M","E","M","R","B",null,"M","M","M","?","?","E","R","E","T","?","$","?","M","M","R","B",null,"R","$","E","B",null],"character_chosen":"DEFECT","items_purchased":["Compile Driver","Ball Lightning","Defragment","Centennial Puzzle"],"campfire_rested":3,"item_purchase_floors":[4,22,45,45],"current_hp_per_floor":[62,62,62,62,55,42,42,41,41,31,24,47,23,20,20,10,61,62,41,41,46,61,61,57,57,57,57,45,27,9,14,37,39,68,69,70,68,68,32,18,41,22,22,39,54,54,33,40,40,47,70,70,78,57,2],"gold":66,"neow_bonus":"HUNDRED_GOLD","is_daily":false,"chose_seed":false,"campfire_upgraded":5,"win_rate":0.0,"timestamp":1612373120,"path_taken":["M","?","M","$","?","E","R","?","T","E","?","R","E","M","R","BOSS","M","?","?","M","$","R","M","?","T","R","E","M","E","M","R","BOSS","M","M","M","?","?","E","R","E","T","?","$","?","M","M","R","BOSS","R","$","E","BOSS"],"items_purchased_type":["Card","Card","Card","Relic"],"build_version":"2020-12-22","purchased_purges":3,"victory":true,"max_hp_per_floor":[71,71,71,71,71,71,71,71,71,78,78,78,78,78,78,78,78,78,78,78,78,78,78,78,78,78,78,78,78,78,78,78,78,78,78,78,78,78,78,78,78,78,78,78,78,78,78,78,78,78,78,78,78,78,78],"relic_stats":{"Gremlin Horn":[15,15],"counters":[29,159],"Bag of Preparation":[2],"War Paint":["Zap","Dualcast"],"Cursed Key":1,"Lizard Tail":0,"Nunchaku":[9],"Centennial Puzzle":[12],"Pantograph":96,"MealTicket":38,"Turnip":[10],"obtain_stats":[{"Gremlin Horn":28,"Nilry\u0027s Codex":19,"Velvet Choker":17,"Vajra":30,"Bag of Preparation":54,"War Paint":2,"Ancient Tea Set":6,"Cursed Key":34,"Lizard Tail":39,"Nunchaku":40,"DataDisk":42,"Centennial Puzzle":45,"Strawberry":10,"Pantograph":25,"MealTicket":9,"Turnip":44,"Red Mask":46,"Cracked Core":0,"Symbiotic Virus":43,"Unceasing Top":13},{"Gremlin Horn":13,"Nilry\u0027s Codex":10,"Velvet Choker":9,"Vajra":15,"Bag of Preparation":28,"War Paint":1,"Ancient Tea Set":4,"Cursed Key":17,"Lizard Tail":21,"Nunchaku":22,"DataDisk":23,"Centennial Puzzle":24,"Strawberry":6,"Pantograph":12,"MealTicket":5,"Turnip":24,"Red Mask":24,"Cracked Core":0,"Symbiotic Virus":23,"Unceasing Top":7},{"Gremlin Horn":51,"Nilry\u0027s Codex":39,"Velvet Choker":36,"Vajra":58,"Bag of Preparation":150,"War Paint":3,"Ancient Tea Set":11,"Cursed Key":81,"Lizard Tail":101,"Nunchaku":108,"DataDisk":114,"Centennial Puzzle":120,"Strawberry":19,"Pantograph":47,"MealTicket":13,"Turnip":120,"Red Mask":120,"Cracked Core":0,"Symbiotic Virus":114,"Unceasing Top":23}],"Unceasing Top":[20]},"card_choices":[{"not_picked":["Compile Driver","Streamline"],"picked":"Genetic Algorithm","floor":1.0},{"not_picked":["Turbo","Steam"],"picked":"Sunder","floor":3.0},{"not_picked":["Sunder","Beam Cell"],"picked":"BootSequence","floor":5.0},{"not_picked":["Aggregate","Turbo"],"picked":"Hologram","floor":6.0},{"not_picked":["Skim","White Noise"],"picked":"Static Discharge","floor":8.0},{"not_picked":["Rip and Tear","Gash"],"picked":"Capacitor","floor":10.0},{"not_picked":["Gash","Leap","Reprogram"],"picked":"SKIP","floor":13.0},{"not_picked":["Coolheaded","Blizzard"],"picked":"Self Repair","floor":14.0},{"not_picked":["Reprogram","White Noise"],"picked":"Static Discharge+1","floor":18.0},{"not_picked":["Hologram","Sweeping Beam"],"picked":"Genetic Algorithm+1","floor":21.0},{"not_picked":["Hologram","Fusion"],"picked":"Barrage","floor":24.0},{"not_picked":["Barrage","Melter"],"picked":"Go for the Eyes+1","floor":28.0},{"not_picked":["Compile Driver","Ball Lightning"],"picked":"Hologram+1","floor":29.0},{"not_picked":["Redo","Darkness"],"picked":"Core Surge","floor":30.0},{"not_picked":["Heatsinks","Rebound"],"picked":"Go for the Eyes+1","floor":31.0},{"not_picked":["Hologram","Chaos"],"picked":"Cold Snap+1","floor":35.0},{"not_picked":["Beam Cell","Cold Snap","Barrage"],"picked":"SKIP","floor":36.0},{"not_picked":["Steam","Stack"],"picked":"Barrage+1","floor":37.0},{"not_picked":["Turbo","Cold Snap","Lockon+1"],"picked":"SKIP","floor":40.0},{"not_picked":["Rainbow","Melter","Turbo+1"],"picked":"SKIP","floor":42.0},{"not_picked":["Darkness+1","Leap"],"picked":"Consume+1","floor":44.0},{"not_picked":["Melter+1","Sweeping Beam+1"],"picked":"Coolheaded","floor":47.0},{"not_picked":["Cold Snap","Turbo"],"picked":"Stack+1","floor":48.0},{"not_picked":["Steam","Gash"],"picked":"Coolheaded+1","floor":54.0}],"player_experience":2150305,"relics_obtained":[{"floor":6.0,"key":"Ancient Tea Set"},{"floor":9.0,"key":"MealTicket"},{"floor":10.0,"key":"Strawberry"},{"floor":13.0,"key":"Unceasing Top"},{"floor":19.0,"key":"Nilry\u0027s Codex"},{"floor":25.0,"key":"Pantograph"},{"floor":28.0,"key":"Gremlin Horn"},{"floor":30.0,"key":"Vajra"},{"floor":39.0,"key":"Lizard Tail"},{"floor":40.0,"key":"Nunchaku"},{"floor":42.0,"key":"DataDisk"},{"floor":43.0,"key":"Symbiotic Virus"},{"floor":44.0,"key":"Turnip"},{"floor":54.0,"key":"Bag of Preparation"}],"event_choices":[{"damage_healed":0.0,"max_hp_gain":0.0,"max_hp_loss":0.0,"gold_gain":0.0,"event_name":"WeMeetAgain","player_choice":"Paid Gold","floor":2.0,"gold_loss":75.0,"damage_taken":0.0,"relics_obtained":["War Paint"]},{"cards_removed":["Strike_B"],"damage_healed":0.0,"max_hp_gain":0.0,"max_hp_loss":0.0,"gold_gain":0.0,"event_name":"Golden Wing","player_choice":"Card Removal","floor":11.0,"gold_loss":0.0,"damage_taken":7.0},{"damage_healed":0.0,"max_hp_gain":0.0,"max_hp_loss":0.0,"gold_gain":0.0,"event_name":"Cursed Tome","player_choice":"Obtained Book","floor":19.0,"gold_loss":0.0,"damage_taken":21.0},{"damage_healed":0.0,"max_hp_gain":0.0,"max_hp_loss":0.0,"gold_gain":0.0,"event_name":"Vampires","player_choice":"Ignored","floor":20.0,"gold_loss":0.0,"damage_taken":0.0},{"cards_removed":["Strike_B"],"damage_healed":0.0,"max_hp_gain":0.0,"max_hp_loss":0.0,"gold_gain":0.0,"event_name":"Falling","player_choice":"Removed Attack","floor":38.0,"gold_loss":0.0,"damage_taken":0.0},{"damage_healed":0.0,"max_hp_gain":0.0,"max_hp_loss":0.0,"gold_gain":0.0,"event_name":"Mysterious Sphere","player_choice":"Fight","floor":39.0,"gold_loss":0.0,"damage_taken":0.0},{"damage_healed":0.0,"max_hp_gain":0.0,"max_hp_loss":0.0,"gold_gain":0.0,"event_name":"MindBloom","player_choice":"Fight","floor":44.0,"gold_loss":0.0,"damage_taken":0.0},{"damage_healed":0.0,"max_hp_gain":0.0,"max_hp_loss":0.0,"gold_gain":0.0,"event_name":"Tomb of Lord Red Mask","player_choice":"Paid","floor":46.0,"gold_loss":138.0,"damage_taken":0.0,"relics_obtained":["Red Mask"]}],"is_beta":false,"boss_relics":[{"not_picked":["SlaversCollar","Black Star"],"picked":"Velvet Choker"},{"not_picked":["SacredBark","Empty Cage"],"picked":"Cursed Key"}],"items_purged_floors":[4,22,45],"is_endless":false,"potions_floor_spawned":[3,5,13,14,18,21,24,30,37,40,48],"ascension_level":15}}