{"host":"m6aaltr68g9tvoay","time":1612324156,"event":{"mods":["AchievementEnabler","BaseMod","Colored Map","Downfall","Minty Spire (QoL Compilation)","StSLib"],"gold_per_floor":[99,99,99,99,99,170,223,257,271,283,83,108,108,128,148,148,148,148],"floor_reached":16,"language":"ENG","playtime":1396,"items_purged":[],"score":151,"play_id":"943c40fa-e69f-41f6-9b31-2c1130eec0e9","local_time":"20210202194916","is_ascension_mode":true,"campfire_choices":[{"floor":1,"key":"RECALL"},{"floor":11,"key":"REST"},{"floor":13,"key":"REST"}],"circlet_count":0,"master_deck":["sneckomod:Strike","sneckomod:Strike","sneckomod:Defend","sneckomod:Defend","sneckomod:Defend","sneckomod:TailWhip","sneckomod:SnekBite","sneckomod:Unknown","sneckomod:Unknown","sneckomod:UnknownClassTHE_BRONZE_AUTOMATON","sneckomod:UnknownStrength","sneckomod:UnknownExhaust","sneckomod:SlitherStrike","sneckomod:UnknownClassGUARDIAN","sneckomod:UnknownClassTHE_CHAMP_GRAY","sneckomod:UnknownClassTHE_BRONZE_AUTOMATON","sneckomod:UnknownDexterity","sneckomod:UnknownDexterity","sneckomod:UnknownBlock"],"relics":["sneckomod:SneckoSoul","downfall:HeartsMalice","StrikeDummy","Smiling Mask","downfall:HeartBlessingRed","downfall:HeartBlessingBlue","Meat on the Bone"],"acts_visited":["Exordium"],"potions_floor_usage":[10,14],"damage_taken":[{"damage":0,"enemies":"Small Slimes","floor":2,"turns":1},{"damage":0,"enemies":"Cultist","floor":4,"turns":1},{"damage":0,"enemies":"2 Louse","floor":5,"turns":1},{"damage":30,"enemies":"3 Sentries","floor":8,"turns":3},{"damage":11,"enemies":"Exordium Thugs","floor":9,"turns":3},{"damage":0,"enemies":"Red Slaver","floor":10,"turns":3},{"damage":25,"enemies":"Lagavulin","floor":12,"turns":5},{"damage":23,"enemies":"Gremlin Gang","floor":14,"turns":5},{"damage":0,"enemies":"Exordium Wildlife","floor":15,"turns":3},{"damage":75,"enemies":"WA_ARCHETYPE_RETAIN","floor":16,"turns":7}],"seed_played":"2147973442380003404","potions_obtained":[{"floor":9,"key":"ColorlessPotion"},{"floor":10,"key":"LiquidMemories"},{"floor":12,"key":"bronze:BurnAndBuffPotion"},{"floor":14,"key":"Explosive Potion"}],"is_trial":false,"path_per_floor":["R","M","?","M","M","T","T","E","M","M","R","E","R","M","M","B"],"character_chosen":"THE_SNECKO","items_purchased":[],"campfire_rested":2,"item_purchase_floors":[],"current_hp_per_floor":[81,81,81,81,81,81,81,51,40,40,80,55,85,62,62,0,0,0],"gold":148,"neow_bonus":"THREE_ENEMY_KILL","is_daily":false,"chose_seed":false,"campfire_upgraded":0,"win_rate":0.0,"timestamp":1612324156,"path_taken":["R","M","?","?","M","?","T","E","M","M","R","E","R","M","M","BOSS"],"items_purchased_type":[],"build_version":"2020-12-22","purchased_purges":0,"victory":false,"max_hp_per_floor":[90,90,90,90,90,90,90,90,90,90,100,100,100,100,100,100,100,100],"card_choices":[{"not_picked":["sneckomod:DiceCrush","sneckomod:SlitherStrike"],"picked":"sneckomod:UnknownClassTHE_BRONZE_AUTOMATON","floor":2},{"not_picked":["sneckomod:UnknownClassTHE_BRONZE_AUTOMATON","sneckomod:UnknownClassBLUE"],"picked":"sneckomod:UnknownExhaust","floor":4},{"not_picked":["sneckomod:SoulDraw","sneckomod:DiceCrush"],"picked":"sneckomod:SlitherStrike","floor":5},{"not_picked":["sneckomod:QuickBite","sneckomod:UnknownClassPURPLE"],"picked":"sneckomod:UnknownClassGUARDIAN","floor":8},{"not_picked":["sneckomod:CheapStock","sneckomod:DiceCrush"],"picked":"sneckomod:UnknownClassTHE_CHAMP_GRAY","floor":9},{"not_picked":["sneckomod:UnknownCommonSkill","sneckomod:Rotation"],"picked":"sneckomod:UnknownClassTHE_BRONZE_AUTOMATON","floor":10},{"not_picked":["sneckomod:UnknownCommonSkill","sneckomod:UnendingSupply"],"picked":"sneckomod:UnknownDexterity","floor":12},{"not_picked":["sneckomod:DefensiveFlair","sneckomod:DiceBlock"],"picked":"sneckomod:UnknownDexterity","floor":14},{"not_picked":["sneckomod:MasterEye","sneckomod:SoulDraw"],"picked":"sneckomod:UnknownBlock","floor":15}],"player_experience":1853146,"relics_obtained":[{"floor":6,"key":"StrikeDummy"},{"floor":8,"key":"Smiling Mask"},{"floor":12,"key":"Meat on the Bone"}],"event_choices":[],"is_beta":false,"boss_relics":[],"items_purged_floors":[],"is_endless":false,"potions_floor_spawned":[9,10,12,14],"killed_by":"WA_ARCHETYPE_RETAIN","ascension_level":8}}