{"host":"61ejhfsushs0xmcl","time":1612345452,"event":{"mods":["ATMod(°¢èªMod)","Act Like it!","BaseMod","Colored Map","Gold Saver","Minty Spire (QoL Compilation)","MostiFishMod","Reliquary","Spicy Shops","StSLib","TestMod","[IsaacMod]ÒÔÈö¼âËþ","¡¾ÒÅÎï¿¨ÅÆ¡¿REMEMod","óô»ðÖ¸ÄÏ"],"gold_per_floor":[4918,4993,5078,5097,4562,4591,4603,4616,4616,4647,4647,4663,4663,4683,4683,4761,4761,4778,4798,4404,4190,4210,4242,4242,4292,4292,4326,4291,4323,4341,4368,4368,4446,4446,4458,4476,3126,3126,3168,3226,3226,3383,3383,3532,3532,3586,3586,3625,3625,3675,3700,3700,3700,3700,3776,3931,3931],"floor_reached":56,"language":"ZHS","playtime":3611,"items_purged":["Defend_P","Defend_P","Strike_P","Defend_P","Strike_P","Defend_P","Strike_P","Strike_P","Eruption+1","testmod-VirtualReality","Vigilance","ForeignInfluence+1","EmptyMind+1","Devotion+1","Omniscience+1","LessonLearned+1"],"score":3621,"play_id":"ce04061d-afb6-4441-a74e-cb43841aa50f","local_time":"20210203174412","is_ascension_mode":true,"campfire_choices":[{"data":"ForeignInfluence","floor":11.0,"key":"SMITH"},{"data":"AT_BodySlamDance","floor":15.0,"key":"SMITH"},{"floor":24,"key":"RECALL"}],"circlet_count":0,"master_deck":["AscendersBane","AT_BodySlamDance+1","Violence+1","Indignation+1","Tantrum+1","Wallop+1","SpiritShield+1","FlurryOfBlows+1","Adaptation+1","Scrawl+1","InnerPeace+1","TalkToTheHand+1","Fasting2+1"],"relics":["PureWater","testmod-TestBox","DaveBox","AT_ATBox","REME_ComplimentaryCards","HushsDoor","BFFS","testmod-IndustrialRevolution","ChiXiaoBlade","SynthV:TestCard","Membership Card","testmod-AssaultLearning","PunchingBag","Singing Bowl","Damocles","AT_BladeRuinedKing","Mercury Hourglass","reliquary:RoseTintedGlasses","SsserpentHead","Shuriken","FeatherPendant","SatanicBible","AT_ImmortalShieldbow","Art of War","Civilization","BionicSphere","Orrery","SteamSale","Yang","TheBible","reliquary:Buckler","AT_SeraphEmbrace","testmod-RealStoneCalender","reliquary:WeakTea","Omamori","EdensBlessing","HowToJump","REME_LimitBreaker","reliquary:PrincelyHelmet","testmod-Antiphasic","reliquary:TridentHead","reliquary:TuningFork","Dodecahedron","TimeFreeze","Frozen Egg 2","UnicornStump","PreservedInsect","HereWithMe","Matryoshka","Bronze Scales","SynthV:MejaisSoulstealer","TheBattery","BookofShadows","Bag of Marbles","Medical Kit","AT_MibuBalloonWealth","TeardropLocket","HornCleat","AT_SpeedBoots","SalivaCoin","StrikeDummy","ImprovedEquipment","reliquary:Knoch","Pantograph","reliquary:HotPoker","OrangePellets","Damaru","Dream Catcher","reliquary:JackalopeAntler","Smiling Mask","TungstenRod","reliquary:Bookmark","Potion Belt","reliquary:Stiletto","BelialBook","reliquary:PurpleTingedLeaf","testmod-ObsoleteBoomerang","Regal Pillow","Mummified Hand","CloakClasp","AT_ChloranthyRing","Letter Opener","Chaos","PrismaticShard","AT_EbonyIvory","Chemical X","Frozen Eye","Calipers","AT_SunfireAegis","White Beast Statue","Habit","REME_CardOfGreed","Oddly Smooth Stone","testmod-Recursion","reliquary:ExpiredCoupon","SlaversCollar"],"acts_visited":["Exordium","TheCity","TheBeyond","TheEnding"],"potions_floor_usage":[42,47,54,56,56,56,56],"damage_taken":[{"damage":0.0,"enemies":"2 Louse","floor":1.0,"turns":3.0},{"damage":0.0,"enemies":"Jaw Worm","floor":4.0,"turns":2.0},{"damage":1.0,"enemies":"Gremlin Nob","floor":6.0,"turns":3.0},{"damage":0.0,"enemies":"Small Slimes","floor":7.0,"turns":3.0},{"damage":0.0,"enemies":"Exordium Wildlife","floor":8.0,"turns":2.0},{"damage":0.0,"enemies":"Lagavulin","floor":10.0,"turns":3.0},{"damage":0.0,"enemies":"Blue Slaver","floor":12.0,"turns":1.0},{"damage":0.0,"enemies":"Large Slime","floor":14.0,"turns":2.0},{"damage":0,"enemies":"The Guardian","floor":16,"turns":6},{"damage":0,"enemies":"Shell Parasite","floor":18,"turns":2},{"damage":0,"enemies":"Chosen","floor":19,"turns":1},{"damage":0,"enemies":"Centurion and Healer","floor":22,"turns":2},{"damage":0,"enemies":"Book of Stabbing","floor":23,"turns":2},{"damage":0,"enemies":"REME_1_Revenger","floor":27,"turns":1},{"damage":0,"enemies":"Book of Stabbing","floor":29,"turns":1},{"damage":0,"enemies":"Shelled Parasite and Fungi","floor":30,"turns":1},{"damage":0,"enemies":"Slavers","floor":31,"turns":1},{"damage":0,"enemies":"Collector","floor":33,"turns":1},{"damage":0,"enemies":"3 Shapes","floor":35,"turns":1},{"damage":0,"enemies":"3 Darklings","floor":36,"turns":1},{"damage":0,"enemies":"Writhing Mass","floor":39,"turns":1},{"damage":0,"enemies":"Giant Head","floor":40,"turns":1},{"damage":0,"enemies":"Reptomancer","floor":42,"turns":2},{"damage":0,"enemies":"2 Orb Walkers","floor":44,"turns":1},{"damage":0,"enemies":"Giant Head","floor":46,"turns":1},{"damage":0,"enemies":"Spire Growth","floor":48,"turns":1},{"damage":0,"enemies":"Donu and Deca","floor":50,"turns":1},{"damage":0,"enemies":"Time Eater","floor":51,"turns":2},{"damage":0,"enemies":"Shield and Spear","floor":55,"turns":1}],"seed_played":"4662014747868338630","potions_obtained":[{"floor":4.0,"key":"Weak Potion"},{"floor":7.0,"key":"BottledMiracle"},{"floor":14.0,"key":"Ambrosia"},{"floor":42,"key":"testmod-SpacePotion"},{"floor":46,"key":"REME_GoldPotion"}],"is_trial":false,"path_per_floor":["M","?","?","M","$","E","M","M","T","E","R","M","?","M","R","B",null,"M","M","$","$","M","E","R","?","T","E","?","E","M","E","R","B",null,"M","M","$","$","M","E","R","E","T","?","R","E","R","M","R","B","B",null,"R","$","E","B"],"character_chosen":"WATCHER","items_purchased":["Membership Card","testmod-AssaultLearning","PunchingBag","DuplicationPotion","SatanicBible","Civilization","BionicSphere","FairyPotion","Orrery","SteamSale","Yang","TheBible","reliquary:Buckler","Dodecahedron","TimeFreeze","Frozen Egg 2","UnicornStump","PreservedInsect","TalkToTheHand","LessonLearned","SynthV:MejaisSoulstealer","TheBattery","BookofShadows","Bag of Marbles","Medical Kit","AT_MibuBalloonWealth","TeardropLocket","HornCleat","ImprovedEquipment","reliquary:Knoch","Pantograph","reliquary:HotPoker","OrangePellets","reliquary:Bookmark","Potion Belt","reliquary:Stiletto","BelialBook","reliquary:PurpleTingedLeaf","Ancient Potion","testmod-SpacePotion","Mummified Hand","CloakClasp","AT_ChloranthyRing","Letter Opener","Chaos","PrismaticShard","Chemical X","Frozen Eye","Calipers","AT_SunfireAegis","Swift Potion","Fasting2+1","White Beast Statue","Habit","Fruit Juice","PowerPotion","GamblersBrew","REME_CardOfGreed","Oddly Smooth Stone","testmod-Recursion","reliquary:ExpiredCoupon"],"campfire_rested":0,"item_purchase_floors":[5,5,5,5,17,20,20,20,21,21,21,21,21,32,32,32,32,32,32,34,37,37,37,37,38,38,38,38,41,41,41,41,41,45,45,45,45,45,45,47,47,47,47,47,47,47,49,49,49,49,49,49,53,53,54,54,54,54,54,54,54],"current_hp_per_floor":[43,32,17,17,17,16,16,18,18,18,18,18,18,20,20,20,48,48,50,50,56,58,63,63,63,63,67,67,72,79,86,86,91,89,96,103,103,103,110,117,117,124,124,131,131,138,138,145,145,150,155,155,155,160,167,167,167],"gold":3931,"neow_bonus":"RANDOM_COLORLESS_2","is_daily":false,"chose_seed":false,"campfire_upgraded":2,"win_rate":0.0,"timestamp":1612345452,"path_taken":["M","?","?","M","$","E","M","M","T","E","R","M","?","M","R","BOSS","M","M","?","$","M","E","R","?","T","E","?","E","M","E","R","BOSS","M","M","?","$","M","E","R","E","T","?","R","E","R","M","R","BOSS","BOSS","R","$","E","BOSS"],"items_purchased_type":["Relic","Relic","Relic","Potion","Relic","Relic","Relic","Potion","Relic","Relic","Relic","Relic","Relic","Relic","Relic","Relic","Relic","Relic","Card","Card","Relic","Relic","Relic","Relic","Relic","Relic","Relic","Relic","Relic","Relic","Relic","Relic","Relic","Relic","Relic","Relic","Relic","Relic","Potion","Potion","Relic","Relic","Relic","Relic","Card","Relic","Relic","Relic","Relic","Relic","Potion","Card","Relic","Relic","Potion","Potion","Potion","Relic","Relic","Relic","Relic"],"build_version":"2020-12-22","purchased_purges":16,"victory":false,"max_hp_per_floor":[68,68,68,68,68,68,68,70,70,70,70,70,70,72,72,72,57,57,59,59,65,67,72,72,72,72,76,76,81,88,95,95,100,89,96,103,103,103,110,117,117,124,124,131,131,138,138,145,145,150,155,155,155,160,167,167,167],"card_choices":[{"not_picked":[],"picked":"Bomb","floor":0.0},{"not_picked":["testmod-AdversityCounterattack","Metamorphosis"],"picked":"testmod-VirtualReality","floor":0.0},{"not_picked":["Collect","Crescendo","WaveOfTheHand"],"picked":"SKIP","floor":1.0},{"not_picked":["Pray","MostiFishMod:FlowState","MostiFishMod:Nomercy","MostiFishMod:PathToVictory"],"picked":"ForeignInfluence","floor":4.0},{"not_picked":["PathToVictory","MostiFishMod:ScryFuture","MostiFishMod:LegendTransform","CutThroughFate"],"picked":"Indignation","floor":6.0},{"not_picked":["AT_ChampionStep","WheelKick","CrushJoints","Indignation"],"picked":"Tantrum","floor":7.0},{"not_picked":["EmptyBody","BattleHymn","FlyingSleeves","Vengeance","MostiFishMod:PathToVictory"],"picked":"Singing Bowl","floor":8.0},{"not_picked":["Study","Crescendo","Nirvana","Devotion"],"picked":"Wallop","floor":10.0},{"not_picked":["CrushJoints","FlurryOfBlows","AT_DivineConfetti","Crescendo"],"picked":"Bomb","floor":12.0},{"not_picked":["ClearTheMind","AT_DivineConfetti","JustLucky","Evaluate","MostiFishMod:Clarity"],"picked":"Singing Bowl","floor":14.0},{"not_picked":["DeusExMachina","MostiFishMod:Moonprays","AT_MachinaRedman","Ragnarok"],"picked":"SpiritShield","floor":16},{"not_picked":["Evaluate","PathToVictory","EmptyBody","Pray"],"picked":"FlurryOfBlows","floor":18},{"not_picked":["FlurryOfBlows","MentalFortress","MostiFishMod:PathToVictory","Protect","FollowUp"],"picked":"Singing Bowl","floor":19},{"not_picked":["MostiFishMod:DisColor","Weave","MostiFishMod:PathToVictory","Halt","Swivel+1"],"picked":"Singing Bowl","floor":21},{"not_picked":["Judgement","WreathOfFlame+1","REME_Repentance","SandsOfTime"],"picked":"Adaptation+1","floor":21},{"not_picked":["Crescendo","ConjureBlade","EmptyBody","Sanctity"],"picked":"Omniscience","floor":21},{"not_picked":["CrushJoints","Protect","Sanctity","MostiFishMod:StarLaLaLa","BowlingBash"],"picked":"Singing Bowl","floor":21},{"not_picked":["EmptyBody+1","MostiFishMod:Speedup","MostiFishMod:Clarity","AT_RealColorLess","MostiFishMod:PathToVictory"],"picked":"Singing Bowl","floor":21},{"not_picked":["PathToVictory","ThirdEye","Sanctity","Conclude+1"],"picked":"EmptyMind+1","floor":22},{"not_picked":["Conclude+1","FollowUp","Protect","REME_Repentance+1","PathToVictory"],"picked":"Singing Bowl","floor":23},{"not_picked":["FlyingSleeves","CutThroughFate","CrushJoints","Fasting2"],"picked":"Scrawl","floor":27},{"not_picked":["JustLucky","CrushJoints","Worship","FlurryOfBlows"],"picked":"InnerPeace+1","floor":29},{"not_picked":["ClearTheMind","FlyingSleeves+1","Halt","Crescendo","ReachHeaven"],"picked":"Singing Bowl","floor":30},{"not_picked":["WindmillStrike","Meditate","Worship","Protect","SashWhip"],"picked":"Singing Bowl","floor":31},{"not_picked":["MostiFishMod:StarWish","MostiFishMod:StarHerder+1","AT_IrregularMenstruation","SpiritShield"],"picked":"Devotion+1","floor":33},{"not_picked":["Evaluate","Fasting2+1","BattleHymn+1","Protect","MostiFishMod:PathToVictory"],"picked":"Singing Bowl","floor":35},{"not_picked":["Indignation","FollowUp","MasterReality+1","Protect+1","AT_RealFormLess+1"],"picked":"Singing Bowl","floor":36},{"not_picked":["Prostrate","Evaluate","SignatureMove+1","AT_RealFormLess","PathToVictory"],"picked":"Singing Bowl","floor":39},{"not_picked":["SandsOfTime","PathToVictory+1","InnerPeace+1","Prostrate","MostiFishMod:Dust+1"],"picked":"Singing Bowl","floor":40},{"not_picked":["FlyingSleeves","PathToVictory+1","ClearTheMind","AT_ChampionStep+1","Perseverance+1"],"picked":"Singing Bowl","floor":42},{"not_picked":["EmptyBody","Weave","Conclude+1","Protect","ThirdEye"],"picked":"Singing Bowl","floor":44},{"not_picked":["SandsOfTime","EmptyBody+1","REME_Repentance","MostiFishMod:LegendTransform+1","SignatureMove"],"picked":"Singing Bowl","floor":46},{"not_picked":["Crippling Poison","Clash","MostiFishMod:PerfectParry","All Out Attack","REME_SelfUpgrade+1"],"picked":"Singing Bowl","floor":48},{"not_picked":["Flex","Wild Strike","Quick Slash","Beam Cell","FlurryOfBlows+1"],"picked":"Singing Bowl","floor":55}],"player_experience":831860,"relics_obtained":[{"floor":1.0,"key":"SynthV:TestCard"},{"floor":6.0,"key":"Singing Bowl"},{"floor":9.0,"key":"Damocles"},{"floor":10.0,"key":"AT_BladeRuinedKing"},{"floor":10.0,"key":"Mercury Hourglass"},{"floor":12.0,"key":"reliquary:RoseTintedGlasses"},{"floor":14.0,"key":"Shuriken"},{"floor":18,"key":"AT_ImmortalShieldbow"},{"floor":19,"key":"Art of War"},{"floor":22,"key":"AT_ArchangelStaff"},{"floor":23,"key":"testmod-RealStoneCalender"},{"floor":23,"key":"reliquary:WeakTea"},{"floor":27,"key":"Omamori"},{"floor":27,"key":"EdensBlessing"},{"floor":29,"key":"REME_LimitBreaker"},{"floor":29,"key":"reliquary:PrincelyHelmet"},{"floor":30,"key":"testmod-Antiphasic"},{"floor":31,"key":"reliquary:TridentHead"},{"floor":31,"key":"reliquary:TuningFork"},{"floor":35,"key":"Matryoshka"},{"floor":36,"key":"Bronze Scales"},{"floor":39,"key":"AT_SpeedBoots"},{"floor":40,"key":"SalivaCoin"},{"floor":40,"key":"StrikeDummy"},{"floor":42,"key":"Damaru"},{"floor":42,"key":"Dream Catcher"},{"floor":43,"key":"reliquary:JackalopeAntler"},{"floor":43,"key":"Smiling Mask"},{"floor":44,"key":"TungstenRod"},{"floor":46,"key":"testmod-ObsoleteBoomerang"},{"floor":46,"key":"Regal Pillow"},{"floor":48,"key":"AT_EbonyIvory"},{"floor":55,"key":"SlaversCollar"}],"event_choices":[{"damage_healed":0.0,"max_hp_gain":0.0,"max_hp_loss":0.0,"gold_gain":75.0,"event_name":"World of Goop","player_choice":"Gather Gold","floor":2.0,"gold_loss":0.0,"damage_taken":11.0},{"damage_healed":0.0,"max_hp_gain":0.0,"max_hp_loss":0.0,"gold_gain":0.0,"event_name":"FaceTrader","player_choice":"Trade","floor":13.0,"gold_loss":0.0,"damage_taken":0.0,"relics_obtained":["SsserpentHead"]},{"damage_healed":0,"gold_gain":0,"player_choice":"Ignored","damage_taken":0,"max_hp_gain":0,"max_hp_loss":0,"event_name":"Ghosts","floor":25,"gold_loss":0},{"damage_healed":0,"gold_gain":0,"player_choice":"Obtained Relic","damage_taken":0,"relics_obtained":["HowToJump"],"max_hp_gain":0,"max_hp_loss":0,"event_name":"Addict","floor":28,"gold_loss":85},{"damage_healed":0,"gold_gain":0,"player_choice":"Fight","damage_taken":0,"max_hp_gain":0,"max_hp_loss":0,"event_name":"Mysterious Sphere","floor":44,"gold_loss":0}],"is_beta":false,"boss_relics":[{"not_picked":["REME_DuelDisc","GreenFoldingFan"],"picked":"FeatherPendant"},{"not_picked":[]},{"not_picked":["testmod-BatchProcessingSystem","testmod-StringDisintegrator"],"picked":"HereWithMe"},{"not_picked":[]}],"items_purged_floors":[5,5,17,20,20,21,32,34,37,38,41,45,47,49,53,54],"is_endless":false,"potions_floor_spawned":[4,6,7,14,16,22,23,29,33,35,39,42,46,55],"killed_by":"Delirium","ascension_level":20}}