{"host":"9rexl4trwadr43zo","time":1612365966,"event":{"mods":["BaseMod","Colored Map","Minty Spire (QoL Compilation)"],"gold_per_floor":[109,122,122,136,151,151,166,176,176,176,176,176,206,220,220,317,317,333,333,77,88,39,39,64,74,74,74,89,89,89],"floor_reached":29,"language":"ENG","playtime":8669,"items_purged":["Strike_R"],"score":434,"play_id":"584eee99-ddb6-42a4-9091-b4e18e9a4911","local_time":"20210203152606","is_ascension_mode":true,"campfire_choices":[{"data":"Bash","floor":6,"key":"SMITH"},{"data":"Body Slam","floor":10,"key":"SMITH"},{"data":"Shrug It Off","floor":12,"key":"SMITH"},{"data":"Intimidate","floor":15,"key":"SMITH"},{"floor":23,"key":"REST"},{"floor":27,"key":"REST"}],"circlet_count":0,"master_deck":["Strike_R","Strike_R","Strike_R","Strike_R","Defend_R","Defend_R","Defend_R","Defend_R","Bash+1","Cleave","Sword Boomerang","Body Slam+1","Shrug It Off+1","Intimidate+1","Barricade+1","Pommel Strike","Evolve"],"relics":["Burning Blood","Happy Flower","Darkstone Periapt","Juzu Bracelet","Busted Crown","HandDrill","Centennial Puzzle","Eternal Feather"],"acts_visited":["Exordium","TheCity"],"potions_floor_usage":[13,16,21,29],"damage_taken":[{"damage":0,"enemies":"Small Slimes","floor":1,"turns":3},{"damage":0,"enemies":"2 Louse","floor":2,"turns":3},{"damage":1,"enemies":"Cultist","floor":4,"turns":3},{"damage":1,"enemies":"Exordium Thugs","floor":5,"turns":4},{"damage":7,"enemies":"Gremlin Gang","floor":7,"turns":3},{"damage":12,"enemies":"Exordium Wildlife","floor":8,"turns":4},{"damage":7,"enemies":"Gremlin Nob","floor":13,"turns":3},{"damage":0,"enemies":"2 Fungi Beasts","floor":14,"turns":3},{"damage":72,"enemies":"Slime Boss","floor":16,"turns":16},{"damage":27,"enemies":"Shell Parasite","floor":18,"turns":5},{"damage":23,"enemies":"3 Byrds","floor":21,"turns":6},{"damage":29,"enemies":"Gremlin Leader","floor":24,"turns":8},{"damage":21,"enemies":"Snecko","floor":25,"turns":6},{"damage":37,"enemies":"Sentry and Sphere","floor":28,"turns":9},{"damage":22,"enemies":"Shelled Parasite and Fungi","floor":29,"turns":5}],"seed_played":"-6735509006331382846","potions_obtained":[{"floor":8,"key":"Energy Potion"},{"floor":11,"key":"SpeedPotion"},{"floor":11,"key":"LiquidMemories"},{"floor":14,"key":"SkillPotion"},{"floor":16,"key":"FearPotion"},{"floor":24,"key":"LiquidBronze"}],"is_trial":false,"path_per_floor":["M","M","?","M","M","R","M","M","T","R","?","R","E","M","R","B",null,"M","?","$","M","$","R","E","M","T","R","M","M"],"character_chosen":"IRONCLAD","items_purchased":["Evolve","HandDrill","SpeedPotion"],"campfire_rested":2,"item_purchase_floors":[20,20,22],"current_hp_per_floor":[80,80,85,85,85,85,84,78,78,78,78,78,77,83,83,17,68,47,47,47,30,30,55,32,17,17,51,20,0,0],"gold":89,"neow_bonus":"RANDOM_COMMON_RELIC","is_daily":false,"chose_seed":false,"campfire_upgraded":4,"win_rate":0.0,"timestamp":1612365966,"path_taken":["M","M","?","M","M","R","M","M","T","R","?","R","E","M","R","BOSS","M","?","$","M","?","R","E","M","T","R","M","M"],"items_purchased_type":["Card","Relic","Potion"],"build_version":"2020-12-22","purchased_purges":1,"victory":false,"max_hp_per_floor":[80,80,85,85,85,85,85,85,85,85,85,85,85,85,85,85,85,85,85,85,85,85,85,85,85,85,85,85,85,85],"card_choices":[{"not_picked":["Heavy Blade","Pommel Strike"],"picked":"Cleave","floor":1},{"not_picked":["Headbutt","Infernal Blade"],"picked":"Sword Boomerang","floor":2},{"not_picked":["Clothesline","Infernal Blade","Perfected Strike"],"picked":"SKIP","floor":4},{"not_picked":["Anger","True Grit","Offering"],"picked":"SKIP","floor":5},{"not_picked":["Ghostly Armor","Power Through"],"picked":"Body Slam","floor":7},{"not_picked":["Fire Breathing","Anger"],"picked":"Shrug It Off","floor":8},{"not_picked":["Perfected Strike","Havoc","Offering"],"picked":"SKIP","floor":13},{"not_picked":["Power Through","Cleave"],"picked":"Intimidate","floor":14},{"not_picked":["Reaper","Brutality"],"picked":"Barricade","floor":16},{"not_picked":[],"picked":"Pommel Strike","floor":18},{"not_picked":["Iron Wave"],"picked":"SKIP","floor":21},{"not_picked":["Perfected Strike+1"],"picked":"SKIP","floor":24},{"not_picked":["Headbutt"],"picked":"SKIP","floor":25},{"not_picked":["Warcry"],"picked":"SKIP","floor":28}],"player_experience":296108,"relics_obtained":[{"floor":9,"key":"Darkstone Periapt"},{"floor":13,"key":"Juzu Bracelet"},{"floor":24,"key":"Centennial Puzzle"},{"floor":26,"key":"Eternal Feather"}],"event_choices":[{"damage_healed":0,"gold_gain":0,"player_choice":"Donut","damage_taken":0,"max_hp_gain":5,"max_hp_loss":0,"event_name":"Big Fish","floor":3,"gold_loss":0},{"damage_healed":0,"gold_gain":0,"player_choice":"Got Potions","damage_taken":0,"max_hp_gain":0,"max_hp_loss":0,"event_name":"Lab","floor":11,"gold_loss":0},{"damage_healed":0,"gold_gain":0,"player_choice":"Forge","damage_taken":0,"max_hp_gain":0,"max_hp_loss":0,"event_name":"Accursed Blacksmith","floor":19,"gold_loss":0,"cards_upgraded":["Barricade"]}],"is_beta":false,"boss_relics":[{"not_picked":["SacredBark","Velvet Choker"],"picked":"Busted Crown"}],"items_purged_floors":[20],"is_endless":false,"potions_floor_spawned":[8,14,16,24],"killed_by":"Shelled Parasite and Fungi","ascension_level":5}}