{"host":"hpn0uxah5qjr7pa6","time":1612333962,"event":{"mods":["Act Like it!","Aspiration","BaseMod","Better Third Choice","BetterRewards","Challenge The Spire","Colored Powertips","Conspire","Downfall","Energized Spire","Hallownest","Hermit","Hubris","Infinite Spire","Minty Spire (QoL Compilation)","Permanent Neow","Quick Restart","Rare Cards Sparkle","Replay The Spire","Spicy Shops","StSLib","The Bug Knight","The Jungle"],"gold_per_floor":[99,111,121,28,28,28,55,73,58,77,77,77,77,93,112,216,216,216,231,231,141,152,152,176,191,191,191,191,291,291,291,291,310,379,479,479,479,498,498,498,513,513,513,513,186,197,197,215,233,268,286,288],"floor_reached":53,"language":"ENG","playtime":2714,"items_purged":["Writhe","Pot Of Greed"],"score":674,"play_id":"d4a1eaa1-f2ec-4425-be60-0ddd28721f4a","local_time":"20210202223242","is_ascension_mode":true,"campfire_choices":[{"floor":1,"key":"DIG"},{"data":"bronze:BronzeOrb","floor":11,"key":"SMITH"},{"floor":13,"key":"REST"},{"data":"bronze:WhirlingStrike","floor":18,"key":"SMITH"},{"data":"bronze:Repair","floor":28,"key":"SMITH"},{"data":"infinitespire:Starlight","floor":32,"key":"SMITH"},{"data":"hubris:Fate","floor":44,"key":"SMITH"}],"circlet_count":0,"master_deck":["bronze:Strike","bronze:Strike","bronze:Strike","bronze:Strike","bronze:Defend","bronze:Defend","bronze:Defend","bronze:Defend","bronze:Replicate","bronze:Goto","bronze:AlphaBuild","bronze:WhirlingStrike+1","bronze:OilSpill","bronze:Repair+1","bronze:BronzeOrb+1","bronze:OilSpill","bronze:Repair","CurseOfTheBell","Pot Of Greed","hubris:Fate+1","infinitespire:Starlight+1","bronze:Branch","bronze:InfiniteLoop","bronze:Branch+1","Panache","bronze:Repair","bronze:BronzeOrb+1","bronze:BronzeOrb+1","bronze:OilSpill+1"],"relics":["bronze:BronzeCore","Bronze Scales","Sling","hubris:MedicalManual","Centennial Puzzle","Calling Bell","Grinning Jar","White Beast Statue","Ginger","ReplayFunnel","Replay:Wanted Poster","aspiration:ArtOfWarUpgrade","Philosopher\u0027s Stone","bronze:PlatinumCore","Pear","hubris:Potato","HollowMod:PaleOreRelic"],"acts_visited":["Hallownest:Greenpath","Hallownest:CityofTears","Hallownest:KingdomsEdge"],"potions_floor_usage":[4,16,16,22,25,25,33,35,45,52,52],"damage_taken":[{"damage":4,"enemies":"Hallownest:2_MossCreeps","floor":2,"turns":4},{"damage":0,"enemies":"2_ Uuma","floor":3,"turns":2},{"damage":6,"enemies":"downfall:FleeingMerchant","floor":4,"turns":4},{"damage":2,"enemies":"Hallownest:monsterHuskGuard","floor":8,"turns":2},{"damage":0,"enemies":"downfall:FleeingMerchant","floor":9,"turns":4},{"damage":1,"enemies":"Hallownest:1_Baldur_1_Crawlid_1_Warrior","floor":10,"turns":5},{"damage":11,"enemies":"Hallownest:1_Ooma_and_2_Uuma","floor":14,"turns":5},{"damage":9,"enemies":"Hallownest:MossCreep_and_Mosskin","floor":15,"turns":4},{"damage":27,"enemies":"IC_STATUS_ARCHETYPE","floor":16,"turns":7},{"damage":15,"enemies":"Hallownest:2_Mistakes","floor":19,"turns":4},{"damage":7,"enemies":"downfall:FleeingMerchant","floor":21,"turns":4},{"damage":8,"enemies":"Hallownest:3_Youths","floor":22,"turns":4},{"damage":19,"enemies":"Hallownest:2_Flukemon","floor":25,"turns":7},{"damage":21,"enemies":"Hallownest:3_Mistakes","floor":33,"turns":12},{"damage":0,"enemies":"Hallownest:Glutton_and_Coward","floor":34,"turns":3},{"damage":95,"enemies":"DF_ARCHETYPE_CLAW","floor":35,"turns":9},{"damage":36,"enemies":"Hallownest:3_Siblings","floor":38,"turns":9},{"damage":2,"enemies":"Hallownest:Shield_Heavy","floor":41,"turns":3},{"damage":12,"enemies":"downfall:FleeingMerchant","floor":45,"turns":3},{"damage":5,"enemies":"Hallownest:Shield_Sturdy","floor":46,"turns":5},{"damage":8,"enemies":"Hallownest:2_Soldiers_and_1_Guardian","floor":48,"turns":5},{"damage":4,"enemies":"Hallownest:monsterPrimalAspid","floor":49,"turns":3},{"damage":0,"enemies":"Hallownest:StalkingDevout","floor":50,"turns":3},{"damage":12,"enemies":"Hallownest:Shield_Sturdy","floor":51,"turns":5},{"damage":60,"enemies":"WA_ARCHETYPE_DIVINITY","floor":52,"turns":9}],"seed_played":"-2999846207071010695","potions_obtained":[{"floor":3,"key":"EssenceOfSteel"},{"floor":10,"key":"sneckomod:MuddlingPotion"},{"floor":14,"key":"LiquidBronze"},{"floor":15,"key":"Explosive Potion"},{"floor":16,"key":"Toxic Potion"},{"floor":19,"key":"Strength Potion"},{"floor":22,"key":"champ:CounterPotion"},{"floor":25,"key":"Adrenaline Potion"},{"floor":33,"key":"Toxic Potion"},{"floor":34,"key":"sneckomod:MuddlingPotion"},{"floor":35,"key":"Milkshake"},{"floor":38,"key":"LiquidMemories"},{"floor":41,"key":"Energy Potion"},{"floor":45,"key":"bronze:CleanCodePotion"},{"floor":46,"key":"Block Potion"},{"floor":49,"key":"FairyPotion"}],"is_trial":false,"path_per_floor":["R","M","M","$","?","T","T","M","$","M","R","?","R","M","M","B",null,"R","M","?","$","M","?","T","M","?","?","R","AVR","PTL","PTL","R","M","M","B",null,"R","M","?","AVR","M","R","T","R","$","M","?","M","M","E","M","B",null],"character_chosen":"THE_AUTOMATON","items_purchased":["Sling","hubris:Potato","Panache"],"campfire_rested":1,"item_purchase_floors":[4,45,45],"current_hp_per_floor":[70,66,66,60,68,68,68,73,73,77,77,67,78,74,69,56,78,78,77,77,78,77,73,73,59,59,67,67,67,67,67,67,78,78,8,78,78,77,78,78,78,78,88,88,88,88,98,98,94,98,93,60],"gold":288,"neow_bonus":"ONE_RANDOM_RARE_CARD","is_daily":false,"chose_seed":false,"campfire_upgraded":5,"win_rate":0.0,"timestamp":1612333962,"path_taken":["R","M","M","$","?","?","T","M","$","M","R","?","R","M","M","BOSS","R","M","?","$","M","?","T","M","?","?","R","AVR","PTL","PTL","R","?","M","BOSS","R","M","?","AVR","?","R","T","R","$","M","?","M","M","E","M","BOSS"],"items_purchased_type":["Relic","Relic","Card"],"build_version":"2020-12-22","purchased_purges":2,"victory":true,"max_hp_per_floor":[70,70,70,70,78,78,78,78,78,78,78,78,78,78,78,78,78,78,78,78,78,78,78,78,78,78,78,78,78,78,78,78,78,78,78,78,78,78,78,78,78,78,88,88,88,88,98,98,98,98,98,98],"card_choices":[{"not_picked":["bronze:BronzeArmor","bronze:BugBarrage"],"picked":"bronze:WhirlingStrike","floor":2},{"not_picked":["bronze:Invalidate","bronze:Branch"],"picked":"bronze:OilSpill","floor":3},{"not_picked":["bronze:CutThrough","bronze:BuggyMess"],"picked":"bronze:Repair","floor":4},{"not_picked":["bronze:BitShift","bronze:Constructor"],"picked":"bronze:BronzeOrb","floor":8},{"not_picked":["bronze:FineTuning","bronze:Constructor","bronze:BuggyMess"],"picked":"SKIP","floor":9},{"not_picked":["bronze:WhirlingStrike","bronze:ItsAFeature"],"picked":"bronze:OilSpill","floor":10},{"not_picked":["bronze:Deprecate","bronze:BitShift"],"picked":"bronze:Repair","floor":14},{"not_picked":["bronze:Shield","bronze:ClassDefault","bronze:InfiniteBeams"],"picked":"SKIP","floor":15},{"not_picked":["bronze:Format","bronze:SpaghettiCode"],"picked":"bronze:AlphaBuild","floor":16},{"not_picked":["bronze:WildBeam+1","bronze:Safeguard","bronze:ItsAFeature"],"picked":"SKIP","floor":19},{"not_picked":["bronze:Iterate","bronze:ThunderWave","bronze:BuggyMess"],"picked":"SKIP","floor":21},{"not_picked":["bronze:Shell+1","bronze:Flail","bronze:ItsAFeature"],"picked":"SKIP","floor":22},{"not_picked":["bronze:FineTuning","bronze:Constructor","bronze:Repulsor+1"],"picked":"SKIP","floor":25},{"not_picked":["bronze:Overheat","bronze:Boost"],"picked":"bronze:Branch","floor":33},{"not_picked":["bronze:Turbo","bronze:NullPointer","bronze:Shield+1"],"picked":"SKIP","floor":34},{"not_picked":["bronze:TinkerersToolbox","bronze:Verify"],"picked":"bronze:InfiniteLoop","floor":35},{"not_picked":["bronze:Invalidate+1","bronze:CloningBeam","bronze:Constructor+1"],"picked":"SKIP","floor":38},{"not_picked":["bronze:Overheat","bronze:BitShift","bronze:Allocate"],"picked":"SKIP","floor":41},{"not_picked":["bronze:Constructor","bronze:Shield"],"picked":"bronze:Branch+1","floor":45},{"not_picked":["bronze:Repulsor","bronze:DelayedGuard+1"],"picked":"bronze:Repair","floor":46},{"not_picked":["bronze:Separator","bronze:Iterate+1"],"picked":"bronze:BronzeOrb+1","floor":48},{"not_picked":["bronze:WhirlingStrike+1","bronze:Invalidate"],"picked":"bronze:BronzeOrb+1","floor":49},{"not_picked":["bronze:Frontload","bronze:Format","bronze:Flail"],"picked":"SKIP","floor":50},{"not_picked":["bronze:WildBeam+1","bronze:Separator"],"picked":"bronze:OilSpill+1","floor":51}],"player_experience":168751,"relics_obtained":[{"floor":1,"key":"Bronze Scales"},{"floor":6,"key":"hubris:MedicalManual"},{"floor":7,"key":"Centennial Puzzle"},{"floor":17,"key":"Grinning Jar"},{"floor":17,"key":"White Beast Statue"},{"floor":17,"key":"Ginger"},{"floor":24,"key":"ReplayFunnel"},{"floor":43,"key":"Pear"},{"floor":50,"key":"HollowMod:PaleOreRelic"}],"event_choices":[],"is_beta":false,"boss_relics":[{"not_picked":["aspiration:WatcherSkillbook","aspiration:IroncladSkillbook"],"picked":"Calling Bell"},{"not_picked":["Snecko Eye","ReplayTheSpireMod:DimensionalGlitch"],"picked":"Philosopher\u0027s Stone"}],"items_purged_floors":[21,45],"is_endless":false,"potions_floor_spawned":[3,10,14,15,16,19,21,22,25,33,34,35,38,41,45,46,48,49,50,51],"ascension_level":4}}