{"host":"v2nniiiz7kpx7fwo","time":1612349180,"event":{"mods":["2.2 Compatiblity","AchievementEnabler","BaseMod","Colored Map","Colored Powertips","DeckTracker","Highlight Path","KOR Keyword Fix","Minty Spire (QoL Compilation)","Permanent Neow","Rare Cards Sparkle","StSLib","SuperFastMode"],"gold_per_floor":[116,116,42,55,55,55,84,97,120,120,120,120,150,163,163,268,268,278,288,301,226,246,273,273,287,287,287,287],"floor_reached":27,"language":"KOR","playtime":1052,"items_purged":["Strike_R"],"score":362,"play_id":"6be56b2d-cf31-4ab6-b3dc-974c9c151158","local_time":"20210203194620","is_ascension_mode":true,"campfire_choices":[{"data":"Fire Breathing","floor":6.0,"key":"SMITH"},{"data":"Feed","floor":10.0,"key":"SMITH"},{"data":"Dark Embrace","floor":12.0,"key":"SMITH"},{"floor":15.0,"key":"REST"},{"data":"True Grit","floor":24.0,"key":"SMITH"}],"circlet_count":0,"master_deck":["Strike_R","Strike_R","Strike_R","Defend_R","Defend_R","Defend_R","Defend_R","Bash","Fire Breathing+1","Dark Embrace+1","Cleave","Feed+1","Shrug It Off","Pummel","True Grit+1","Thunderclap","Double Tap","Body Slam","Offering"],"relics":["Burning Blood","NeowsBlessing","Red Skull","Nunchaku","Happy Flower","Runic Pyramid","Regal Pillow","Matryoshka"],"acts_visited":["Exordium","TheCity"],"potions_floor_usage":[27],"damage_taken":[{"damage":0.0,"enemies":"Cultist","floor":1.0,"turns":1.0},{"damage":0.0,"enemies":"Small Slimes","floor":4.0,"turns":1.0},{"damage":0.0,"enemies":"Lagavulin","floor":7.0,"turns":3.0},{"damage":0.0,"enemies":"2 Louse","floor":8.0,"turns":3.0},{"damage":59.0,"enemies":"Gremlin Nob","floor":13.0,"turns":5.0},{"damage":0.0,"enemies":"Gremlin Gang","floor":14.0,"turns":2.0},{"damage":48.0,"enemies":"Hexaghost","floor":16.0,"turns":9.0},{"damage":14.0,"enemies":"Chosen","floor":18.0,"turns":4.0},{"damage":26.0,"enemies":"2 Thieves","floor":19.0,"turns":5.0},{"damage":30.0,"enemies":"Snecko","floor":20.0,"turns":5.0},{"damage":34.0,"enemies":"Centurion and Healer","floor":22.0,"turns":6.0},{"damage":0.0,"enemies":"Gremlin Leader","floor":23.0,"turns":7.0},{"damage":22.0,"enemies":"Cultist and Chosen","floor":25.0,"turns":5.0},{"damage":31,"enemies":"Book of Stabbing","floor":27,"turns":5}],"seed_played":"-4989497820472229852","potions_obtained":[{"floor":7.0,"key":"BloodPotion"},{"floor":8.0,"key":"SkillPotion"},{"floor":14.0,"key":"LiquidBronze"},{"floor":19.0,"key":"ElixirPotion"},{"floor":22.0,"key":"Block Potion"}],"is_trial":false,"path_per_floor":["M","T","$","M","?","R","E","M","T","R","?","R","E","M","R","B",null,"M","M","M","$","M","E","R","M","T","E"],"character_chosen":"IRONCLAD","items_purchased":["Dark Embrace"],"campfire_rested":1,"item_purchase_floors":[3],"current_hp_per_floor":[80,80,80,80,80,80,80,83,83,83,83,83,30,36,60,18,83,75,59,39,39,15,40,40,28,28,0,0],"gold":287,"neow_bonus":"THREE_ENEMY_KILL","is_daily":false,"chose_seed":false,"campfire_upgraded":4,"win_rate":0.0,"timestamp":1612349180,"path_taken":["M","?","$","M","?","R","E","M","T","R","?","R","E","M","R","BOSS","M","M","M","$","?","E","R","M","T","E"],"items_purchased_type":["Card"],"build_version":"2020-12-22","purchased_purges":1,"victory":false,"max_hp_per_floor":[80,80,80,80,80,80,80,83,83,83,83,83,83,83,83,83,83,83,87,91,91,95,95,95,99,99,99,99],"card_choices":[{"not_picked":["Clash","Headbutt"],"picked":"Fire Breathing","floor":1.0},{"not_picked":["Iron Wave","Clash"],"picked":"Cleave","floor":4.0},{"not_picked":["Flex","Barricade"],"picked":"Feed","floor":7.0},{"not_picked":["Sword Boomerang","Havoc"],"picked":"Shrug It Off","floor":8.0},{"not_picked":["Whirlwind","Body Slam"],"picked":"True Grit","floor":13.0},{"not_picked":["Cleave","Havoc"],"picked":"Thunderclap","floor":14.0},{"not_picked":["Juggernaut","Feed"],"picked":"Double Tap","floor":16.0},{"not_picked":["Sword Boomerang","Clothesline+1"],"picked":"Body Slam","floor":18.0},{"not_picked":["Carnage","Body Slam","Anger+1"],"picked":"SKIP","floor":19.0},{"not_picked":["Iron Wave","Cleave","Hemokinesis"],"picked":"SKIP","floor":20.0},{"not_picked":["Clash","Flex"],"picked":"Offering","floor":22.0},{"not_picked":["Thunderclap+1","Warcry","Havoc"],"picked":"SKIP","floor":23.0},{"not_picked":["Havoc","Pummel","Pommel Strike+1"],"picked":"SKIP","floor":25.0}],"player_experience":349715,"relics_obtained":[{"floor":2.0,"key":"Red Skull"},{"floor":7.0,"key":"Nunchaku"},{"floor":13.0,"key":"Happy Flower"},{"floor":23.0,"key":"Regal Pillow"},{"floor":26.0,"key":"Matryoshka"}],"event_choices":[{"damage_healed":0.0,"max_hp_gain":0.0,"max_hp_loss":0.0,"gold_gain":0.0,"event_name":"Liars Game","player_choice":"Ignored","floor":5.0,"gold_loss":0.0,"damage_taken":0.0},{"damage_healed":0.0,"max_hp_gain":0.0,"max_hp_loss":0.0,"gold_gain":0.0,"cards_transformed":["Strike_R"],"event_name":"Transmorgrifier","player_choice":"Transformed","floor":11.0,"gold_loss":0.0,"damage_taken":0.0,"cards_obtained":["Pummel"]}],"is_beta":false,"boss_relics":[{"not_picked":["Fusion Hammer","Busted Crown"],"picked":"Runic Pyramid"}],"items_purged_floors":[21],"is_endless":false,"potions_floor_spawned":[7,8,14,19,22],"killed_by":"Book of Stabbing","ascension_level":3}}