{"host":"oewe6473mh2zp5ss","time":1612323601,"event":{"mods":["AchievementEnabler","Aspiration","Bard","BaseMod","Challenge The Spire","Conspire","Curses Come First","Custom Start","Downfall","Emptier Cage","Gremlin Mod","Halation","Hubris","Infinite Spire","Minty Spire (QoL Compilation)","Permanent Neow","Reliquary","Replay The Spire","Robot Space Explorer","Somnambulant","Spikes Relics","StSLib","The Cursed","The Disciple","The Jungle","The Senshi","thorton"],"gold_per_floor":[119,119,119,136,7,7,17,46,46,1,1,17,17,28,28,28,28],"floor_reached":16,"language":"ENG","playtime":1386,"items_purged":[],"score":100,"play_id":"88b3cd9a-3c60-44b5-ba85-f39dd63feea4","local_time":"20210202194001","is_ascension_mode":false,"campfire_choices":[{"floor":6,"key":"REST"},{"floor":15,"key":"REST"}],"circlet_count":0,"master_deck":["Strike_P","Strike_P","Strike_P","Defend_P","Defend_P","Defend_P","Eruption","Vigilance","EmptyBody","Perseverance","EmptyBody","Halt","CrushJoints","Replay:Vibes","ClearTheMind+1","JustLucky","DeusExMachina"],"relics":["PureWater","aspiration:Nostalgia","Replay:M_StaffOfTheSnake","Replay:Mystery Machine","Replay:Bottled Eggs"],"acts_visited":["Exordium"],"potions_floor_usage":[],"damage_taken":[{"damage":7,"enemies":"Cultist","floor":1,"turns":3},{"damage":0,"enemies":"Jaw Worm","floor":4,"turns":3},{"damage":0,"enemies":"2 Louse","floor":7,"turns":3},{"damage":19,"enemies":"3 Sentries","floor":8,"turns":10},{"damage":13,"enemies":"Red Slaver","floor":12,"turns":3},{"damage":4,"enemies":"2 Fungi Beasts","floor":14,"turns":6},{"damage":62,"enemies":"The Guardian","floor":16,"turns":10}],"seed_played":"6791396932136803901","potions_obtained":[{"floor":7,"key":"Adrenaline Potion"},{"floor":12,"key":"Ancient Potion"},{"floor":14,"key":"Energy Potion"}],"is_trial":false,"path_per_floor":["M","?","?","M","$","R","M","E","T","$","$","M","?","M","R","B"],"character_chosen":"WATCHER","items_purchased":["EmptyBody","Halt","CrushJoints","JustLucky"],"campfire_rested":2,"item_purchase_floors":[5,5,5,10],"current_hp_per_floor":[65,58,58,58,58,72,72,53,53,53,53,40,45,41,62,0,0],"gold":28,"neow_bonus":"NOSTALGIA","is_daily":false,"chose_seed":false,"campfire_upgraded":0,"win_rate":0.0,"timestamp":1612323601,"path_taken":["M","?","?","M","$","R","?","E","T","?","$","M","?","M","R","BOSS"],"items_purchased_type":["Card","Card","Card","Card"],"build_version":"2020-12-22","purchased_purges":0,"victory":false,"max_hp_per_floor":[72,72,72,72,72,72,72,72,72,72,72,72,72,72,72,72,72],"card_choices":[{"not_picked":["JustLucky","Sanctity"],"picked":"EmptyBody","floor":1},{"not_picked":["EmptyFist","Replay:AtTheReady"],"picked":"Perseverance","floor":4},{"not_picked":["Replay:BluntJabs","InnerPeace"],"picked":"Replay:Vibes","floor":7},{"not_picked":["Replay:AtTheReady","ThirdEye"],"picked":"ClearTheMind","floor":8},{"not_picked":["Replay:AtTheReady","Dagger Throw"],"picked":"Flying Knee","floor":12},{"not_picked":["CarveReality","Dagger Throw"],"picked":"DeusExMachina","floor":14}],"player_experience":57660,"relics_obtained":[{"floor":8,"key":"Replay:Mystery Machine"},{"floor":9,"key":"Replay:Bottled Eggs"}],"event_choices":[{"cards_removed":["Strike_P"],"damage_healed":0,"gold_gain":0,"player_choice":"Card Removal","damage_taken":7,"max_hp_gain":0,"max_hp_loss":0,"event_name":"Golden Wing","floor":2,"gold_loss":0},{"cards_removed":["Defend_P"],"damage_healed":0,"gold_gain":0,"player_choice":"Purged","damage_taken":0,"max_hp_gain":0,"max_hp_loss":0,"event_name":"Purifier","floor":3,"gold_loss":0},{"cards_removed":["Flying Knee"],"damage_healed":5,"gold_gain":0,"player_choice":"Offered Common","damage_taken":0,"max_hp_gain":0,"max_hp_loss":0,"event_name":"Bonfire Elementals","floor":13,"gold_loss":0},{"cards_removed":["Flying Knee"],"damage_healed":5,"gold_gain":0,"player_choice":"Offered Special","damage_taken":0,"max_hp_gain":0,"max_hp_loss":0,"event_name":"Bonfire Elementals","floor":13,"gold_loss":0}],"is_beta":false,"boss_relics":[],"items_purged_floors":[],"is_endless":false,"potions_floor_spawned":[7,12,14],"killed_by":"The Guardian","ascension_level":0}}