{"host":"mmqs5ul2bvb60kyc","time":1612354270,"event":{"mods":["AchievementEnabler","BaseMod","Colored Map","Colored Powertips","Minty Spire (QoL Compilation)","Quick Restart","StSLib"],"gold_per_floor":[110,110,126,145,155,183,183,210,236,236,260,289,753,791,803,888,900,932,994,1019,1081,1112,1155,895,923,923,955,966,994,1013,1040,1040,1114,1114,1124,600,614,614,162,197,197,223,223,256,275,310,328,162,162,162,162,162,0,31,31],"floor_reached":56,"language":"ZHS","playtime":2217,"items_purged":["Defend_P","Judgement","Vigilance"],"score":2879,"play_id":"53dcbd2d-3a80-48f5-b841-42053b142591","local_time":"20210203201110","is_ascension_mode":true,"campfire_choices":[{"data":"Apotheosis","floor":7.0,"key":"SMITH"},{"floor":10.0,"key":"RECALL"},{"floor":15.0,"key":"REST"},{"data":"Ragnarok","floor":32.0,"key":"SMITH"},{"floor":49.0,"key":"REST"},{"floor":52,"key":"REST"}],"circlet_count":0,"master_deck":["AscendersBane","Eruption","Apotheosis+1","FearNoEvil+1","Pray+1","WheelKick","Ragnarok+1","Study+1","Wallop+1","InnerPeace+1","DeusExMachina+1","Tantrum+1","Omniscience+1","InnerPeace+1","Violence+1","MasterReality","MentalFortress","LessonLearned+1","MentalFortress+1","Worship+1","TalkToTheHand","MentalFortress","Adaptation"],"relics":["PureWater","Toxic Egg 2","Vajra","Dream Catcher","Juzu Bracelet","Meat on the Bone","Ancient Tea Set","PreservedInsect","Orichalcum","MealTicket","Bag of Preparation","Omamori","MawBank","WingedGreaves","Cursed Key","Gambling Chip","Anchor","Incense Burner","Happy Flower","Bottled Tornado","Pandora\u0027s Box","TheAbacus","Nunchaku","ClockworkSouvenir","Question Card","Regal Pillow","Blue Candle","CloakClasp","Bottled Lightning","Bronze Scales","Membership Card","Mango"],"acts_visited":["Exordium","TheCity","TheBeyond","TheEnding"],"potions_floor_usage":[55],"damage_taken":[{"damage":0.0,"enemies":"Cultist","floor":1.0,"turns":2.0},{"damage":0.0,"enemies":"Small Slimes","floor":3.0,"turns":3.0},{"damage":0.0,"enemies":"Jaw Worm","floor":4.0,"turns":3.0},{"damage":0.0,"enemies":"Exordium Thugs","floor":5.0,"turns":2.0},{"damage":2.0,"enemies":"Gremlin Nob","floor":6.0,"turns":3.0},{"damage":0.0,"enemies":"Lagavulin","floor":8.0,"turns":4.0},{"damage":20.0,"enemies":"3 Sentries","floor":12.0,"turns":3.0},{"damage":16.0,"enemies":"Gremlin Nob","floor":13.0,"turns":3.0},{"damage":0.0,"enemies":"Lagavulin","floor":14.0,"turns":4.0},{"damage":0.0,"enemies":"Slime Boss","floor":16.0,"turns":4.0},{"damage":0.0,"enemies":"Spheric Guardian","floor":18.0,"turns":1.0},{"damage":0.0,"enemies":"3 Byrds","floor":20.0,"turns":3.0},{"damage":9.0,"enemies":"Snecko","floor":22.0,"turns":4.0},{"damage":0.0,"enemies":"Slavers","floor":23.0,"turns":1.0},{"damage":8.0,"enemies":"Book of Stabbing","floor":25.0,"turns":2.0},{"damage":0.0,"enemies":"Gremlin Leader","floor":27.0,"turns":1.0},{"damage":0.0,"enemies":"3 Cultists","floor":28.0,"turns":2.0},{"damage":0.0,"enemies":"Slavers","floor":29.0,"turns":1.0},{"damage":0.0,"enemies":"Cultist and Chosen","floor":30.0,"turns":3.0},{"damage":0.0,"enemies":"Gremlin Leader","floor":31.0,"turns":1.0},{"damage":2.0,"enemies":"Champ","floor":33.0,"turns":5.0},{"damage":0.0,"enemies":"Orb Walker","floor":35.0,"turns":1.0},{"damage":0.0,"enemies":"3 Darklings","floor":37.0,"turns":2.0},{"damage":0.0,"enemies":"Giant Head","floor":40.0,"turns":2.0},{"damage":0.0,"enemies":"Reptomancer","floor":42.0,"turns":2.0},{"damage":0.0,"enemies":"Nemesis","floor":44.0,"turns":3.0},{"damage":0.0,"enemies":"Spire Growth","floor":45.0,"turns":4.0},{"damage":0.0,"enemies":"Giant Head","floor":46.0,"turns":3.0},{"damage":0.0,"enemies":"Maw","floor":47.0,"turns":3.0},{"damage":8,"enemies":"Awakened One","floor":50,"turns":7},{"damage":1,"enemies":"Shield and Spear","floor":54,"turns":2},{"damage":40,"enemies":"The Heart","floor":55,"turns":5}],"seed_played":"997662982462182778","potions_obtained":[{"floor":3.0,"key":"BottledMiracle"},{"floor":6.0,"key":"SkillPotion"},{"floor":12.0,"key":"Swift Potion"},{"floor":13.0,"key":"FairyPotion"},{"floor":13.0,"key":"EntropicBrew"},{"floor":13.0,"key":"Swift Potion"},{"floor":27.0,"key":"SteroidPotion"},{"floor":30.0,"key":"DuplicationPotion"}],"is_trial":false,"path_per_floor":["M","?","M","M","M","E","R","E","T","R","T","E","?","E","R","B",null,"M","?","M","?","M","E","$","E","T","E","M","E","M","E","R","B",null,"M","$","M","?","$","E","?","E","T","E","M","E","M","$","R","B",null,"R","$","E","B",null],"character_chosen":"WATCHER","items_purchased":["Violence+1","MentalFortress","TheAbacus","LessonLearned","ClockworkSouvenir","Question Card","Membership Card","Adaptation","CultistPotion"],"campfire_rested":3,"item_purchase_floors":[24,36,36,36,39,39,48,53,53],"current_hp_per_floor":[61,61,61,61,61,59,59,59,59,59,59,39,23,35,53,53,60,60,60,60,60,51,51,62,54,54,54,54,54,54,54,54,52,60,60,62,62,62,62,62,62,62,62,62,62,62,62,62,62,54,60,62,62,75,47],"gold":31,"neow_bonus":"RANDOM_COLORLESS_2","is_daily":false,"chose_seed":false,"campfire_upgraded":2,"win_rate":0.0,"timestamp":1612354270,"path_taken":["M","?","?","M","M","E","R","E","T","R","?","E","?","E","R","BOSS","M","?","M","?","M","E","$","E","T","E","M","E","M","E","R","BOSS","M","$","M","?","?","E","?","E","T","E","M","E","M","$","R","BOSS","R","$","E","BOSS"],"items_purchased_type":["Card","Card","Relic","Card","Relic","Relic","Relic","Card","Potion"],"build_version":"2020-12-22","purchased_purges":3,"victory":true,"max_hp_per_floor":[62,62,62,62,62,62,62,62,62,62,62,62,62,62,62,62,62,62,62,62,62,62,62,62,62,62,62,62,62,62,62,62,62,62,62,62,62,62,62,62,62,62,62,62,62,62,62,62,62,62,62,62,62,76,76],"card_choices":[{"not_picked":["Magnetism","The Bomb"],"picked":"Apotheosis","floor":0.0},{"not_picked":["FollowUp","Protect"],"picked":"FearNoEvil","floor":1.0},{"not_picked":["ForeignInfluence","Crescendo"],"picked":"WheelKick","floor":3.0},{"not_picked":["FlyingSleeves","SashWhip","Halt"],"picked":"SKIP","floor":4.0},{"not_picked":["Halt","Crescendo"],"picked":"Ragnarok","floor":5.0},{"not_picked":["WreathOfFlame+1","WindmillStrike"],"picked":"SandsOfTime","floor":6.0},{"not_picked":["FlurryOfBlows","CarveReality"],"picked":"Study","floor":8.0},{"not_picked":["FlurryOfBlows","SandsOfTime"],"picked":"Wallop","floor":12.0},{"not_picked":["Meditate+1","Worship+1"],"picked":"InnerPeace+1","floor":13.0},{"not_picked":["Pray+1","FlurryOfBlows"],"picked":"DeusExMachina+1","floor":14.0},{"not_picked":["Weave","JustLucky"],"picked":"Tantrum","floor":15.0},{"not_picked":["Devotion","DeusExMachina+1"],"picked":"Omniscience+1","floor":16.0},{"not_picked":["Sanctity+1","CutThroughFate+1","Worship+1"],"picked":"SKIP","floor":18.0},{"not_picked":["EmptyFist","FlyingSleeves"],"picked":"InnerPeace+1","floor":20.0},{"not_picked":["FollowUp+1","FlurryOfBlows","Nirvana"],"picked":"SKIP","floor":22.0},{"not_picked":["Evaluate+1","SashWhip","SignatureMove"],"picked":"SKIP","floor":23.0},{"not_picked":["CutThroughFate","BowlingBash","Judgement+1"],"picked":"SKIP","floor":25.0},{"not_picked":["Wireheading+1","Swivel+1","BattleHymn"],"picked":"SKIP","floor":27.0},{"not_picked":["Evaluate+1","Weave","ThirdEye+1"],"picked":"SKIP","floor":28.0},{"not_picked":["FearNoEvil","Evaluate+1","SandsOfTime"],"picked":"SKIP","floor":29.0},{"not_picked":["Evaluate+1","PathToVictory+1","Sanctity+1"],"picked":"SKIP","floor":30.0},{"not_picked":["Prostrate+1","PathToVictory+1","Swivel+1"],"picked":"SKIP","floor":31.0},{"not_picked":["Omniscience+1","Establishment"],"picked":"MasterReality","floor":33.0},{"not_picked":["LikeWater","PathToVictory+1","FollowUp"],"picked":"SKIP","floor":35.0},{"not_picked":["CrushJoints","FlyingSleeves","Protect+1"],"picked":"SKIP","floor":37.0},{"not_picked":["Sanctity+1","MentalFortress","PathToVictory+1","FlyingSleeves"],"picked":"SKIP","floor":40.0},{"not_picked":["JustLucky","SashWhip","BowlingBash+1"],"picked":"MentalFortress+1","floor":42.0},{"not_picked":["Prostrate+1","ClearTheMind+1","FlurryOfBlows+1"],"picked":"Worship+1","floor":44.0},{"not_picked":["PathToVictory+1","JustLucky","FollowUp+1","BattleHymn"],"picked":"SKIP","floor":45.0},{"not_picked":["Fasting2+1","SashWhip+1","ConjureBlade+1"],"picked":"TalkToTheHand","floor":46.0},{"not_picked":["Evaluate+1","WaveOfTheHand+1","FlurryOfBlows","BowlingBash"],"picked":"SKIP","floor":47.0},{"not_picked":["Prostrate+1","CarveReality","CutThroughFate"],"picked":"MentalFortress","floor":52},{"not_picked":["Prostrate+1","WindmillStrike","FlurryOfBlows","Tantrum"],"picked":"SKIP","floor":54}],"player_experience":328439,"relics_obtained":[{"floor":6.0,"key":"Toxic Egg 2"},{"floor":8.0,"key":"Vajra"},{"floor":11.0,"key":"Dream Catcher"},{"floor":12.0,"key":"Juzu Bracelet"},{"floor":13.0,"key":"Meat on the Bone"},{"floor":13.0,"key":"Ancient Tea Set"},{"floor":13.0,"key":"PreservedInsect"},{"floor":13.0,"key":"Orichalcum"},{"floor":13.0,"key":"MealTicket"},{"floor":13.0,"key":"Bag of Preparation"},{"floor":13.0,"key":"Omamori"},{"floor":13.0,"key":"MawBank"},{"floor":14.0,"key":"WingedGreaves"},{"floor":23.0,"key":"Gambling Chip"},{"floor":25.0,"key":"Anchor"},{"floor":27.0,"key":"Incense Burner"},{"floor":29.0,"key":"Happy Flower"},{"floor":31.0,"key":"Bottled Tornado"},{"floor":40.0,"key":"Regal Pillow"},{"floor":42.0,"key":"Blue Candle"},{"floor":43.0,"key":"CloakClasp"},{"floor":44.0,"key":"Bottled Lightning"},{"floor":46.0,"key":"Bronze Scales"},{"floor":54,"key":"Mango"}],"event_choices":[{"damage_healed":0.0,"max_hp_gain":0.0,"max_hp_loss":0.0,"gold_gain":0.0,"event_name":"Match and Keep!","player_choice":"2 cards matched","floor":2.0,"gold_loss":0.0,"damage_taken":0.0,"cards_obtained":["Pray","Judgement"]},{"damage_healed":0.0,"max_hp_gain":0.0,"max_hp_loss":0.0,"gold_gain":0.0,"event_name":"Match and Keep!","player_choice":"2 cards matched","floor":2.0,"gold_loss":0.0,"damage_taken":0.0,"cards_obtained":["Pray","Judgement"]},{"damage_healed":0.0,"max_hp_gain":0.0,"max_hp_loss":0.0,"gold_gain":30.0,"event_name":"Dead Adventurer","player_choice":"Searched \u00272\u0027 times","floor":13.0,"gold_loss":0.0,"damage_taken":0.0},{"damage_healed":0.0,"max_hp_gain":0.0,"max_hp_loss":0.0,"gold_gain":30.0,"event_name":"Dead Adventurer","player_choice":"Searched \u00272\u0027 times","floor":13.0,"gold_loss":0.0,"damage_taken":0.0},{"damage_healed":0.0,"max_hp_gain":0.0,"max_hp_loss":0.0,"gold_gain":30.0,"event_name":"Dead Adventurer","player_choice":"Searched \u00272\u0027 times","floor":13.0,"gold_loss":0.0,"damage_taken":0.0},{"damage_healed":0.0,"max_hp_gain":0.0,"max_hp_loss":0.0,"gold_gain":30.0,"event_name":"Dead Adventurer","player_choice":"Searched \u00272\u0027 times","floor":13.0,"gold_loss":0.0,"damage_taken":0.0},{"damage_healed":0.0,"max_hp_gain":0.0,"max_hp_loss":0.0,"gold_gain":30.0,"event_name":"Dead Adventurer","player_choice":"Searched \u00272\u0027 times","floor":13.0,"gold_loss":0.0,"damage_taken":0.0},{"damage_healed":0.0,"max_hp_gain":0.0,"max_hp_loss":0.0,"gold_gain":30.0,"event_name":"Dead Adventurer","player_choice":"Searched \u00272\u0027 times","floor":13.0,"gold_loss":0.0,"damage_taken":0.0},{"damage_healed":0.0,"max_hp_gain":0.0,"max_hp_loss":0.0,"gold_gain":30.0,"event_name":"Dead Adventurer","player_choice":"Searched \u00272\u0027 times","floor":13.0,"gold_loss":0.0,"damage_taken":0.0},{"damage_healed":0.0,"max_hp_gain":0.0,"max_hp_loss":0.0,"gold_gain":30.0,"event_name":"Dead Adventurer","player_choice":"Searched \u00272\u0027 times","floor":13.0,"gold_loss":0.0,"damage_taken":0.0},{"damage_healed":0.0,"max_hp_gain":0.0,"max_hp_loss":0.0,"gold_gain":100.0,"event_name":"The Joust","player_choice":"Bet on Murderer","floor":19.0,"gold_loss":50.0,"damage_taken":0.0},{"damage_healed":0.0,"max_hp_gain":0.0,"max_hp_loss":0.0,"gold_gain":50.0,"event_name":"Nest","player_choice":"Stole From Cult","floor":21.0,"gold_loss":0.0,"damage_taken":0.0},{"cards_removed":["SandsOfTime"],"damage_healed":0.0,"max_hp_gain":0.0,"max_hp_loss":0.0,"gold_gain":0.0,"event_name":"WeMeetAgain","player_choice":"Gave Card","floor":38.0,"gold_loss":0.0,"damage_taken":0.0,"relics_obtained":["Nunchaku"]},{"damage_healed":0.0,"max_hp_gain":0.0,"max_hp_loss":0.0,"gold_gain":0.0,"event_name":"Tomb of Lord Red Mask","player_choice":"Ignored","floor":41.0,"gold_loss":0.0,"damage_taken":0.0}],"is_beta":false,"boss_relics":[{"not_picked":["Velvet Choker","Snecko Eye"],"picked":"Cursed Key"},{"not_picked":["Sozu","Fusion Hammer"],"picked":"Pandora\u0027s Box"}],"items_purged_floors":[24,36,53],"is_endless":false,"potions_floor_spawned":[3,6,8,12,13,13,13,13,14,18,22,27,30,35,42,46,54],"ascension_level":16}}