{"host":"7jl4uf745pjtflnx","time":1612392442,"event":{"mods":["BaseMod","BetterRewards","Hubris","Minty Spire (QoL Compilation)","Replay The Spire","StSLib","SuperFastMode","The Construct"],"gold_per_floor":[115,132,132,150,163,191,202,202,202,234,234,265,275,292,292,370,370,386,402,417,72,92,120,120,135,135,135,166,184,200,234,234,308,308,327,337,534,553,570,570,602,622,622,135,165,165,190,190,190,190,190,190,190,25,54,54],"floor_reached":57,"language":"ENG","playtime":3697,"items_purged":["Strike_B","Strike_B","Strike_B","Strike_B","Zap"],"score":3606,"play_id":"60324484-d9a4-4fdf-afa2-caadc21ca2c8","local_time":"20210203174722","is_ascension_mode":true,"campfire_choices":[{"data":"Defragment","floor":8,"key":"SMITH"},{"data":"Defragment","floor":11,"key":"SMITH"},{"floor":15,"key":"RECALL"},{"data":"Defragment","floor":27,"key":"SMITH"},{"data":"Loop","floor":32,"key":"SMITH"},{"floor":40,"key":"REST"},{"floor":46,"key":"REST"},{"floor":49,"key":"REST"},{"data":"hubris:EnhanceAbility","floor":53,"key":"SMITH"}],"circlet_count":0,"master_deck":["AscendersBane","Defend_B+1","Defend_B","Defend_B","Defend_B+1","Dualcast","Conserve Battery","Electrodynamics+1","Seek+1","Cold Snap","Coolheaded","FIFO Queue","Conserve Battery+1","Tempest","Capacitor","Ball Lightning+1","Hello World+1","Cold Snap+1","Capacitor+1","Cold Snap+1","Defragment+1","Loop+1","Chill+1","ReplayTheSpireMod:Calculation Training+1","Rainbow+1","Coolheaded+1","Turbo","Barrage","Defragment+1","White Noise","Glacier","Chaos+1","Crystallizer","Redo+1","Turbo+1","Barrage","Hello World","Chill+1","hubris:Ukulele","Storm","Double Energy+1","Coolheaded+1","hubris:DuctTapeCard","hubris:EnhanceAbility+1","Double Energy","Static Discharge+1","Pot Of Greed","Pot Of Greed","Pot Of Greed","Pot Of Greed","hubris:PowerSurge","Tempest","Pot Of Greed"],"relics":["Cracked Core","hubris:SoftwareUpdate","FossilizedHelix","Orrery","Replay:Antivirus Software","Unceasing Top","Lee\u0027s Waffle","Simple Rune","Prayer Wheel","hubris:Towel","construct:RocketBooster","Omamori","Gremlin Food","Philosopher\u0027s Stone","Happy Flower","construct:FoamFinger","Quantum Egg","StoneCalendar","Onion Ring","Black Star","Torii","Mango","hubris:DuctTape","ClockworkSouvenir","Anchor","Solar Panel","hubris:MedicalManual","Grinning Jar","Iron Hammer","Turnip"],"acts_visited":["Exordium","TheCity","TheBeyond","TheEnding"],"potions_floor_usage":[23,31,41,55,56],"damage_taken":[{"damage":0,"enemies":"Small Slimes","floor":1,"turns":5},{"damage":0,"enemies":"2 Louse","floor":2,"turns":3},{"damage":0,"enemies":"Cultist","floor":4,"turns":4},{"damage":0,"enemies":"Blue Slaver","floor":5,"turns":4},{"damage":0,"enemies":"Lagavulin","floor":6,"turns":7},{"damage":0,"enemies":"Large Slime","floor":7,"turns":3},{"damage":0,"enemies":"3 Sentries","floor":10,"turns":3},{"damage":0,"enemies":"Replay:BlueRogue","floor":12,"turns":5},{"damage":0,"enemies":"3 Louse","floor":13,"turns":5},{"damage":0,"enemies":"Exordium Thugs","floor":14,"turns":5},{"damage":0,"enemies":"Slime Boss","floor":16,"turns":7},{"damage":0,"enemies":"Shell Parasite","floor":18,"turns":5},{"damage":0,"enemies":"Spheric Guardian","floor":19,"turns":4},{"damage":5,"enemies":"Snecko","floor":20,"turns":6},{"damage":0,"enemies":"Centurion and Healer","floor":22,"turns":7},{"damage":15,"enemies":"Slavers","floor":23,"turns":6},{"damage":0,"enemies":"Chosen and Byrds","floor":25,"turns":6},{"damage":9,"enemies":"Replay:Snechameleon","floor":28,"turns":6},{"damage":0,"enemies":"Snake Plant","floor":29,"turns":5},{"damage":0,"enemies":"Cultist and Chosen","floor":30,"turns":4},{"damage":1,"enemies":"Slavers","floor":31,"turns":4},{"damage":0,"enemies":"Automaton","floor":33,"turns":9},{"damage":0,"enemies":"Orb Walker","floor":35,"turns":3},{"damage":0,"enemies":"3 Darklings","floor":36,"turns":3},{"damage":23,"enemies":"Spire Growth","floor":38,"turns":6},{"damage":0,"enemies":"Maw","floor":39,"turns":5},{"damage":26,"enemies":"Reptomancer","floor":41,"turns":6},{"damage":10,"enemies":"Writhing Mass","floor":42,"turns":4},{"damage":0,"enemies":"Nemesis","floor":45,"turns":5},{"damage":0,"enemies":"R_Hoarder","floor":47,"turns":6},{"damage":0,"enemies":"Replay:Hell Engine","floor":50,"turns":7},{"damage":0,"enemies":"hubris:GrandSnecko","floor":51,"turns":12},{"damage":0,"enemies":"Shield and Spear","floor":55,"turns":6},{"damage":22,"enemies":"The Heart","floor":56,"turns":10}],"seed_played":"-3914129957522499188","potions_obtained":[{"floor":7,"key":"Strength Potion"},{"floor":10,"key":"EssenceOfDarkness"},{"floor":16,"key":"Adrenaline Potion"},{"floor":25,"key":"Cursed Concoction"},{"floor":30,"key":"ColorlessPotion"},{"floor":36,"key":"Energy Potion"},{"floor":41,"key":"Toxic Potion"},{"floor":42,"key":"Adrenaline Potion"},{"floor":45,"key":"PowerPotion"}],"is_trial":false,"path_per_floor":["M","M","?","M","M","E","M","R","T","E","R","E","M","M","R","B",null,"M","M","M","$","M","E","?","M","T","R","E","M","M","E","R","B",null,"M","M","?","M","M","R","E","M","T","$","E","R","E","?","R","B","B",null,"R","$","E","B",null],"character_chosen":"DEFECT","items_purchased":["hubris:SoftwareUpdate","FossilizedHelix","Orrery","Coolheaded","FIFO Queue","Defragment","ReplayTheSpireMod:Fabricate Wheel","Replay:Antivirus Software","Tempest","Capacitor","Unceasing Top","Lee\u0027s Waffle","Simple Rune","Ball Lightning","BootSequence+1","Hello World","Defragment","White Noise","hubris:EnhanceAbility","ClockworkSouvenir","Double Energy","Static Discharge+1","hubris:PowerSurge","Tempest"],"campfire_rested":3,"item_purchase_floors":[0,0,0,0,0,0,0,0,0,0,0,0,0,0,0,0,21,21,44,44,44,44,54,54],"current_hp_per_floor":[78,78,78,78,78,78,78,78,78,78,78,78,78,78,78,78,78,78,78,73,73,73,58,58,58,58,58,49,49,49,48,48,48,71,71,71,46,23,23,46,34,24,24,24,24,51,67,62,89,89,91,92,92,92,92,84],"gold":54,"neow_bonus":"","is_daily":false,"chose_seed":false,"campfire_upgraded":5,"win_rate":0.0,"timestamp":1612392442,"path_taken":["M","M","?","M","M","E","M","R","T","E","R","E","M","M","R","BOSS","M","M","M","$","M","E","?","M","T","R","E","M","M","E","R","BOSS","M","?","?","M","M","R","E","M","T","$","E","R","E","?","R","BOSS","BOSS","R","$","E","BOSS"],"items_purchased_type":["Relic","Relic","Relic","Card","Card","Card","Card","Relic","Card","Card","Relic","Relic","Relic","Card","Card","Card","Card","Card","Card","Relic","Card","Card","Card","Card"],"build_version":"2020-12-22","purchased_purges":5,"victory":true,"max_hp_per_floor":[78,78,78,78,78,78,78,78,78,78,78,78,78,78,78,78,78,78,78,78,78,78,78,78,78,78,78,78,78,78,78,78,78,78,78,78,78,78,78,78,92,92,92,92,92,92,92,92,92,92,92,92,92,92,92,92],"card_choices":[{"not_picked":["Hologram","Panic Button"],"picked":"Conserve Battery","floor":0},{"not_picked":["Barrage","Cold Snap"],"picked":"Electrodynamics","floor":0},{"not_picked":["Compile Driver","BasicCrystalCard"],"picked":"Seek","floor":0},{"not_picked":["ReplayTheSpireMod:GoodbyeWorld","Stack"],"picked":"Cold Snap","floor":0},{"not_picked":["Reprogram","Meteor Strike"],"picked":"Conserve Battery","floor":0},{"not_picked":["Conserve Battery","Barrage"],"picked":"Cold Snap","floor":1},{"not_picked":["Conserve Battery","FIFO Queue","Ball Lightning"],"picked":"SKIP","floor":1},{"not_picked":["Panic Button","Ball Lightning"],"picked":"Capacitor","floor":2},{"not_picked":["Go for the Eyes","Beam Cell"],"picked":"Cold Snap","floor":2},{"not_picked":["ReplaySolidLightProjector","Stack","Blizzard"],"picked":"SKIP","floor":4},{"not_picked":["Auto Shields","Stack","Steam"],"picked":"SKIP","floor":4},{"not_picked":["BasicCrystalCard","Cold Snap"],"picked":"Defragment","floor":5},{"not_picked":["Darkness","Go for the Eyes","Conserve Battery"],"picked":"SKIP","floor":5},{"not_picked":["Doom and Gloom","Sweeping Beam","ReplayTheSpireMod:Reroute Power"],"picked":"SKIP","floor":6},{"not_picked":["Gash","Turbo"],"picked":"Loop","floor":7},{"not_picked":["Steam","Time Bomb","Sunder"],"picked":"SKIP","floor":7},{"not_picked":["Fusion","ReplayRNGCard"],"picked":"Chill","floor":10},{"not_picked":["Rebound","Hologram"],"picked":"ReplayTheSpireMod:Calculation Training","floor":12},{"not_picked":["Sunder","Scrape","Stack"],"picked":"SKIP","floor":13},{"not_picked":["BasicCrystalCard","Conserve Battery","Cold Snap"],"picked":"SKIP","floor":13},{"not_picked":["Sweeping Beam","Aggregate","Lockon"],"picked":"SKIP","floor":14},{"not_picked":["Hologram","Gash","Sunder"],"picked":"SKIP","floor":14},{"not_picked":["hubris:Prefetch","Multi-Cast"],"picked":"Rainbow","floor":16},{"not_picked":["Sweeping Beam","BasicCrystalCard"],"picked":"Coolheaded+1","floor":18},{"not_picked":["Sweeping Beam","Beam Cell"],"picked":"Turbo","floor":18},{"not_picked":["Beam Cell","Redo+1"],"picked":"Barrage","floor":19},{"not_picked":["Streamline","Lockon","Steam"],"picked":"SKIP","floor":19},{"not_picked":["Coolheaded","Ball Lightning","Recycle"],"picked":"SKIP","floor":20},{"not_picked":["Steam Power","Redo+1","Rainbow"],"picked":"SKIP","floor":20},{"not_picked":["Sweeping Beam","Compile Driver"],"picked":"Glacier","floor":22},{"not_picked":["Go for the Eyes","Ball Lightning+1","Steam"],"picked":"SKIP","floor":22},{"not_picked":["All For One","Cold Snap"],"picked":"Chaos+1","floor":23},{"not_picked":["Steam+1","Aggregate"],"picked":"Crystallizer","floor":25},{"not_picked":["Panic Button+1","Leap","Recycle"],"picked":"SKIP","floor":25},{"not_picked":["Compile Driver","hubris:Prefetch","Ball Lightning"],"picked":"SKIP","floor":28},{"not_picked":["Go for the Eyes","Gash","Skim"],"picked":"SKIP","floor":29},{"not_picked":["ReplayTheSpireMod:GoodbyeWorld","Gash","Capacitor+1"],"picked":"SKIP","floor":29},{"not_picked":["BasicCrystalCard","Streamline","Barrage"],"picked":"SKIP","floor":30},{"not_picked":["Leap","Steam Power","Fusion"],"picked":"SKIP","floor":30},{"not_picked":["Electrodynamics","Conserve Battery"],"picked":"Redo+1","floor":31},{"not_picked":["Hologram+1","Beam Cell"],"picked":"Turbo+1","floor":35},{"not_picked":["Go for the Eyes+1","Steam","Scrape"],"picked":"SKIP","floor":35},{"not_picked":["ReplayTheSpireMod:Repulse","Gash","Go for the Eyes+1"],"picked":"SKIP","floor":36},{"not_picked":["Barrage","Skim","Sweeping Beam"],"picked":"SKIP","floor":36},{"not_picked":["Skim","Sweeping Beam"],"picked":"Barrage","floor":36},{"not_picked":["ReplayTheSpireMod:Repulse","Gash","Go for the Eyes+1"],"picked":"SKIP","floor":36},{"not_picked":["Force Field","Turbo"],"picked":"Hello World","floor":37},{"not_picked":["Go for the Eyes","BootSequence","Redo"],"picked":"SKIP","floor":38},{"not_picked":["Conserve Battery","Leap","Scrape"],"picked":"SKIP","floor":38},{"not_picked":["BootSequence+1","Aggregate+1"],"picked":"Chill","floor":39},{"not_picked":["BasicCrystalCard","Gash"],"picked":"hubris:Ukulele","floor":39},{"not_picked":["Barrage+1","Steam+1"],"picked":"Storm","floor":41},{"not_picked":["Beam Cell","Time Bomb"],"picked":"Double Energy+1","floor":42},{"not_picked":["Streamline","Gash"],"picked":"Coolheaded+1","floor":42},{"not_picked":["Scrape","ReplayTheSpireMod:GoodbyeWorld","Rip and Tear"],"picked":"SKIP","floor":45},{"not_picked":["Rebound","Compile Driver","Barrage"],"picked":"SKIP","floor":47},{"not_picked":["Redo","Chill","Reprogram"],"picked":"SKIP","floor":55}],"player_experience":761620,"relics_obtained":[{"floor":6,"key":"construct:RocketBooster"},{"floor":10,"key":"Omamori"},{"floor":12,"key":"Gremlin Food"},{"floor":23,"key":"Happy Flower"},{"floor":26,"key":"Quantum Egg"},{"floor":28,"key":"StoneCalendar"},{"floor":31,"key":"Onion Ring"},{"floor":41,"key":"Torii"},{"floor":41,"key":"Mango"},{"floor":43,"key":"hubris:DuctTape"},{"floor":45,"key":"Anchor"},{"floor":45,"key":"Solar Panel"},{"floor":47,"key":"hubris:MedicalManual"},{"floor":47,"key":"Grinning Jar"},{"floor":55,"key":"Iron Hammer"},{"floor":55,"key":"Turnip"}],"event_choices":[{"damage_healed":0,"gold_gain":0,"player_choice":"Gave Potion","damage_taken":0,"relics_obtained":["construct:FoamFinger"],"max_hp_gain":0,"max_hp_loss":0,"event_name":"WeMeetAgain","floor":24,"gold_loss":0},{"damage_healed":0,"gold_gain":0,"player_choice":"Bought 0 Potions","damage_taken":0,"max_hp_gain":0,"max_hp_loss":0,"event_name":"The Woman in Blue","floor":48,"gold_loss":0}],"is_beta":false,"boss_relics":[{"not_picked":["hubris:CrackedHourglass","hubris:Stopwatch"],"picked":"Philosopher\u0027s Stone"},{"not_picked":["Busted Crown","hubris:GrandSneckoEye"],"picked":"Black Star"}],"items_purged_floors":[0,0,0,0,21],"is_endless":false,"potions_floor_spawned":[7,10,13,14,16,18,20,25,30,36,41,42,45],"ascension_level":20}}