{"host":"5sge6gv1nm0vflk2","time":1612392957,"event":{"mods":["AchievementEnabler","Aspiration","Bard","BaseMod","Beaked The Cultist","Better Third Choice","BetterRewards","Challenge The Spire","Colored Powertips","Conspire","Curses Come First","Downfall","Halation","Hubris","Infinite Spire","Minty Spire (QoL Compilation)","Relic Stats","Shade Mod","Shop Mod","Spicy Shops","StSLib","The Construct","The Cursed","The Disciple","The Hierophant","The Runesmith","The Servant 0.9.4"],"gold_per_floor":[118,131,142,142,142,176,19,33,33,76,76,95,115,139,139,139,139],"floor_reached":16,"language":"ENG","playtime":1683,"items_purged":[],"score":114,"play_id":"0cca4cda-742d-4043-80df-0de7529013f6","local_time":"20210203165557","is_ascension_mode":false,"campfire_choices":[{"floor":11,"key":"REST"},{"floor":15,"key":"REST"}],"circlet_count":0,"master_deck":["Strike_S","Strike_S","Strike_S","Defend_S","Defend_S","Defend_S","Defend_S","KidneyShot","Exchange","MoonPhase","Revamp","ShatteredReality","Injury","DoubleEdge","Ricochet","Potential","Sabotage","MoonPhase","TimeWarp"],"relics":["Uniform","Golden Idol","infinitespire:FocusingShard","halation:Pancakes","Runesmith:AutoHammer","Broom"],"acts_visited":["Exordium"],"potions_floor_usage":[16,16],"damage_taken":[{"damage":11,"enemies":"infinitespire:Voidling","floor":1,"turns":4},{"damage":1,"enemies":"Jaw Worm","floor":2,"turns":4},{"damage":0,"enemies":"2 Louse","floor":3,"turns":4},{"damage":42,"enemies":"Gremlin Nob","floor":6,"turns":6},{"damage":1,"enemies":"Exordium Wildlife","floor":8,"turns":5},{"damage":44,"enemies":"3 Sentries","floor":10,"turns":11},{"damage":6,"enemies":"3 Louse","floor":12,"turns":2},{"damage":0,"enemies":"Gremlin Gang","floor":13,"turns":3},{"damage":10,"enemies":"Exordium Thugs","floor":14,"turns":4},{"damage":33,"enemies":"Slime Boss","floor":16,"turns":8}],"seed_played":"-7143566807787352247","potions_obtained":[{"floor":2,"key":"BlessingOfTheForge"},{"floor":3,"key":"champ:CounterPotion"},{"floor":10,"key":"SneckoOil"},{"floor":13,"key":"Block Potion"},{"floor":14,"key":"construct:ShiftPotion"}],"is_trial":true,"path_per_floor":["M","M","M","?","?","E","$","M","T","E","R","M","M","M","R","B"],"character_chosen":"THE_SERVANT","items_purchased":["halation:Pancakes"],"campfire_rested":2,"item_purchase_floors":[7],"current_hp_per_floor":[61,60,60,53,53,11,51,50,50,6,25,19,19,9,28,0,0],"gold":139,"neow_bonus":"","is_daily":false,"chose_seed":false,"campfire_upgraded":0,"win_rate":0.0,"timestamp":1612392957,"path_taken":["M","M","?","?","?","E","?","M","T","E","R","?","M","M","R","BOSS"],"items_purchased_type":["Relic"],"build_version":"2020-12-22","purchased_purges":0,"victory":false,"max_hp_per_floor":[65,65,65,65,65,65,65,65,65,65,65,65,65,65,65,65,65],"relic_stats":{"counters":[10,51],"Golden Idol":32,"obtain_stats":[{"halation:Pancakes":7,"Golden Idol":5,"infinitespire:FocusingShard":6,"Uniform":0,"Broom":10,"Runesmith:AutoHammer":9},{"halation:Pancakes":4,"Golden Idol":3,"infinitespire:FocusingShard":4,"Uniform":0,"Broom":6,"Runesmith:AutoHammer":5},{"halation:Pancakes":18,"Golden Idol":12,"infinitespire:FocusingShard":18,"Uniform":0,"Broom":34,"Runesmith:AutoHammer":23}]},"card_choices":[{"not_picked":["Rearm","Collapse"],"picked":"MoonPhase","floor":1},{"not_picked":["Collapse","TimeTheft"],"picked":"Revamp","floor":2},{"not_picked":["BottledTime","Gouge"],"picked":"ShatteredReality","floor":3},{"not_picked":["Revamp","Spin"],"picked":"DoubleEdge","floor":6},{"not_picked":["StarChef","BottledTime"],"picked":"Ricochet","floor":8},{"not_picked":["ForgedInTime","Comet"],"picked":"Potential","floor":10},{"not_picked":["Starlight","Spin"],"picked":"Sabotage","floor":12},{"not_picked":["Orbit","Revamp"],"picked":"MoonPhase","floor":13},{"not_picked":["Replace","FastForward"],"picked":"TimeWarp","floor":14}],"player_experience":476844,"relics_obtained":[{"floor":6,"key":"infinitespire:FocusingShard"},{"floor":9,"key":"Runesmith:AutoHammer"},{"floor":10,"key":"Broom"}],"event_choices":[{"cards_removed":["Strike_S"],"damage_healed":0,"gold_gain":0,"player_choice":"Card Removal","damage_taken":7,"max_hp_gain":0,"max_hp_loss":0,"event_name":"Golden Wing","floor":4,"gold_loss":0},{"damage_healed":0,"gold_gain":0,"player_choice":"Take Wound","damage_taken":0,"relics_obtained":["Golden Idol"],"max_hp_gain":0,"max_hp_loss":0,"event_name":"Golden Idol","floor":5,"gold_loss":0,"cards_obtained":["Injury"]}],"is_beta":false,"boss_relics":[],"items_purged_floors":[],"is_endless":false,"potions_floor_spawned":[2,3,10,13,14],"killed_by":"Slime Boss","ascension_level":0}}