{"host":"l84l8xigz5v5foa2","time":1612341586,"event":{"mods":["2.2 Compatiblity","AchievementEnabler","BaseMod","Better Note","Better Vampires","BetterRewards","Card Filter","Colored Map","DeckTracker","Downfall","Gremlin Skip","Highlight Path","Keyboard Shortcuts","Minty Spire (QoL Compilation)","Permanent Neow","Quick Restart","Relic Filter","Relic Stats","StSLib","SuperFastMode","Transform Curses","Unknown Chances"],"gold_per_floor":[13,24,43,43,57,57,88,103,103,103,103,28,43,57,57,134,134,146,146,146,164,175,175,8,8,8,28,28,28,28,45,45,116,116,132,145,145,196,214,239,239,239,239,239],"floor_reached":42,"language":"ENG","playtime":1586,"items_purged":["hexamod:Defend"],"score":860,"play_id":"a1701888-9277-4b62-aabe-d8afee9846af","local_time":"20210203173946","is_ascension_mode":true,"campfire_choices":[{"data":"hexamod:Float","floor":6.0,"key":"SMITH"},{"data":"hexamod:NecessarySacrifice","floor":11.0,"key":"SMITH"},{"data":"hexamod:CatchUp","floor":15.0,"key":"SMITH"},{"data":"hexamod:HexaLevel","floor":23.0,"key":"SMITH"},{"data":"hexamod:RainOfEmbers","floor":25.0,"key":"SMITH"},{"data":"hexamod:GhostOfSpirePast","floor":28.0,"key":"SMITH"},{"floor":30,"key":"REST"},{"data":"hexamod:HeatMetal","floor":32,"key":"SMITH"},{"data":"hexamod:FlameSwitch","floor":41,"key":"SMITH"}],"circlet_count":0,"master_deck":["AscendersBane","hexamod:Strike+1","hexamod:Strike+1","hexamod:Strike+1","hexamod:Defend+1","hexamod:Defend+1","hexamod:Defend+1","hexamod:Sear+1","hexamod:Float+1","hexamod:Hexaguard+1","hexamod:CatchUp+1","hexamod:HeatMetal+1","hexamod:ThirdSeal","hexamod:FastForward+1","hexamod:HexaLevel+1","hexamod:NecessarySacrifice+1","hexamod:RainOfEmbers+1","hexamod:FirstSeal","hexamod:ForkedFlame+1","hexamod:SixthSeal","hexamod:HauntingEcho+1","hexamod:AdvancingGuard","hexamod:GhostShield+1","hexamod:GhostOfSpirePast+1","hexamod:GhostOfSpirePast","hexamod:GhostShield+1","hexamod:FlameSwitch+1","hexamod:SpectersWail+1","hexamod:InspiringFlames+1","hexamod:NightmareGuise+1"],"relics":["hexamod:SpiritBrand","hexamod:SoulConsumer","Regal Pillow","bronze:DecasWashers","sneckomod:SneckoTalon","Membership Card","Juzu Bracelet","expansioncontent:StudyCardRelic","champ:DuelingGlove","Pen Nib"],"acts_visited":["Exordium","TheCity","TheBeyond"],"potions_floor_usage":[38,42],"damage_taken":[{"damage":0.0,"enemies":"2 Louse","floor":1.0,"turns":2.0},{"damage":0.0,"enemies":"Small Slimes","floor":2.0,"turns":3.0},{"damage":0.0,"enemies":"Cultist","floor":3.0,"turns":3.0},{"damage":1.0,"enemies":"Blue Slaver","floor":5.0,"turns":4.0},{"damage":13.0,"enemies":"Lagavulin","floor":7.0,"turns":7.0},{"damage":7.0,"enemies":"3 Louse","floor":8.0,"turns":3.0},{"damage":1.0,"enemies":"Large Slime","floor":13.0,"turns":6.0},{"damage":10.0,"enemies":"Gremlin Gang","floor":14.0,"turns":4.0},{"damage":32.0,"enemies":"The Guardian","floor":16.0,"turns":9.0},{"damage":31.0,"enemies":"Chosen","floor":18.0,"turns":7.0},{"damage":0.0,"enemies":"Spheric Guardian","floor":21.0,"turns":3.0},{"damage":4.0,"enemies":"Centurion and Healer","floor":22.0,"turns":7.0},{"damage":0.0,"enemies":"Snake Plant","floor":27.0,"turns":3.0},{"damage":43,"enemies":"Colosseum Slavers","floor":29,"turns":4},{"damage":31,"enemies":"Shelled Parasite and Fungi","floor":31,"turns":5},{"damage":6,"enemies":"Champ","floor":33,"turns":10},{"damage":1,"enemies":"Orb Walker","floor":35,"turns":4},{"damage":0,"enemies":"3 Shapes","floor":36,"turns":7},{"damage":10,"enemies":"2 Orb Walkers","floor":38,"turns":4},{"damage":9,"enemies":"Maw","floor":39,"turns":7},{"damage":23,"enemies":"Nemesis","floor":40,"turns":9},{"damage":58,"enemies":"Reptomancer","floor":42,"turns":6}],"seed_played":"-6059432686050816599","potions_obtained":[{"floor":3.0,"key":"SteroidPotion"},{"floor":5.0,"key":"LiquidMemories"},{"floor":13.0,"key":"FearPotion"},{"floor":18.0,"key":"Block Potion"},{"floor":33,"key":"Strength Potion"},{"floor":39,"key":"BlessingOfTheForge"},{"floor":40,"key":"EssenceOfSteel"}],"is_trial":false,"path_per_floor":["M","M","M","?","M","R","E","M","T","?","R","$","M","M","R","B",null,"M","?","?","M","M","R","$","R","T","M","R","?","R","M","R","B",null,"M","M","?","?","M","E","R","E"],"character_chosen":"THE_SPIRIT","items_purchased":["Membership Card"],"campfire_rested":1,"item_purchase_floors":[24],"current_hp_per_floor":[57,61,63,63,63,63,54,47,47,47,47,47,50,44,44,23,53,33,33,33,44,51,51,51,51,51,62,62,26,59,39,39,44,58,63,63,73,67,69,57,57,0,0,0],"gold":239,"neow_bonus":"ONE_RARE_RELIC","is_daily":false,"chose_seed":false,"campfire_upgraded":8,"win_rate":0.0,"timestamp":1612341586,"path_taken":["M","M","M","?","M","R","E","M","T","?","R","$","M","?","R","BOSS","M","?","?","M","M","R","$","R","T","M","R","?","R","M","R","BOSS","M","M","?","?","M","E","R","E"],"items_purchased_type":["Relic"],"build_version":"2020-12-22","purchased_purges":1,"victory":false,"max_hp_per_floor":[63,63,63,63,63,63,63,63,63,63,63,63,63,63,63,63,63,63,63,63,63,63,63,63,63,63,63,63,63,63,63,63,63,63,63,63,73,73,73,73,73,73,73,73],"relic_stats":{"Regal Pillow":15,"counters":[22,117],"Pen Nib":[1],"Juzu Bracelet":1,"obtain_stats":[{"champ:DuelingGlove":38,"Regal Pillow":7,"bronze:DecasWashers":9,"Pen Nib":40,"Juzu Bracelet":26,"expansioncontent:StudyCardRelic":34,"hexamod:SoulConsumer":0,"Membership Card":24,"sneckomod:SneckoTalon":17,"hexamod:SpiritBrand":0},{"champ:DuelingGlove":19,"Regal Pillow":5,"bronze:DecasWashers":6,"Pen Nib":21,"Juzu Bracelet":12,"expansioncontent:StudyCardRelic":16,"hexamod:SoulConsumer":0,"Membership Card":12,"sneckomod:SneckoTalon":9,"hexamod:SpiritBrand":0},{"champ:DuelingGlove":95,"Regal Pillow":19,"bronze:DecasWashers":22,"Pen Nib":111,"Juzu Bracelet":58,"expansioncontent:StudyCardRelic":80,"hexamod:SoulConsumer":0,"Membership Card":58,"sneckomod:SneckoTalon":41,"hexamod:SpiritBrand":0}]},"card_choices":[{"not_picked":["hexamod:NightmareGuise","hexamod:ChargedBarrage"],"picked":"hexamod:Hexaguard","floor":1.0},{"not_picked":["hexamod:BacktrackSmack","hexamod:PowerFromBeyond"],"picked":"hexamod:CatchUp","floor":2.0},{"not_picked":["hexamod:FlamesFromBeyond","hexamod:FastForward"],"picked":"hexamod:HeatMetal","floor":3.0},{"not_picked":["hexamod:HeatMetal","hexamod:GhostflameBarrier"],"picked":"hexamod:ThirdSeal","floor":5.0},{"not_picked":["hexamod:NightmareGuise","hexamod:DynamicBlow"],"picked":"hexamod:FastForward","floor":7.0},{"not_picked":["hexamod:ThirdSeal","hexamod:NightmareStrike","hexamod:SpectersWail"],"picked":"SKIP","floor":7.0},{"not_picked":["hexamod:NightmareStrike","hexamod:Hexaguard"],"picked":"hexamod:HexaLevel","floor":8.0},{"not_picked":["hexamod:InspiringFlames","hexamod:HeatMetal","hexamod:NightmareStrike"],"picked":"SKIP","floor":8.0},{"not_picked":["hexamod:FastForward","hexamod:RecurringNightmare"],"picked":"hexamod:RainOfEmbers","floor":13.0},{"not_picked":["hexamod:SpectralSpark","hexamod:BacktrackSmack","hexamod:HeatMetal"],"picked":"SKIP","floor":13.0},{"not_picked":["hexamod:ThermalTransfer","hexamod:HeatCrush"],"picked":"hexamod:FirstSeal","floor":14.0},{"not_picked":["hexamod:Again","hexamod:GhostLash","hexamod:SwordOfDarkness"],"picked":"SKIP","floor":14.0},{"not_picked":["hexamod:TimeWarp","hexamod:Toasty"],"picked":"hexamod:ForkedFlame","floor":16.0},{"not_picked":["hexamod:GiftsFromTheDead","hexamod:GhostOfSpirePresent"],"picked":"hexamod:SixthSeal","floor":16.0},{"not_picked":["hexamod:SuperheatedStrike","hexamod:Hexaguard"],"picked":"hexamod:HauntingEcho","floor":18.0},{"not_picked":["hexamod:GhostflameBarrier","hexamod:BurningTouch"],"picked":"hexamod:AdvancingGuard","floor":18.0},{"not_picked":["hexamod:BacktrackSmack","hexamod:AdvancingGuard"],"picked":"hexamod:GhostShield+1","floor":21.0},{"not_picked":["hexamod:GhostShield","hexamod:ExtraCrispy","hexamod:SkipABeat"],"picked":"SKIP","floor":21.0},{"not_picked":["hexamod:FirstSeal","hexamod:SkipABeat"],"picked":"hexamod:GhostOfSpirePast","floor":22.0},{"not_picked":["hexamod:FastForward+1","hexamod:FlamesFromBeyond"],"picked":"hexamod:GhostOfSpirePast","floor":22.0},{"not_picked":["hexamod:ChargedBarrage","hexamod:FastForward","hexamod:Toasty"],"picked":"SKIP","floor":27.0},{"not_picked":["hexamod:Hexaguard","hexamod:SuperheatedStrike","hexamod:NecessarySacrifice"],"picked":"SKIP","floor":27.0},{"not_picked":["hexamod:HeatCrush","hexamod:PhantomCloak"],"picked":"hexamod:GhostShield+1","floor":31},{"not_picked":["hexamod:NightmareStrike","hexamod:FlamesFromBeyond","hexamod:FirstSeal"],"picked":"SKIP","floor":31},{"not_picked":["hexamod:GiftsFromTheDead","hexamod:SixthSeal"],"picked":"hexamod:ApocalypticArmor","floor":33},{"not_picked":["hexamod:HexaLevel","hexamod:SixthSeal"],"picked":"hexamod:FlameSwitch","floor":33},{"not_picked":["hexamod:ChargedBarrage","hexamod:SwordOfDarkness","hexamod:SuperheatedStrike+1"],"picked":"SKIP","floor":35},{"not_picked":["hexamod:Hexaguard","hexamod:PhantomFireball+1","hexamod:ThermalTransfer"],"picked":"SKIP","floor":35},{"not_picked":["hexamod:ShieldOfDarkness","hexamod:FastForward"],"picked":"hexamod:SpectersWail","floor":36},{"not_picked":["hexamod:SpectersWail","hexamod:Haunt"],"picked":"hexamod:InspiringFlames+1","floor":36},{"not_picked":["hexamod:BurningTouch","hexamod:SuperheatedStrike","hexamod:InspiringFlames+1"],"picked":"SKIP","floor":39},{"not_picked":["hexamod:ShieldOfDarkness","hexamod:NightmareStrike","hexamod:NightmareGuise+1"],"picked":"SKIP","floor":39},{"not_picked":["hexamod:ShieldOfDarkness","hexamod:NightmareStrike"],"picked":"hexamod:NightmareGuise+1","floor":39},{"not_picked":["hexamod:BurningTouch","hexamod:SuperheatedStrike","hexamod:InspiringFlames+1"],"picked":"SKIP","floor":39},{"not_picked":["hexamod:PhantomCloak+1","hexamod:HeatMetal","hexamod:ThermalTransfer+1"],"picked":"SKIP","floor":40},{"not_picked":["hexamod:HeatMetal+1","hexamod:ThirdSeal","hexamod:FastForward"],"picked":"SKIP","floor":40}],"player_experience":3532115,"relics_obtained":[{"floor":7.0,"key":"Regal Pillow"},{"floor":9.0,"key":"bronze:DecasWashers"},{"floor":26.0,"key":"Juzu Bracelet"},{"floor":38,"key":"champ:DuelingGlove"},{"floor":40,"key":"Pen Nib"}],"event_choices":[{"damage_healed":0.0,"max_hp_gain":0.0,"max_hp_loss":0.0,"gold_gain":0.0,"event_name":"The Cleric","player_choice":"Leave","floor":4.0,"gold_loss":0.0,"damage_taken":0.0},{"damage_healed":0.0,"max_hp_gain":0.0,"max_hp_loss":0.0,"gold_gain":0.0,"cards_transformed":["hexamod:Strike"],"event_name":"Transmorgrifier","player_choice":"Transformed","floor":10.0,"gold_loss":0.0,"damage_taken":0.0,"cards_obtained":["hexamod:NecessarySacrifice"]},{"damage_healed":0.0,"max_hp_gain":0.0,"max_hp_loss":0.0,"gold_gain":0.0,"event_name":"The Mausoleum","player_choice":"Ignored","floor":19.0,"gold_loss":0.0,"damage_taken":0.0},{"damage_healed":0,"gold_gain":0,"player_choice":"Fight","damage_taken":0,"max_hp_gain":0,"max_hp_loss":0,"event_name":"Colosseum","floor":29,"gold_loss":0},{"damage_healed":0,"gold_gain":0,"player_choice":"Fled From Nobs","damage_taken":0,"max_hp_gain":0,"max_hp_loss":0,"event_name":"Colosseum","floor":29,"gold_loss":0},{"cards_removed":["hexamod:ApocalypticArmor"],"damage_healed":0,"gold_gain":0,"player_choice":"Offered Rare","damage_taken":0,"max_hp_gain":10,"max_hp_loss":0,"event_name":"Bonfire Elementals","floor":37,"gold_loss":0},{"damage_healed":0,"gold_gain":0,"player_choice":"Fight","damage_taken":0,"max_hp_gain":0,"max_hp_loss":0,"event_name":"Mysterious Sphere","floor":38,"gold_loss":0}],"is_beta":false,"boss_relics":[{"not_picked":["Cursed Key","Sozu"],"picked":"sneckomod:SneckoTalon"},{"not_picked":["SacredBark","Busted Crown"],"picked":"expansioncontent:StudyCardRelic"}],"items_purged_floors":[12],"is_endless":false,"potions_floor_spawned":[3,5,13,18,29,33,39,40],"killed_by":"Reptomancer","ascension_level":20}}