{"host":"raai0vtvcfkt8csp","time":1612355160,"event":{"mods":["2.2 Compatiblity","BaseMod","Beaked The Cultist","Block Reminder","Booster Modes","Clockwork Mod","Custom Start","DeckTracker","Defective Defect","Defuse TimeMaze Blight","Dio Mod","Downfall","GifTheSpireLib","Infinite Spire","Minty Spire (QoL Compilation)","Quick Restart","Random Character Button","Rare Cards Sparkle","StSLib","The Marked","Unceasing Turn Reminder"],"gold_per_floor":[113,113,126,142,160,187,187,219,219,252,252,264,276,276,276,371,371,383,400,350,350,350,350],"floor_reached":22,"language":"ENG","playtime":2700,"items_purged":["Parasite"],"score":320,"play_id":"6227d70b-8649-459e-ab8b-dbffc2658672","local_time":"20210203132600","is_ascension_mode":true,"campfire_choices":[{"data":"Clockwork:Inspiration","floor":7.0,"key":"SMITH"},{"floor":15.0,"key":"REST"}],"circlet_count":0,"master_deck":["Clockwork:UnlimitedCogworks","Clockwork:UnlimitedCogworks","Clockwork:UnlimitedCogworks","Clockwork:UnlimitedCogworks","Clockwork:UnlimitedCogworks","Clockwork:UnlimitedCogworks","Clockwork:UnlimitedCogworks","Clockwork:UnlimitedCogworks","Clockwork:UnlimitedCogworks","Clockwork:UnlimitedCogworks","Clockwork:UnlimitedCogworks","Clockwork:UnlimitedCogworks","Clockwork:UnlimitedCogworks","Clockwork:UnlimitedCogworks","Clockwork:UnlimitedCogworks","Clockwork:UnlimitedCogworks","Clockwork:UnlimitedCogworks","Clockwork:UnlimitedCogworks","Clockwork:UnlimitedCogworks","Clockwork:Selectivity","Clockwork:Inspiration+1","Clockwork:EnthusiasticStrike","Clockwork:LiteraryArmor","Clockwork:KaliMa","Clockwork:SystemHardening","Clockwork:Downsize"],"relics":["Clockwork:MomentumEngine","Clockwork:GoldenCog","Gremlin Horn","Smiling Mask","bronze:BronzeIdol","Meat on the Bone","Clockwork:QuicksilverHourglass","infinitespire:Cupcake","Darkstone Periapt"],"acts_visited":["Exordium","TheCity"],"potions_floor_usage":[],"damage_taken":[{"damage":13.0,"enemies":"2 Louse","floor":1.0,"turns":4.0},{"damage":0.0,"enemies":"Cultist","floor":3.0,"turns":4.0},{"damage":6.0,"enemies":"Small Slimes","floor":4.0,"turns":3.0},{"damage":7.0,"enemies":"Blue Slaver","floor":5.0,"turns":3.0},{"damage":0.0,"enemies":"Gremlin Nob","floor":6.0,"turns":2.0},{"damage":0.0,"enemies":"Lagavulin","floor":8.0,"turns":4.0},{"damage":48.0,"enemies":"Gremlin Nob","floor":10.0,"turns":4.0},{"damage":15.0,"enemies":"Exordium Thugs","floor":12.0,"turns":5.0},{"damage":25.0,"enemies":"Red Slaver","floor":13.0,"turns":4.0},{"damage":36.0,"enemies":"Hexaghost","floor":16.0,"turns":6.0},{"damage":40,"enemies":"Shell Parasite","floor":18,"turns":5},{"damage":0,"enemies":"Spheric Guardian","floor":19,"turns":4},{"damage":47,"enemies":"Cultist and Chosen","floor":22,"turns":6}],"seed_played":"-6249748149964310932","potions_obtained":[{"floor":2.0,"key":"GamblersBrew"},{"floor":2.0,"key":"Fire Potion"},{"floor":2.0,"key":"hexamod:SoulburnPotion"},{"floor":5.0,"key":"GamblersBrew"},{"floor":6.0,"key":"Swift Potion"},{"floor":8.0,"key":"hexamod:SoulburnPotion"},{"floor":10.0,"key":"Regen Potion"},{"floor":18,"key":"Ancient Potion"}],"is_trial":true,"path_per_floor":["M","?","M","M","M","E","R","E","T","E","?","M","M","?","R","B",null,"M","M","$","?","M"],"character_chosen":"CLOCKWORK","items_purchased":[],"campfire_rested":1,"item_purchase_floors":[],"current_hp_per_floor":[72,72,72,66,59,59,59,59,59,11,32,43,30,30,55,31,85,45,45,45,45,0,0],"gold":350,"neow_bonus":"","is_daily":false,"chose_seed":false,"campfire_upgraded":1,"win_rate":0.0,"timestamp":1612355160,"path_taken":["M","?","?","M","M","E","R","E","T","E","?","M","M","?","R","BOSS","M","M","$","?","?"],"items_purchased_type":[],"build_version":"2020-12-22","purchased_purges":1,"victory":false,"max_hp_per_floor":[85,85,85,85,85,85,85,85,85,85,85,85,85,85,85,85,85,85,85,82,82,82,82],"card_choices":[{"not_picked":["Clockwork:Minimalism","Clockwork:ReserveSystems","Clockwork:AdaptiveShield"],"picked":"SKIP","floor":1.0},{"not_picked":["Clockwork:CogShield","Clockwork:Friction"],"picked":"Clockwork:Selectivity","floor":3.0},{"not_picked":["Clockwork:SystemHardening","Clockwork:ChargingShield"],"picked":"Clockwork:Inspiration","floor":4.0},{"not_picked":["Clockwork:SnapKeep","Clockwork:Pluck","Clockwork:SystemScan"],"picked":"SKIP","floor":5.0},{"not_picked":["Clockwork:Pluck","Clockwork:ForgeStrike","Clockwork:CogToss"],"picked":"SKIP","floor":6.0},{"not_picked":["Clockwork:CogShield","Clockwork:CogBarrier"],"picked":"Clockwork:EnthusiasticStrike","floor":8.0},{"not_picked":["Clockwork:TestingEnvironment","Clockwork:Inspiration"],"picked":"Clockwork:CraftQuicksilverHourglass","floor":10.0},{"not_picked":["Clockwork:Roundhouse","Clockwork:CogToss"],"picked":"Clockwork:LiteraryArmor","floor":12.0},{"not_picked":["Clockwork:CraftCopperScales","Clockwork:RevUp","Clockwork:PerfectedShield"],"picked":"SKIP","floor":13.0},{"not_picked":["Clockwork:Inspiration","Clockwork:UnlimitedCogworks"],"picked":"Clockwork:KaliMa","floor":16.0},{"not_picked":["Clockwork:Downsize+1","Clockwork:Minimalism"],"picked":"Clockwork:SystemHardening","floor":18},{"not_picked":["Clockwork:TiltAWhirl","Clockwork:Scour+1"],"picked":"Clockwork:Downsize","floor":19}],"player_experience":1072733,"relics_obtained":[{"floor":6.0,"key":"Gremlin Horn"},{"floor":8.0,"key":"Smiling Mask"},{"floor":9.0,"key":"bronze:BronzeIdol"},{"floor":10.0,"key":"Meat on the Bone"}],"event_choices":[{"damage_healed":0.0,"max_hp_gain":0.0,"max_hp_loss":0.0,"gold_gain":0.0,"event_name":"Lab","player_choice":"Got Potions","floor":2.0,"gold_loss":0.0,"damage_taken":0.0},{"damage_healed":21.0,"max_hp_gain":0.0,"max_hp_loss":0.0,"gold_gain":0.0,"event_name":"Mushrooms","player_choice":"Healed and dodged fight","floor":11.0,"gold_loss":0.0,"damage_taken":0.0,"cards_obtained":["Parasite"]},{"damage_healed":0.0,"max_hp_gain":0.0,"max_hp_loss":0.0,"gold_gain":0.0,"event_name":"Liars Game","player_choice":"Ignored","floor":14.0,"gold_loss":0.0,"damage_taken":0.0},{"damage_healed":0,"gold_gain":0,"player_choice":"Gave Potion","damage_taken":0,"relics_obtained":["Darkstone Periapt"],"max_hp_gain":0,"max_hp_loss":0,"event_name":"WeMeetAgain","floor":21,"gold_loss":0}],"is_beta":false,"boss_relics":[{"not_picked":["Ectoplasm","Velvet Choker"],"picked":"infinitespire:Cupcake"}],"items_purged_floors":[20],"is_endless":false,"potions_floor_spawned":[5,6,8,10,18],"killed_by":"Cultist and Chosen","ascension_level":1}}