{"host":"684z1xpuwaoqmmh1","time":1612380640,"event":{"mods":["A Magickal Journey","BaseMod","Dio Mod","Downfall","Hermit","Jorbs\u0027s Wanderer Trilogy","Marisa????????","Minty Spire (QoL Compilation)","Robot Space Explorer","Shade Mod","StSLib","The Dragon Tamer","The Elementalist","The Hayseed","The Hierophant","The Marked","The Mystic","The Runesmith","The Saiyan","The Vixen","TheBandit","TheFirefly"],"gold_per_floor":[95,14,28,45,57,92,92,125,125,139,13,13,40,60,60,158,158,173,173,46,46,61,96,96,129,155,187,198,198,298,316,316,420,420,439,457,457,474,492,524,574,605,605,605,605],"floor_reached":44,"language":"ENG","playtime":2057,"items_purged":["Saiyan:SAIYA_Strike","Saiyan:SAIYA_Defend"],"score":828,"play_id":"a2e69e8e-d344-430b-8495-02524bc77fb9","local_time":"20210203213040","is_ascension_mode":true,"campfire_choices":[{"data":"Saiyan:TheBomb","floor":7,"key":"SMITH"},{"data":"Saiyan:GhostAttack","floor":15,"key":"SMITH"},{"data":"Saiyan:MajinSeal","floor":24,"key":"SMITH"},{"floor":29,"key":"REST"},{"data":"1","floor":32,"key":"LIFT"}],"circlet_count":0,"master_deck":["Saiyan:SAIYA_Strike+1","Saiyan:SAIYA_Strike","Saiyan:SAIYA_Strike","Saiyan:SAIYA_Defend","Saiyan:SAIYA_Defend","Saiyan:SAIYA_Defend","Saiyan:EnergyBlast","Saiyan:KaioKen","Saiyan:RuthlessBlow","Saiyan:ReverberatingForce+1","Saiyan:TheBomb+1","Saiyan:WarmUp","Saiyan:PlotArmor","Saiyan:PowerUp","Saiyan:GhostAttack+1","Saiyan:SuperSaiyanForm","Saiyan:TurtleShell","Saiyan:PlotArmor","Saiyan:MajinSeal+1","CurseOfTheBell","Saiyan:ConcussiveBlow","Saiyan:TurtleShell","Saiyan:TurtleShell","Saiyan:FinalFlash+1","Saiyan:SoulSpice","Saiyan:SuperSaiyanForm+1","Saiyan:HyperTimeChamber","Saiyan:PlotArmor+1","Saiyan:CCCapsule","Saiyan:Teleport","Saiyan:SuperSaiyanThree","Saiyan:Makankosappo","Saiyan:Scouter+1","Saiyan:Medicine+1"],"relics":["SaiyanSoul","SaiyanHeart","PreservedInsect","Anchor","Dream Catcher","MealTicket","Sundial","Calling Bell","Akabeko","Runesmith:Nanobots","Thread and Needle","Kunai","Guardian:PocketSentry","Nunchaku","StoneCalendar","Girya","bronze:DecasWashers","Busted Crown","Meat on the Bone","Whetstone","Toxic Egg 2"],"acts_visited":["Exordium","TheCity","TheBeyond"],"potions_floor_usage":[8,23,25,25,42],"damage_taken":[{"damage":0,"enemies":"Cultist","floor":1,"turns":3},{"damage":0,"enemies":"Jaw Worm","floor":3,"turns":4},{"damage":0,"enemies":"Small Slimes","floor":4,"turns":4},{"damage":1,"enemies":"Blue Slaver","floor":5,"turns":5},{"damage":9,"enemies":"3 Sentries","floor":6,"turns":5},{"damage":2,"enemies":"Lagavulin","floor":8,"turns":7},{"damage":3,"enemies":"Exordium Thugs","floor":10,"turns":4},{"damage":0,"enemies":"Gremlin Nob","floor":13,"turns":3},{"damage":0,"enemies":"Large Slime","floor":14,"turns":5},{"damage":19,"enemies":"Slime Boss","floor":16,"turns":4},{"damage":0,"enemies":"Shell Parasite","floor":18,"turns":6},{"damage":12,"enemies":"Chosen","floor":22,"turns":5},{"damage":1,"enemies":"Slavers","floor":23,"turns":5},{"damage":25,"enemies":"Gremlin Leader","floor":25,"turns":4},{"damage":4,"enemies":"Book of Stabbing","floor":27,"turns":4},{"damage":7,"enemies":"Sentry and Sphere","floor":28,"turns":6},{"damage":0,"enemies":"Colosseum Slavers","floor":30,"turns":7},{"damage":1,"enemies":"Colosseum Nobs","floor":30,"turns":4},{"damage":0,"enemies":"Snake Plant","floor":31,"turns":6},{"damage":9,"enemies":"Collector","floor":33,"turns":10},{"damage":0,"enemies":"3 Shapes","floor":35,"turns":4},{"damage":0,"enemies":"Orb Walker","floor":36,"turns":2},{"damage":2,"enemies":"Writhing Mass","floor":38,"turns":7},{"damage":0,"enemies":"Spire Growth","floor":39,"turns":3},{"damage":0,"enemies":"Nemesis","floor":40,"turns":6},{"damage":0,"enemies":"Reptomancer","floor":42,"turns":3},{"damage":0,"enemies":"Nemesis","floor":44,"turns":1}],"seed_played":"6297705640113331268","potions_obtained":[{"floor":6,"key":"PowerPotion"},{"floor":14,"key":"Fire Potion"},{"floor":16,"key":"bronze:BurnAndBuffPotion"},{"floor":18,"key":"Block Potion"},{"floor":21,"key":"AttackPotion"},{"floor":28,"key":"Guardian:BlockOnCardUsePotion"},{"floor":31,"key":"Explosive Potion"},{"floor":36,"key":"champ:CounterPotion"},{"floor":39,"key":"AttackPotion"}],"is_trial":false,"path_per_floor":["M","$","M","M","M","E","R","E","T","M","$","?","E","M","R","B",null,"M","?","$","?","M","E","R","E","T","E","M","R","?","M","R","B",null,"M","M","?","M","M","E","?","E","T","E"],"character_chosen":"SAIYAJIN","items_purchased":["Saiyan:TheBomb","Saiyan:TurtleShell","Saiyan:TurtleShell"],"campfire_rested":1,"item_purchase_floors":[2,11,20],"current_hp_per_floor":[61,61,62,65,65,57,57,56,56,54,69,74,76,76,76,58,77,77,77,77,77,68,68,68,45,45,42,35,60,62,65,65,57,91,93,95,95,95,97,98,98,99,99,101,101],"gold":605,"neow_bonus":"RANDOM_COMMON_RELIC","is_daily":false,"chose_seed":false,"campfire_upgraded":3,"win_rate":0.0,"timestamp":1612380640,"path_taken":["M","?","M","M","M","E","R","E","T","M","$","?","E","M","R","BOSS","M","?","$","?","?","E","R","E","T","E","M","R","?","M","R","BOSS","M","M","?","?","M","E","?","E","T","E"],"items_purchased_type":["Card","Card","Card"],"build_version":"2020-12-22","purchased_purges":2,"victory":false,"max_hp_per_floor":[61,61,62,65,66,67,67,68,68,69,69,74,76,76,76,77,77,77,77,77,77,80,81,81,83,83,84,84,84,87,90,90,91,91,93,95,95,97,99,100,100,101,101,101,101],"card_choices":[{"not_picked":["Saiyan:Furor","Saiyan:Endure"],"picked":"Saiyan:ReverberatingForce","floor":1},{"not_picked":["Saiyan:DoubleMasenko","Saiyan:Scouter"],"picked":"Saiyan:WarmUp","floor":3},{"not_picked":["Saiyan:ExtremeSpeed","Saiyan:PowerUp"],"picked":"Saiyan:PlotArmor","floor":4},{"not_picked":["Saiyan:KameHameHa","Saiyan:Makankosappo","Saiyan:ReverberatingForce"],"picked":"SKIP","floor":5},{"not_picked":["Saiyan:AugmentedBlast","Saiyan:Twize"],"picked":"Saiyan:PowerUp","floor":6},{"not_picked":["Saiyan:KameHameHa","Saiyan:Flurry"],"picked":"Saiyan:GhostAttack","floor":8},{"not_picked":["Saiyan:Flurry","Saiyan:Pacing"],"picked":"Saiyan:SuperSaiyanForm","floor":10},{"not_picked":["Saiyan:Kienzan","Saiyan:KiExplosion"],"picked":"Saiyan:PlotArmor","floor":13},{"not_picked":["Saiyan:Planning","Saiyan:UltraInstinct","Saiyan:ReverberatingForce"],"picked":"SKIP","floor":14},{"not_picked":["Saiyan:MindBoom","Saiyan:MonkeyTail"],"picked":"Saiyan:MajinSeal","floor":16},{"not_picked":["Saiyan:PowerUp","Saiyan:ExpandingShockwave"],"picked":"Saiyan:ConcussiveBlow","floor":18},{"not_picked":["Saiyan:PlotArmor","Saiyan:KiStrike"],"picked":"Saiyan:FinalFlash+1","floor":22},{"not_picked":["Saiyan:Makankosappo","Saiyan:PowerUp"],"picked":"Saiyan:SoulSpice","floor":23},{"not_picked":["Saiyan:Furor","Saiyan:Pacing"],"picked":"Saiyan:SuperSaiyanForm+1","floor":25},{"not_picked":["Saiyan:DragonFist","Saiyan:SpiritSword+1","Saiyan:DoubleMasenko"],"picked":"SKIP","floor":27},{"not_picked":["Saiyan:BurningSoul","Saiyan:BigBangAttack+1"],"picked":"Saiyan:HyperTimeChamber","floor":28},{"not_picked":["Saiyan:KiExplosion","Saiyan:ExpandingShockwave"],"picked":"Saiyan:PlotArmor+1","floor":29},{"not_picked":["Saiyan:Scouter","Saiyan:KiStrike"],"picked":"Saiyan:CCCapsule","floor":30},{"not_picked":["Saiyan:SoulSpice+1","Saiyan:DoubleMasenko"],"picked":"Saiyan:Teleport","floor":31},{"not_picked":["Saiyan:Rekindle","Saiyan:Momentum"],"picked":"Saiyan:SuperSaiyanThree","floor":33},{"not_picked":["Saiyan:Scouter"],"picked":"SKIP","floor":35},{"not_picked":["Saiyan:ExpandingShockwave"],"picked":"SKIP","floor":36},{"not_picked":[],"picked":"Saiyan:Makankosappo","floor":38},{"not_picked":["Saiyan:Endure+1"],"picked":"SKIP","floor":39},{"not_picked":[],"picked":"Saiyan:Scouter+1","floor":40},{"not_picked":[],"picked":"Saiyan:Medicine+1","floor":42}],"player_experience":2996598,"relics_obtained":[{"floor":6,"key":"Anchor"},{"floor":8,"key":"Dream Catcher"},{"floor":9,"key":"MealTicket"},{"floor":13,"key":"Sundial"},{"floor":17,"key":"Akabeko"},{"floor":17,"key":"Runesmith:Nanobots"},{"floor":17,"key":"Thread and Needle"},{"floor":23,"key":"Kunai"},{"floor":25,"key":"Guardian:PocketSentry"},{"floor":26,"key":"Nunchaku"},{"floor":27,"key":"StoneCalendar"},{"floor":30,"key":"Girya"},{"floor":30,"key":"bronze:DecasWashers"},{"floor":40,"key":"Meat on the Bone"},{"floor":42,"key":"Whetstone"},{"floor":43,"key":"Toxic Egg 2"}],"event_choices":[{"damage_healed":0,"gold_gain":0,"player_choice":"Donut","damage_taken":0,"max_hp_gain":5,"max_hp_loss":0,"event_name":"Big Fish","floor":12,"gold_loss":0},{"damage_healed":0,"gold_gain":0,"player_choice":"Read","damage_taken":0,"max_hp_gain":0,"max_hp_loss":0,"event_name":"The Library","floor":19,"gold_loss":0,"cards_obtained":["Saiyan:TurtleShell"]},{"damage_healed":0,"gold_gain":0,"player_choice":"Got Potions","damage_taken":0,"max_hp_gain":0,"max_hp_loss":0,"event_name":"Lab","floor":21,"gold_loss":0},{"damage_healed":0,"gold_gain":0,"player_choice":"Fight","damage_taken":0,"max_hp_gain":0,"max_hp_loss":0,"event_name":"Colosseum","floor":30,"gold_loss":0},{"damage_healed":0,"gold_gain":0,"player_choice":"Fought Nobs","damage_taken":0,"max_hp_gain":0,"max_hp_loss":0,"event_name":"Colosseum","floor":30,"gold_loss":0},{"damage_healed":0,"gold_gain":0,"player_choice":"Bought 0 Potions","damage_taken":0,"max_hp_gain":0,"max_hp_loss":0,"event_name":"The Woman in Blue","floor":37,"gold_loss":0}],"is_beta":false,"boss_relics":[{"not_picked":["Velvet Choker","Empty Cage"],"picked":"Calling Bell"},{"not_picked":["sneckomod:SneckoTalon","Runesmith:UraniumAnvil"],"picked":"Busted Crown"}],"items_purged_floors":[11,20],"is_endless":false,"potions_floor_spawned":[1,6,14,16,18,22,28,31,36,39],"killed_by":"Nemesis","ascension_level":4}}