{"host":"fauqrvll5t0ss0vm","time":1612390157,"event":{"mods":["2.2 Compatiblity","Act Like it!","Aspiration","Bard","BaseMod","Beaked The Cultist","Better Altar","Better Match","Better Note","Better Sensory Stone","Better Skull","Better Third Choice","Better Vampires","Card Filter","Clockwork Mod","Colored Map","Conspire","Displayed Cursed Tome","Downfall","Emptier Cage","Energized Spire","Friendly Minions","GifTheSpireLib","Glutton Mod","Gremlin Mod","Gremlin Skip","Halation","Hermit","Highlight Path","Hubris","Jorbs\u0027s Wanderer Trilogy","Mad Scientist","Marked Mod","Minty Spire (QoL Compilation)","Permanent Neow","Random Character Button","Relic Filter","Reorder Act Four","Replay The Spire","Shop Mod","Somnambulant","Spikes Relics","StSLib","Stuff the Spire","SuperFastMode","The Construct","The Cursed","The Disciple","The Elementalist","The Judge","The Juggle","The Mystic","The Runesmith","The Sage","The Servant 0.9.4","The Valiant","Trackpad","Uncapped"],"gold_per_floor":[99,112,128,138,138,138,138,149,176,195,195,215,245,355,155,176,192,306,306,306,331,351,379,489,533,608,608,708,708,748,748,748,748,781,899,899,899,926,951,675,701,748,748,648,678,566,566,600,600,646,676,691,691,734,734,314,279,294],"floor_reached":59,"language":"ENG","playtime":6661,"items_purged":["Glutton:Flail","Glutton:Defend","Glutton:Defend"],"score":1751,"play_id":"2bc98f71-fdce-45b0-a99d-49e1d7654517","local_time":"20210203230917","is_ascension_mode":true,"campfire_choices":[{"floor":1.0,"key":"DIG"},{"floor":11.0,"key":"RECALL"},{"data":"Glutton:LashOut","floor":15.0,"key":"SMITH"},{"floor":20.0,"key":"DIG"},{"data":"Glutton:EatAlive","floor":27.0,"key":"SMITH"},{"data":"Glutton:Feed","floor":29.0,"key":"SMITH"},{"data":"Glutton:Rapacity","floor":32.0,"key":"SMITH"},{"data":"Glutton:Treat","floor":37,"key":"SMITH"},{"data":"Glutton:Fast","floor":44,"key":"SMITH"},{"data":"Glutton:BellySlam","floor":47,"key":"SMITH"},{"data":"Glutton:BellySlam","floor":49,"key":"SMITH"},{"data":"Glutton:BellySlam+1","floor":55,"key":"SMITH"}],"circlet_count":0,"master_deck":["Glutton:Defend","Glutton:Bite","Glutton:LashOut+1","Glutton:Feed+1","Echoward+1","Glutton:ToxicResidue","Glutton:Malignancy","Glutton:Rapacity+1","Glutton:Devour","Glutton:Brace","Glutton:Tantrum","Glutton:Fast+1","Glutton:SelfFlagellate+1","Glutton:Bite+1","Glutton:EatAlive+1","Slimebound:Tackle+1","Slimebound:Tackle+1","Slimebound:Tackle+1","Glutton:Treat+1","Glutton:Fast+1","CurseOfTheBell","Glutton:GuardStance+1","Glutton:GuardStance+1","Glutton:Devour","Glutton:BellySlam+2","Glutton:Treat+1","Glutton:BellySlam+1","Glutton:Chomp","Glutton:ObsessiveGreed+1","Glutton:Chomp","Glutton:Borborygmi+1","Glutton:BellySlam"],"relics":["hubris:CrackedHourglass","Thread and Needle","Bag of Marbles","Replay:Rubber Ducky","White Beast Statue","downfall:HeartBlessingRed","downfall:HeartBlessingGreen","construct:ClawGrip","Replay:Kaleidoscope","halation:TwoAmDonut","CaptainsWheel","Du-Vu Doll","Eternal Feather","ReplayFunnel","Bloody Idol","Calling Bell","Blood Vial","construct:FoamFinger","WingedGreaves","Replay:Baseball","trackpad:WritersBlock","downfall:HeartBlessingBlue","War Paint","hubris:TinFlute","conspire:InfiniteJournal","Replay:Accelerometer","Centennial Puzzle","MerchantsRug"],"acts_visited":["Exordium","TheCity","TheBeyond","TheEnding"],"potions_floor_usage":[],"damage_taken":[{"damage":0.0,"enemies":"2 Louse","floor":2.0,"turns":3.0},{"damage":3.0,"enemies":"Cultist","floor":3.0,"turns":2.0},{"damage":3.0,"enemies":"conspire:RoseBush","floor":4.0,"turns":7.0},{"damage":0.0,"enemies":"Lots of Slimes","floor":8.0,"turns":4.0},{"damage":2.0,"enemies":"conspire:2 RoseBushes","floor":10.0,"turns":6.0},{"damage":0.0,"enemies":"3 Louse","floor":12.0,"turns":6.0},{"damage":25.0,"enemies":"Replay:BlueRogue","floor":13.0,"turns":8.0},{"damage":19.0,"enemies":"downfall:LadyInBlue","floor":14.0,"turns":11.0},{"damage":0.0,"enemies":"2 Fungi Beasts","floor":16.0,"turns":3.0},{"damage":0.0,"enemies":"Exordium Wildlife","floor":17.0,"turns":1.0},{"damage":14.0,"enemies":"WA_ARCHETYPE_RETAIN","floor":18.0,"turns":6.0},{"damage":1.0,"enemies":"Shell Parasite","floor":21.0,"turns":3.0},{"damage":0.0,"enemies":"Chosen","floor":22.0,"turns":4.0},{"damage":21.0,"enemies":"3 Cultists","floor":23.0,"turns":5.0},{"damage":30.0,"enemies":"DF_ARCHETYPE_STREAMLINE","floor":24.0,"turns":6.0},{"damage":17.0,"enemies":"Slavers","floor":25.0,"turns":5.0},{"damage":26.0,"enemies":"Replay:Snechameleon","floor":30.0,"turns":6.0},{"damage":4.0,"enemies":"Centurion and Healer","floor":34.0,"turns":4.0},{"damage":42,"enemies":"IC_MUSHROOM_ARCHETYPE","floor":35,"turns":7},{"damage":9,"enemies":"3 Shapes","floor":38,"turns":11},{"damage":7,"enemies":"3 Darklings","floor":39,"turns":5},{"damage":5,"enemies":"downfall:FleeingMerchant","floor":40,"turns":4},{"damage":20,"enemies":"4 Shapes","floor":41,"turns":8},{"damage":16,"enemies":"Reptomancer","floor":42,"turns":6},{"damage":20,"enemies":"Spire Growth","floor":45,"turns":5},{"damage":3,"enemies":"downfall:FleeingMerchant","floor":46,"turns":4},{"damage":0,"enemies":"Nemesis","floor":48,"turns":1},{"damage":16,"enemies":"Giant Head","floor":50,"turns":5},{"damage":6,"enemies":"Jaw Worm Horde","floor":51,"turns":3},{"damage":12,"enemies":"DF_ARCHETYPE_ORBS","floor":52,"turns":5},{"damage":68,"enemies":"downfall:CharBossMerchant","floor":54,"turns":7},{"damage":25,"enemies":"downfall:NeowBoss","floor":57,"turns":9},{"damage":7,"enemies":"downfall:NeowBossFinal","floor":58,"turns":5}],"seed_played":"-817069267946295287","potions_obtained":[{"floor":2.0,"key":"Elixir"},{"floor":4.0,"key":"LifebloodPotion"},{"floor":10.0,"key":"SpeedPotion"},{"floor":16.0,"key":"PowerPotion"},{"floor":18.0,"key":"FearPotion"},{"floor":24.0,"key":"Dexterity Potion"},{"floor":30.0,"key":"Energy Potion"},{"floor":34.0,"key":"PowerPotion"},{"floor":51,"key":"DuplicationPotion"}],"is_trial":false,"path_per_floor":["R_BF","M","M","M","?","PTL","PTL","M","T","M","R","M","E","?","R","M","M","B",null,"R_BF","M","M","M","?","E","T","R","?","R","E","?","R","?","M","B",null,"R","M","M","$","M","E","T","R","M","$","R","E","R","E","M","B",null,"E","R","$","B","B",null],"character_chosen":"GLUTTON","items_purchased":["Replay:Baseball","Glutton:Devour","Glutton:Treat","War Paint","Glutton:BellySlam","Glutton:Chomp","Centennial Puzzle","MerchantsRug"],"campfire_rested":0,"item_purchase_floors":[40,40,46,46,46,46,56,56],"current_hp_per_floor":[108,108,107,110,110,110,110,117,117,122,122,129,106,97,97,102,107,97,126,126,127,129,112,90,83,83,95,95,107,103,103,115,36,66,70,167,179,206,248,270,293,311,311,322,335,363,363,367,367,387,413,423,428,396,414,414,443,461],"gold":294,"neow_bonus":"BOSS_RELIC","is_daily":false,"chose_seed":false,"campfire_upgraded":9,"win_rate":0.0,"timestamp":1612390157,"path_taken":["R_BF","M","M","M","?","PTL","PTL","?","T","M","R","M","E","?","R","M","M","BOSS","R_BF","M","M","?","?","E","T","R","?","R","E","?","R","?","M","BOSS","R","M","M","$","M","E","T","R","M","$","R","E","R","E","M","BOSS","E","R","$","BOSS","BOSS"],"items_purchased_type":["Relic","Card","Card","Relic","Card","Card","Relic","Relic"],"build_version":"2020-12-22","purchased_purges":3,"victory":true,"max_hp_per_floor":[120,120,120,120,120,120,120,123,123,126,126,129,129,129,129,132,135,135,135,135,135,135,135,135,138,138,138,138,138,158,158,158,158,176,199,199,199,218,248,270,293,312,312,322,348,363,363,367,367,387,413,429,429,442,442,442,450,461],"card_choices":[{"not_picked":["Glutton:ObsessiveGreed","Glutton:Salivate"],"picked":"Glutton:Bite","floor":2.0},{"not_picked":["Glutton:Treat","Glutton:Bite"],"picked":"Glutton:LashOut","floor":3.0},{"not_picked":["Glutton:FeverVisions","Glutton:LashOut"],"picked":"Glutton:Feed","floor":4.0},{"not_picked":["Glutton:Autotomy","Glutton:Rapacity"],"picked":"Glutton:ToxicResidue","floor":8.0},{"not_picked":["Glutton:Brace","Glutton:ShedFat","Glutton:Regurgitate"],"picked":"SKIP","floor":10.0},{"not_picked":["Glutton:Slam","Glutton:Chrysosphagy"],"picked":"Glutton:Malignancy","floor":12.0},{"not_picked":["Glutton:KneeJerk","Glutton:Brace"],"picked":"Glutton:Rapacity","floor":13.0},{"not_picked":["Glutton:GnawingHunger","Glutton:ObsessiveGreed"],"picked":"Glutton:Devour","floor":14.0},{"not_picked":["Glutton:Regurgitate","Glutton:FeverVisions"],"picked":"Glutton:Brace","floor":16.0},{"not_picked":["Glutton:Scab","Glutton:Slam"],"picked":"Glutton:Tantrum","floor":17.0},{"not_picked":["Glutton:Retaliation","Glutton:Avarice"],"picked":"Glutton:Fast","floor":18.0},{"not_picked":["Glutton:GoldenArmor","Glutton:Fever","Glutton:Misery"],"picked":"SKIP","floor":21.0},{"not_picked":["Glutton:DecrepitStrike","Glutton:Brace+1"],"picked":"Glutton:SelfFlagellate+1","floor":22.0},{"not_picked":["Glutton:Migraine","Glutton:Slam+1"],"picked":"Glutton:Bite+1","floor":23.0},{"not_picked":["Glutton:Scab","Glutton:Hoard"],"picked":"Glutton:EatAlive","floor":25.0},{"not_picked":["Glutton:Brace","Glutton:Torment","Glutton:PainMeditation"],"picked":"SKIP","floor":30.0},{"not_picked":["Glutton:Scab","Glutton:Slam+1"],"picked":"Glutton:Treat","floor":34.0},{"not_picked":["Glutton:Treasure","Glutton:Retaliation"],"picked":"Glutton:Fast","floor":35},{"not_picked":["Glutton:Regurgitate+1","Glutton:Treat"],"picked":"Glutton:GuardStance+1","floor":38},{"not_picked":["Glutton:KneeJerk+1","Glutton:Tumor","Glutton:Megrim"],"picked":"SKIP","floor":39},{"not_picked":["Glutton:Regurgitate","Glutton:Yearn"],"picked":"Glutton:GuardStance+1","floor":40},{"not_picked":["Glutton:DistilledAgony","Glutton:KneeJerk","Glutton:Demolish+1"],"picked":"SKIP","floor":41},{"not_picked":["Glutton:EatAlive","Glutton:Demolish"],"picked":"Glutton:BellySlam","floor":42},{"not_picked":["Glutton:PainMeditation","Glutton:Yearn","Glutton:Scab"],"picked":"SKIP","floor":45},{"not_picked":["Glutton:GuardStance","Glutton:Clot","Glutton:Reminisce"],"picked":"SKIP","floor":46},{"not_picked":["Glutton:GnawingHunger","Glutton:LashOut+1"],"picked":"Glutton:ObsessiveGreed+1","floor":48},{"not_picked":["Glutton:GnawingHunger+1","Glutton:Thrombosis"],"picked":"Glutton:Chomp","floor":50},{"not_picked":["Glutton:Treasure","Glutton:GnawingHunger+1"],"picked":"Glutton:Borborygmi+1","floor":51},{"not_picked":["Glutton:Strain+1","Glutton:Loot"],"picked":"Glutton:BellySlam","floor":54}],"player_experience":7379854,"relics_obtained":[{"floor":1.0,"key":"Thread and Needle"},{"floor":9.0,"key":"Bag of Marbles"},{"floor":13.0,"key":"Replay:Rubber Ducky"},{"floor":14.0,"key":"White Beast Statue"},{"floor":20.0,"key":"Replay:Kaleidoscope"},{"floor":24.0,"key":"halation:TwoAmDonut"},{"floor":24.0,"key":"CaptainsWheel"},{"floor":25.0,"key":"Du-Vu Doll"},{"floor":26.0,"key":"Eternal Feather"},{"floor":30.0,"key":"ReplayFunnel"},{"floor":36,"key":"Blood Vial"},{"floor":36,"key":"construct:FoamFinger"},{"floor":36,"key":"WingedGreaves"},{"floor":42,"key":"trackpad:WritersBlock"},{"floor":48,"key":"hubris:TinFlute"},{"floor":50,"key":"conspire:InfiniteJournal"},{"floor":54,"key":"Replay:Accelerometer"}],"event_choices":[{"cards_removed":["Glutton:Feed"],"damage_healed":0.0,"max_hp_gain":0.0,"max_hp_loss":0.0,"gold_gain":0.0,"event_name":"betterNote:BetterNote","player_choice":"Take \u0026 Give","floor":5.0,"gold_loss":0.0,"damage_taken":0.0,"cards_obtained":["Echoward"]},{"damage_healed":0.0,"max_hp_gain":115.0,"max_hp_loss":36.0,"gold_gain":0.0,"event_name":"betterAltar:BetterAltar","player_choice":" Idol ","floor":33.0,"potions_obtained":[],"relics_lost":[],"gold_loss":0.0,"damage_taken":79.0,"relics_obtained":["Bloody Idol"]}],"is_beta":false,"boss_relics":[{"not_picked":["aspiration:RunesmithSkillbook","construct:WeddingRing"],"picked":"construct:ClawGrip"},{"not_picked":["Honey Jar","energizedSpire:EnergizedDie"],"picked":"Calling Bell"}],"items_purged_floors":[40,46,56],"is_endless":false,"potions_floor_spawned":[2,4,10,13,16,17,18,21,22,23,24,25,30,34,35,38,39,40,41,42,45,46,48,50,51,54],"ascension_level":7}}