{"host":"bfxt97i6dl81mvg3","time":1612319323,"event":{"mods":["BaseMod","Colored Map","Minty Spire (QoL Compilation)","Relic Stats","Slay the Relics Exporter","StSLib","everything is the same but u backflip on backflip"],"gold_per_floor":[119,138,156,176,176,176,176],"floor_reached":6,"language":"ENG","playtime":273,"items_purged":[],"score":38,"play_id":"d68b5de2-081f-4398-9796-3aa6d85913a1","local_time":"20210202202843","is_ascension_mode":false,"campfire_choices":[],"circlet_count":0,"master_deck":["Strike_R","Strike_R","Strike_R","Strike_R","Strike_R+1","Defend_R+1","Defend_R","Defend_R","Defend_R","Bash","Infernal Blade","Clash","Shrug It Off","Hemokinesis"],"relics":["Burning Blood"],"acts_visited":["Exordium"],"potions_floor_usage":[6,6,6],"damage_taken":[{"damage":10,"enemies":"Cultist","floor":1,"turns":4},{"damage":30,"enemies":"Jaw Worm","floor":2,"turns":5},{"damage":11,"enemies":"2 Louse","floor":3,"turns":3},{"damage":22,"enemies":"2 Fungi Beasts","floor":4,"turns":6},{"damage":20,"enemies":"3 Sentries","floor":6,"turns":6}],"seed_played":"-7103844269299486713","potions_obtained":[{"floor":0,"key":"Strength Potion"},{"floor":1,"key":"Block Potion"},{"floor":4,"key":"LiquidMemories"}],"is_trial":false,"path_per_floor":["M","M","M","M","?","E"],"character_chosen":"IRONCLAD","items_purchased":[],"campfire_rested":0,"item_purchase_floors":[],"current_hp_per_floor":[76,52,47,31,15,0,0],"gold":176,"neow_bonus":"THREE_SMALL_POTIONS","is_daily":false,"chose_seed":false,"campfire_upgraded":0,"win_rate":0.0,"timestamp":1612319323,"path_taken":["M","M","M","M","?","E"],"items_purchased_type":[],"build_version":"2020-12-22","purchased_purges":0,"victory":false,"max_hp_per_floor":[80,80,80,80,80,80,80],"relic_stats":{"counters":[5,24],"obtain_stats":[{"Burning Blood":0},{"Burning Blood":0},{"Burning Blood":0}],"Burning Blood":24},"card_choices":[{"not_picked":["Warcry","Combust"],"picked":"Infernal Blade","floor":1},{"not_picked":["Bloodletting","Disarm"],"picked":"Clash","floor":2},{"not_picked":["Perfected Strike","Evolve"],"picked":"Shrug It Off","floor":3},{"not_picked":["Uppercut","Wild Strike"],"picked":"Hemokinesis","floor":4}],"player_experience":296273,"relics_obtained":[],"event_choices":[{"damage_healed":0,"gold_gain":0,"player_choice":"Entered Light","damage_taken":16,"max_hp_gain":0,"max_hp_loss":0,"event_name":"Shining Light","floor":5,"gold_loss":0,"cards_upgraded":["Strike_R","Defend_R"]}],"is_beta":false,"boss_relics":[],"items_purged_floors":[],"is_endless":false,"potions_floor_spawned":[1,4],"killed_by":"3 Sentries","ascension_level":0}}