{"host":"vyjryxuuuxkt43k4","time":1612366788,"event":{"mods":["AchievementEnabler","BaseMod","Colored Map","DeckTracker","Keyboard Shortcuts","Minty Spire (QoL Compilation)","Permanent Neow","Quick Restart","Rare Cards Sparkle","Relic Stats","StSLib","SuperFastMode","everything is the same but u backflip on backflip"],"gold_per_floor":[12,28,28,28,103,103,115,148,229,229,229,240,0,27,39,128,140,167,0,12,34,46,46],"floor_reached":22,"language":"KOR","playtime":712,"items_purged":[],"score":484,"play_id":"3dfa24ac-d9d9-4328-83b4-ea1500b4f0d5","local_time":"20210204003948","is_ascension_mode":true,"campfire_choices":[{"data":"Sword Boomerang","floor":6.0,"key":"SMITH"},{"data":"Demon Form","floor":10.0,"key":"SMITH"},{"floor":15.0,"key":"REST"}],"circlet_count":0,"master_deck":["AscendersBane","Strike_R","Strike_R","Strike_R","Defend_R","Defend_R","Defend_R","Defend_R","Bash","Thinking Ahead","Sword Boomerang+1","Pummel","Demon Form+1","Shrug It Off","Evolve","Reaper","Impervious","Warcry+1"],"relics":["Burning Blood","Art of War","HornCleat","Nunchaku","OrangePellets","MawBank","Mark of Pain"],"acts_visited":["Exordium","TheCity"],"potions_floor_usage":[21],"damage_taken":[{"damage":10.0,"enemies":"Small Slimes","floor":1.0,"turns":4.0},{"damage":16.0,"enemies":"Jaw Worm","floor":2.0,"turns":5.0},{"damage":8.0,"enemies":"2 Louse","floor":7.0,"turns":3.0},{"damage":11.0,"enemies":"Gremlin Nob","floor":8.0,"turns":3.0},{"damage":9.0,"enemies":"Looter","floor":12.0,"turns":4.0},{"damage":15.0,"enemies":"3 Sentries","floor":14.0,"turns":6.0},{"damage":0.0,"enemies":"Slime Boss","floor":16.0,"turns":5.0},{"damage":30.0,"enemies":"2 Thieves","floor":18.0,"turns":4.0},{"damage":43,"enemies":"3 Byrds","floor":21,"turns":7},{"damage":65,"enemies":"Centurion and Healer","floor":22,"turns":6}],"seed_played":"2708420159157907560","potions_obtained":[{"floor":1.0,"key":"ColorlessPotion"},{"floor":8.0,"key":"AttackPotion"},{"floor":18.0,"key":"ColorlessPotion"}],"is_trial":false,"path_per_floor":["M","M","?","$","?","R","M","E","T","R","T","M","$","E","R","B",null,"M","?","?","M","M"],"character_chosen":"IRONCLAD","items_purchased":["OrangePellets","Evolve"],"campfire_rested":1,"item_purchase_floors":[13,13],"current_hp_per_floor":[64,54,54,54,43,43,41,36,36,36,36,33,33,24,46,75,75,68,68,68,55,0,0],"gold":46,"neow_bonus":"RANDOM_COLORLESS_2","is_daily":false,"chose_seed":false,"campfire_upgraded":2,"win_rate":0.0,"timestamp":1612366788,"path_taken":["M","M","?","?","?","R","M","E","T","R","?","?","?","E","R","BOSS","M","?","?","M","M"],"items_purchased_type":["Relic","Card"],"build_version":"2020-12-22","purchased_purges":0,"victory":false,"max_hp_per_floor":[75,75,75,75,75,75,75,75,75,75,75,75,75,75,75,75,75,75,75,75,75,75,75],"relic_stats":{"OrangePellets":[0],"Nunchaku":[4],"counters":[10,47],"Art of War":[5],"MawBank":96,"obtain_stats":[{"OrangePellets":13,"Nunchaku":11,"HornCleat":9,"Mark of Pain":17,"Art of War":8,"MawBank":14,"Burning Blood":0},{"OrangePellets":5,"Nunchaku":4,"HornCleat":4,"Mark of Pain":7,"Art of War":4,"MawBank":6,"Burning Blood":0},{"OrangePellets":19,"Nunchaku":15,"HornCleat":15,"Mark of Pain":30,"Art of War":15,"MawBank":25,"Burning Blood":0}],"Burning Blood":51},"card_choices":[{"not_picked":["Mayhem","Metamorphosis"],"picked":"Thinking Ahead","floor":0.0},{"not_picked":["Dual Wield","Intimidate"],"picked":"Sword Boomerang","floor":1.0},{"not_picked":["Iron Wave","Heavy Blade"],"picked":"Pummel","floor":2.0},{"not_picked":["Armaments","Flex","Warcry"],"picked":"SKIP","floor":7.0},{"not_picked":["Power Through","True Grit"],"picked":"Shrug It Off","floor":8.0},{"not_picked":["Clash","Havoc","Infernal Blade"],"picked":"SKIP","floor":12.0},{"not_picked":["Seeing Red","Shrug It Off"],"picked":"Reaper","floor":14.0},{"not_picked":["Bludgeon","Berserk"],"picked":"Impervious","floor":16.0},{"not_picked":["Metallicize","Carnage","Sword Boomerang"],"picked":"SKIP","floor":18.0},{"not_picked":["Combust","Perfected Strike"],"picked":"Warcry+1","floor":21}],"player_experience":676657,"relics_obtained":[{"floor":8.0,"key":"Art of War"},{"floor":9.0,"key":"HornCleat"},{"floor":11.0,"key":"Nunchaku"},{"floor":14.0,"key":"MawBank"}],"event_choices":[{"damage_healed":0.0,"max_hp_gain":0.0,"max_hp_loss":0.0,"gold_gain":0.0,"cards_transformed":["Strike_R"],"event_name":"Living Wall","player_choice":"Change","floor":3.0,"gold_loss":0.0,"damage_taken":0.0,"cards_obtained":["Demon Form"]},{"damage_healed":0.0,"max_hp_gain":0.0,"max_hp_loss":0.0,"gold_gain":75.0,"event_name":"World of Goop","player_choice":"Gather Gold","floor":5.0,"gold_loss":0.0,"damage_taken":11.0},{"damage_healed":0,"gold_gain":0,"player_choice":"Paid Fearfully","damage_taken":0,"max_hp_gain":0,"max_hp_loss":0,"event_name":"Masked Bandits","floor":19,"gold_loss":179},{"cards_removed":["Strike_R"],"damage_healed":0,"gold_gain":0,"player_choice":"Elegance","damage_taken":0,"max_hp_gain":0,"max_hp_loss":0,"event_name":"Back to Basics","floor":20,"gold_loss":0}],"is_beta":false,"boss_relics":[{"not_picked":["SlaversCollar","Fusion Hammer"],"picked":"Mark of Pain"}],"items_purged_floors":[],"is_endless":false,"potions_floor_spawned":[1,8,18],"killed_by":"Centurion and Healer","ascension_level":20}}