{"host":"uv5ws9rdk87e8i5k","time":1612322389,"event":{"mods":["AchievementEnabler","BaseMod","Colored Map","Jorbs\u0027s Wanderer Trilogy","Minty Spire (QoL Compilation)","Permanent Neow","Quick Restart","StSLib","SuperFastMode","The Necromancer"],"gold_per_floor":[118,135,146,96,108,143,159,169,169,169,181,181,206,217,217,316,316,330,341,341,353,56,56,84,104,104,139,154,154,30,43,43,139,139,139],"floor_reached":34,"language":"ENG","playtime":625,"items_purged":["Strike_R"],"score":408,"play_id":"c232ed4b-e331-4b74-9ed3-aef8db11c42f","local_time":"20210202211949","is_ascension_mode":false,"campfire_choices":[{"data":"Reaper","floor":10.0,"key":"SMITH"},{"data":"Perfected Strike","floor":12.0,"key":"SMITH"},{"data":"Pommel Strike","floor":15.0,"key":"SMITH"},{"data":"Searing Blow","floor":23.0,"key":"SMITH"},{"data":"Searing Blow+1","floor":29.0,"key":"SMITH"},{"data":"Searing Blow+2","floor":32.0,"key":"SMITH"}],"circlet_count":0,"master_deck":["Strike_R","Strike_R","Strike_R","Strike_R","Defend_R","Defend_R","Defend_R","Bash","Perfected Strike+1","Cleave","Twin Strike","Metallicize","Pommel Strike+1","Reaper+1","Headbutt","Demon Form+1","Flame Barrier+1","Searing Blow+3","Inflame","Perfected Strike","Blood for Blood","Blood for Blood+1","Double Tap","CurseOfTheBell"],"relics":["Burning Blood","Red Skull","Regal Pillow","Potion Belt","Bronze Scales","Snecko Eye","Bottled Flame","Toy Ornithopter","Molten Egg 2","Matryoshka","Calling Bell","Omamori","Darkstone Periapt","Charon\u0027s Ashes"],"acts_visited":["Exordium","TheCity","TheBeyond"],"potions_floor_usage":[33,33],"damage_taken":[{"damage":12.0,"enemies":"Small Slimes","floor":1.0,"turns":3.0},{"damage":7.0,"enemies":"2 Louse","floor":2.0,"turns":2.0},{"damage":0.0,"enemies":"Cultist","floor":3.0,"turns":2.0},{"damage":21.0,"enemies":"Red Slaver","floor":5.0,"turns":3.0},{"damage":31.0,"enemies":"Lagavulin","floor":6.0,"turns":5.0},{"damage":7.0,"enemies":"Looter","floor":7.0,"turns":2.0},{"damage":6.0,"enemies":"2 Fungi Beasts","floor":8.0,"turns":2.0},{"damage":12.0,"enemies":"Blue Slaver","floor":11.0,"turns":2.0},{"damage":19.0,"enemies":"3 Sentries","floor":13.0,"turns":6.0},{"damage":13.0,"enemies":"Gremlin Gang","floor":14.0,"turns":3.0},{"damage":31.0,"enemies":"Hexaghost","floor":16.0,"turns":5.0},{"damage":34.0,"enemies":"2 Thieves","floor":18.0,"turns":4.0},{"damage":0.0,"enemies":"Chosen","floor":19.0,"turns":1.0},{"damage":16.0,"enemies":"Snake Plant","floor":21.0,"turns":3.0},{"damage":24.0,"enemies":"Slavers","floor":24.0,"turns":3.0},{"damage":10.0,"enemies":"Snecko","floor":25.0,"turns":3.0},{"damage":16.0,"enemies":"Gremlin Leader","floor":27.0,"turns":3.0},{"damage":12.0,"enemies":"Centurion and Healer","floor":28.0,"turns":4.0},{"damage":5.0,"enemies":"Cultist and Chosen","floor":31.0,"turns":3.0},{"damage":37,"enemies":"Collector","floor":33,"turns":5}],"seed_played":"5767902344377900218","potions_obtained":[{"floor":2.0,"key":"DuplicationPotion"},{"floor":5.0,"key":"FearPotion"},{"floor":8.0,"key":"LiquidBronze"},{"floor":11.0,"key":"LiquidBronze"},{"floor":14.0,"key":"Strength Potion"},{"floor":18.0,"key":"SpeedPotion"},{"floor":19.0,"key":"SkillPotion"},{"floor":24.0,"key":"DistilledChaos"},{"floor":33,"key":"Weak Potion"}],"is_trial":false,"path_per_floor":["M","M","M","?","M","E","M","M","T","R","M","R","E","M","R","B",null,"M","M","?","M","$","R","E","M","T","E","M","R","$","M","R","B",null],"character_chosen":"IRONCLAD","items_purchased":["Perfected Strike","Bottled Flame","PowerPotion"],"campfire_rested":0,"item_purchase_floors":[22,22,30],"current_hp_per_floor":[74,73,79,79,64,39,38,38,38,38,40,40,43,44,44,34,80,66,72,72,62,62,62,57,58,58,53,47,47,47,63,63,42,80,80],"gold":139,"neow_bonus":"RANDOM_COMMON_RELIC","is_daily":false,"chose_seed":false,"campfire_upgraded":6,"win_rate":0.0,"timestamp":1612322389,"path_taken":["M","M","M","?","M","E","M","M","T","R","M","R","E","M","R","BOSS","M","M","?","M","?","R","E","M","T","E","?","R","$","M","R","BOSS"],"items_purchased_type":["Card","Relic","Potion"],"build_version":"2020-12-22","purchased_purges":1,"victory":false,"max_hp_per_floor":[80,80,80,80,80,80,80,80,80,80,80,80,80,80,80,80,80,80,80,80,80,80,80,80,80,80,80,80,80,80,80,80,80,80,80],"card_choices":[{"not_picked":["Sword Boomerang","True Grit"],"picked":"Perfected Strike","floor":1.0},{"not_picked":["Heavy Blade","Combust"],"picked":"Cleave","floor":2.0},{"not_picked":["Body Slam","Thunderclap"],"picked":"Twin Strike","floor":3.0},{"not_picked":["True Grit","Power Through","Brutality"],"picked":"SKIP","floor":5.0},{"not_picked":["Shockwave","Havoc"],"picked":"Metallicize","floor":6.0},{"not_picked":["Thunderclap","Feel No Pain"],"picked":"Pommel Strike","floor":7.0},{"not_picked":["Clash","Cleave"],"picked":"Reaper","floor":8.0},{"not_picked":["Havoc","Thunderclap","Body Slam"],"picked":"SKIP","floor":11.0},{"not_picked":["Sever Soul","Clothesline","Combust"],"picked":"SKIP","floor":13.0},{"not_picked":["Berserk","Heavy Blade"],"picked":"Headbutt","floor":14.0},{"not_picked":["Berserk","Barricade"],"picked":"Demon Form","floor":16.0},{"not_picked":["Flex","Body Slam"],"picked":"Flame Barrier+1","floor":18.0},{"not_picked":["Disarm+1","Havoc"],"picked":"Searing Blow","floor":19.0},{"not_picked":["Rupture","Body Slam"],"picked":"Inflame","floor":21.0},{"not_picked":["Anger","Headbutt"],"picked":"Blood for Blood","floor":24.0},{"not_picked":["Inflame","Burning Pact","Bloodletting"],"picked":"SKIP","floor":25.0},{"not_picked":["Seeing Red","Sword Boomerang+1","Clash+1"],"picked":"SKIP","floor":27.0},{"not_picked":["Rampage+1","Sever Soul+1","Pommel Strike+1"],"picked":"SKIP","floor":28.0},{"not_picked":["Twin Strike+1","Flame Barrier"],"picked":"Blood for Blood+1","floor":31.0},{"not_picked":["Barricade","Feed+1"],"picked":"Double Tap","floor":33}],"player_experience":218650,"relics_obtained":[{"floor":6.0,"key":"Regal Pillow"},{"floor":9.0,"key":"Potion Belt"},{"floor":13.0,"key":"Bronze Scales"},{"floor":24.0,"key":"Toy Ornithopter"},{"floor":26.0,"key":"Molten Egg 2"},{"floor":27.0,"key":"Matryoshka"},{"floor":34,"key":"Omamori"},{"floor":34,"key":"Darkstone Periapt"},{"floor":34,"key":"Charon\u0027s Ashes"}],"event_choices":[{"cards_removed":["Defend_R"],"damage_healed":0.0,"max_hp_gain":0.0,"max_hp_loss":0.0,"gold_gain":0.0,"event_name":"The Cleric","player_choice":"Card Removal","floor":4.0,"gold_loss":50.0,"damage_taken":0.0},{"damage_healed":0.0,"max_hp_gain":0.0,"max_hp_loss":0.0,"gold_gain":0.0,"event_name":"Accursed Blacksmith","player_choice":"Forge","floor":20.0,"gold_loss":0.0,"damage_taken":0.0,"cards_upgraded":["Demon Form"]}],"is_beta":false,"boss_relics":[{"not_picked":["Sozu","Runic Pyramid"],"picked":"Snecko Eye"},{"not_picked":["Black Star","Empty Cage"],"picked":"Calling Bell"}],"items_purged_floors":[30],"is_endless":false,"potions_floor_spawned":[2,5,8,11,14,18,19,24,33],"ascension_level":0}}