{"host":"nwtxriuk34b069je","time":1612326168,"event":{"mods":["AchievementEnabler","BaseMod","Better Skull","Colored Map","Colored Powertips","Hermit","Minty Spire (QoL Compilation)","Relic Stats","StSLib"],"gold_per_floor":[111,186,186,186,203,203,59,73,73,87,17,17,41,54,54,177,177,148,148,148,173,26,26,26],"floor_reached":23,"language":"ENG","playtime":806,"items_purged":[],"score":244,"play_id":"69bc0145-e6a2-4609-89ad-7384af9c8491","local_time":"20210202222248","is_ascension_mode":true,"campfire_choices":[{"floor":6,"key":"REST"},{"floor":15,"key":"REST"}],"circlet_count":0,"master_deck":["Strike_G","Strike_G","Strike_G","Strike_G","Strike_G","Defend_G","Defend_G","Defend_G","Defend_G","Defend_G","Survivor+1","Neutralize","Terror+1","Bouncing Flask","Deadly Poison","Crippling Poison","Dagger Spray","Dagger Spray","Catalyst","Dodge and Roll"],"relics":["SlaversCollar","Torii","Lee\u0027s Waffle","White Beast Statue","Golden Idol","SacredBark","Tiny Chest"],"acts_visited":["Exordium","TheCity"],"potions_floor_usage":[13,16,18,21,23,23],"damage_taken":[{"damage":5,"enemies":"2 Louse","floor":1,"turns":3},{"damage":10,"enemies":"Small Slimes","floor":5,"turns":3},{"damage":7,"enemies":"Jaw Worm","floor":8,"turns":3},{"damage":14,"enemies":"Red Slaver","floor":10,"turns":4},{"damage":18,"enemies":"Exordium Thugs","floor":13,"turns":5},{"damage":9,"enemies":"Gremlin Gang","floor":14,"turns":4},{"damage":24,"enemies":"The Guardian","floor":16,"turns":9},{"damage":18,"enemies":"2 Thieves","floor":18,"turns":5},{"damage":6,"enemies":"Spheric Guardian","floor":21,"turns":4},{"damage":98,"enemies":"Gremlin Leader","floor":23,"turns":7}],"seed_played":"-2439216736438241991","potions_obtained":[{"floor":1,"key":"Dexterity Potion"},{"floor":10,"key":"FairyPotion"},{"floor":13,"key":"Dexterity Potion"},{"floor":14,"key":"ColorlessPotion"},{"floor":16,"key":"Block Potion"},{"floor":18,"key":"Block Potion"},{"floor":21,"key":"SpeedPotion"}],"is_trial":false,"path_per_floor":["M","?","?","?","M","R","$","M","T","M","$","?","M","M","R","B",null,"M","?","$","M","$","E"],"character_chosen":"THE_SILENT","items_purchased":["Lee\u0027s Waffle","Crippling Poison","Tiny Chest"],"campfire_rested":2,"item_purchase_floors":[7,11,22],"current_hp_per_floor":[58,47,33,26,16,37,77,70,70,56,56,37,19,10,33,9,60,42,42,42,36,36,0,0],"gold":26,"neow_bonus":"BOSS_RELIC","is_daily":false,"chose_seed":false,"campfire_upgraded":0,"win_rate":0.0,"timestamp":1612326168,"path_taken":["M","?","?","?","M","R","$","M","T","M","$","?","M","M","R","BOSS","M","?","$","M","$","E"],"items_purchased_type":["Relic","Card","Relic"],"build_version":"2020-12-22","purchased_purges":0,"victory":false,"max_hp_per_floor":[70,70,70,70,70,70,77,77,77,77,77,77,77,77,77,77,77,77,77,77,77,77,77,77],"relic_stats":{"Lee\u0027s Waffle":40,"Torii":16,"counters":[10,47],"Golden Idol":41,"Tiny Chest":0,"obtain_stats":[{"SlaversCollar":0,"Lee\u0027s Waffle":7,"Torii":4,"Golden Idol":12,"SacredBark":17,"Tiny Chest":22,"White Beast Statue":9,"Ring of the Snake":0},{"SlaversCollar":0,"Lee\u0027s Waffle":2,"Torii":1,"Golden Idol":4,"SacredBark":7,"Tiny Chest":9,"White Beast Statue":3,"Ring of the Snake":0},{"SlaversCollar":0,"Lee\u0027s Waffle":6,"Torii":3,"Golden Idol":13,"SacredBark":31,"Tiny Chest":40,"White Beast Statue":9,"Ring of the Snake":0}]},"card_choices":[{"not_picked":["Reflex","Dagger Throw"],"picked":"Terror","floor":1},{"not_picked":["Deadly Poison","Underhanded Strike"],"picked":"Bouncing Flask","floor":5},{"not_picked":["Prepared","Distraction"],"picked":"Deadly Poison","floor":8},{"not_picked":["Distraction","Underhanded Strike","Infinite Blades"],"picked":"SKIP","floor":10},{"not_picked":["Deadly Poison","Outmaneuver"],"picked":"Dagger Spray","floor":13},{"not_picked":["Slice","Distraction"],"picked":"Dagger Spray","floor":14},{"not_picked":["Slice","Acrobatics"],"picked":"Catalyst","floor":18},{"not_picked":["Dagger Throw","Sucker Punch"],"picked":"Dodge and Roll","floor":21}],"player_experience":517709,"relics_obtained":[{"floor":9,"key":"White Beast Statue"}],"event_choices":[{"damage_healed":0,"gold_gain":75,"player_choice":"Gather Gold","damage_taken":11,"max_hp_gain":0,"max_hp_loss":0,"event_name":"World of Goop","floor":2,"gold_loss":0},{"damage_healed":0,"gold_gain":0,"player_choice":"Entered Light","damage_taken":14,"max_hp_gain":0,"max_hp_loss":0,"event_name":"Shining Light","floor":3,"gold_loss":0,"cards_upgraded":["Terror","Survivor"]},{"damage_healed":0,"gold_gain":0,"player_choice":"Success","damage_taken":7,"relics_obtained":["Torii"],"max_hp_gain":0,"max_hp_loss":0,"event_name":"Scrap Ooze","floor":4,"gold_loss":0},{"damage_healed":0,"gold_gain":0,"player_choice":"Take Damage","damage_taken":19,"relics_obtained":["Golden Idol"],"max_hp_gain":0,"max_hp_loss":0,"event_name":"Golden Idol","floor":12,"gold_loss":0},{"damage_healed":0,"gold_gain":0,"player_choice":"Bought 0 Potions","damage_taken":0,"max_hp_gain":0,"max_hp_loss":0,"event_name":"The Woman in Blue","floor":19,"gold_loss":0}],"is_beta":false,"boss_relics":[{"not_picked":["Pandora\u0027s Box","Ectoplasm"],"picked":"SacredBark"}],"items_purged_floors":[],"is_endless":false,"potions_floor_spawned":[1,10,13,14,16,18,21],"killed_by":"Gremlin Leader","ascension_level":7}}