{"host":"6xsbn6ynqlzwllfm","time":1612383136,"event":{"mods":["2.2 Compatiblity","BaseMod","Bestiary","Colored Map","Colored Powertips","Curses Come First","Downfall","Highlight Path","Keyboard Shortcuts","Minty Spire (QoL Compilation)","Relic Stats","Slay the Relics Exporter","StSLib","SuperFastMode"],"gold_per_floor":[99,109,128,139,139,139,139,39,39,56,70,7,7,0,19,116,116,116,130,148,163,163,196,196,213,226,6,6,106,106,106,106],"floor_reached":30,"language":"ENG","playtime":2065,"items_purged":[],"score":242,"play_id":"aa99a70f-a195-4663-bd4a-c0cc83ff42ac","local_time":"20210203151216","is_ascension_mode":false,"campfire_choices":[{"data":"bronze:Replicate","floor":1,"key":"SMITH"},{"floor":6,"key":"RECALL"},{"data":"bronze:Goto","floor":8,"key":"SMITH"},{"data":"bronze:Mutator","floor":18,"key":"SMITH"},{"floor":28,"key":"REST"}],"circlet_count":0,"master_deck":["bronze:Strike","bronze:Strike","bronze:Strike","bronze:Defend","bronze:Defend","bronze:Defend","bronze:Defend","bronze:Replicate+1","bronze:Goto+1","bronze:FineTuning","bronze:BitShift","bronze:Flail","bronze:Repair","bronze:CloningBeam","bronze:Fortify","bronze:Verify","bronze:Mutator+1","bronze:WildBeam","bronze:Iterate","bronze:Repair","bronze:BugBarrage","bronze:ChosenStrike","bronze:Shield","bronze:ItsAFeature","bronze:MaxOutput","bronze:GetLatest","bronze:MaxOutput+1"],"relics":["bronze:BronzeCore","Dead Branch","Potion Belt","downfall:HeartBlessingRed","bronze:BottledCode","Black Star","Letter Opener","Akabeko","Bottled Lightning","Membership Card","Prayer Wheel","Frozen Egg 2"],"acts_visited":["Exordium","TheCity"],"potions_floor_usage":[16,23,23,27,27,29,29,30],"damage_taken":[{"damage":5,"enemies":"Jaw Worm","floor":2,"turns":4},{"damage":1,"enemies":"Cultist","floor":3,"turns":4},{"damage":7,"enemies":"Small Slimes","floor":4,"turns":3},{"damage":2,"enemies":"Blue Slaver","floor":10,"turns":3},{"damage":0,"enemies":"2 Fungi Beasts","floor":11,"turns":1},{"damage":5,"enemies":"downfall:FleeingMerchant","floor":12,"turns":4},{"damage":0,"enemies":"downfall:FleeingMerchant","floor":14,"turns":4},{"damage":11,"enemies":"Large Slime","floor":15,"turns":2},{"damage":14,"enemies":"WA_ARCHETYPE_RETAIN","floor":16,"turns":5},{"damage":4,"enemies":"Spheric Guardian","floor":19,"turns":4},{"damage":21,"enemies":"Snake Plant","floor":20,"turns":5},{"damage":26,"enemies":"Centurion and Healer","floor":21,"turns":4},{"damage":17,"enemies":"Gremlin Leader","floor":23,"turns":9},{"damage":9,"enemies":"Cultist and Chosen","floor":25,"turns":6},{"damage":31,"enemies":"Snecko","floor":26,"turns":6},{"damage":0,"enemies":"downfall:FleeingMerchant","floor":27,"turns":4},{"damage":30,"enemies":"DF_ARCHETYPE_STREAMLINE","floor":29,"turns":6},{"damage":16,"enemies":"Slavers","floor":30,"turns":1}],"seed_played":"4341597903193980198","potions_obtained":[{"floor":3,"key":"SpeedPotion"},{"floor":15,"key":"Explosive Potion"},{"floor":16,"key":"Fire Potion"},{"floor":20,"key":"Regen Potion"},{"floor":22,"key":"CultistPotion"},{"floor":25,"key":"SteroidPotion"},{"floor":29,"key":"Fruit Juice"}],"is_trial":false,"path_per_floor":["R","M","M","M","?","R","T","R","?","M","M","$","?","$","M","B",null,"R","M","M","M","?","E","T","M","M","$","R","?","E"],"character_chosen":"THE_AUTOMATON","items_purchased":["PowerPotion","Membership Card","bronze:MaxOutput","bronze:GetLatest"],"campfire_rested":1,"item_purchase_floors":[12,27,27,27],"current_hp_per_floor":[77,72,71,64,61,61,61,61,61,59,59,61,61,67,56,50,67,67,63,49,23,23,36,36,34,10,17,37,12,0,0,0],"gold":106,"neow_bonus":"TEN_PERCENT_HP_BONUS","is_daily":false,"chose_seed":false,"campfire_upgraded":3,"win_rate":0.0,"timestamp":1612383136,"path_taken":["R","M","M","M","?","R","T","R","?","M","?","$","?","$","M","BOSS","R","M","M","M","?","E","T","M","M","$","R","?","E"],"items_purchased_type":["Potion","Relic","Card","Card"],"build_version":"2020-12-22","purchased_purges":0,"victory":false,"max_hp_per_floor":[77,77,77,77,77,77,77,77,77,77,77,77,67,67,67,67,67,67,67,67,67,67,67,67,67,67,67,67,72,72,72,72],"relic_stats":{"counters":[18,75],"Dead Branch":[46],"Prayer Wheel":0,"Black Star":1,"Letter Opener":[5],"obtain_stats":[{"Potion Belt":7,"bronze:BottledCode":13,"bronze:BronzeCore":0,"downfall:HeartBlessingRed":8,"Dead Branch":5,"Prayer Wheel":29,"Black Star":17,"Letter Opener":23,"Bottled Lightning":24,"Membership Card":27,"Frozen Egg 2":29,"Akabeko":23},{"Potion Belt":3,"bronze:BottledCode":6,"bronze:BronzeCore":0,"downfall:HeartBlessingRed":3,"Dead Branch":3,"Prayer Wheel":17,"Black Star":9,"Letter Opener":13,"Bottled Lightning":13,"Membership Card":16,"Frozen Egg 2":17,"Akabeko":13},{"Potion Belt":11,"bronze:BottledCode":19,"bronze:BronzeCore":0,"downfall:HeartBlessingRed":11,"Dead Branch":11,"Prayer Wheel":74,"Black Star":30,"Letter Opener":52,"Bottled Lightning":52,"Membership Card":68,"Frozen Egg 2":74,"Akabeko":52}]},"card_choices":[{"not_picked":["bronze:NullPointer","bronze:OilSpill"],"picked":"bronze:FineTuning","floor":2},{"not_picked":["bronze:Shield","bronze:Deprecate"],"picked":"bronze:BitShift","floor":3},{"not_picked":["bronze:FollowUp","bronze:NullPointer"],"picked":"bronze:Flail","floor":4},{"not_picked":["bronze:WildBeam","bronze:BuggyMess"],"picked":"bronze:Repair","floor":10},{"not_picked":["bronze:BugBarrage","bronze:Branch"],"picked":"bronze:CloningBeam","floor":11},{"not_picked":["bronze:DelayedGuard","bronze:Invalidate"],"picked":"bronze:Fortify","floor":12},{"not_picked":["bronze:DigitalCarnage","bronze:FineTuning","bronze:Flail"],"picked":"SKIP","floor":14},{"not_picked":["bronze:Safeguard","bronze:Flail"],"picked":"bronze:Verify","floor":15},{"not_picked":["bronze:Virus","bronze:Assembly"],"picked":"bronze:Mutator","floor":16},{"not_picked":["bronze:DelayedSlice","bronze:FineTuning"],"picked":"bronze:WildBeam","floor":19},{"not_picked":["bronze:DelayedSlice","bronze:BitShift"],"picked":"bronze:Iterate","floor":20},{"not_picked":["bronze:Iterate","bronze:Invalidate"],"picked":"bronze:Repair","floor":21},{"not_picked":["bronze:DelayedSlice","bronze:OilSpill"],"picked":"bronze:BugBarrage","floor":23},{"not_picked":["bronze:FineTuning","bronze:WhirlingStrike+1"],"picked":"bronze:ChosenStrike","floor":25},{"not_picked":["bronze:Branch","bronze:Backtrace+1"],"picked":"bronze:Shield","floor":26},{"not_picked":["bronze:ThunderWave","bronze:ClassDefault"],"picked":"bronze:ItsAFeature","floor":27},{"not_picked":["bronze:Branch","bronze:Deprecate"],"picked":"bronze:MaxOutput+1","floor":29}],"player_experience":1606925,"relics_obtained":[{"floor":7,"key":"Potion Belt"},{"floor":23,"key":"Letter Opener"},{"floor":23,"key":"Akabeko"},{"floor":24,"key":"Bottled Lightning"},{"floor":29,"key":"Prayer Wheel"},{"floor":29,"key":"Frozen Egg 2"}],"event_choices":[{"damage_healed":0,"gold_gain":0,"player_choice":"Success","damage_taken":3,"relics_obtained":["Dead Branch"],"max_hp_gain":0,"max_hp_loss":0,"event_name":"Scrap Ooze","floor":5,"gold_loss":0}],"is_beta":false,"boss_relics":[{"not_picked":["Pandora\u0027s Box","Tiny House"],"picked":"Black Star"}],"items_purged_floors":[],"is_endless":false,"potions_floor_spawned":[3,15,16,20,25,29],"killed_by":"Slavers","ascension_level":0}}