{"host":"49pjgf1q9ev52n8z","time":1612392768,"event":{"mods":["BaseMod","Bestiary","Colored Map","Minty Spire (QoL Compilation)","Practice Mode","Relic Stats","StSLib"],"gold_per_floor":[10,10,20,95,136,136,168,202,250,43,43,74,86,110,122,238,250,281,306,337,43,0,0,42,98,98,114,114,158,208,227,227,329,329,339,44,120,24,66,66,108,155,155,155,168,215,215,215],"floor_reached":47,"language":"ENG","playtime":5882,"items_purged":["Strike_P"],"score":560,"play_id":"472bb09b-0d84-4b01-8e9a-d912945db3a6","local_time":"20210203145248","is_ascension_mode":true,"campfire_choices":[{"data":"Eruption","floor":6.0,"key":"SMITH"},{"data":"ForeignInfluence","floor":11.0,"key":"SMITH"},{"floor":15.0,"key":"REST"},{"floor":23.0,"key":"REST"},{"floor":28.0,"key":"REST"},{"floor":32.0,"key":"REST"},{"data":"DevaForm","floor":40.0,"key":"SMITH"},{"floor":44.0,"key":"REST"}],"circlet_count":0,"master_deck":["Strike_P","Strike_P","Strike_P","Defend_P","Defend_P","Defend_P","Defend_P","Eruption+1","Vigilance","Wish+1","FollowUp","JustLucky","ForeignInfluence+1","InnerPeace","FlurryOfBlows","EmptyFist","Devotion","Evaluate","Devotion","MentalFortress","Protect+1","ThirdEye","DevaForm+1","TalkToTheHand","TalkToTheHand","BowlingBash+1","Meditate","Adaptation+1","Scrawl","Good Instincts","TalkToTheHand+1","Vault","Parasite","MentalFortress+1"],"relics":["PureWater","Shuriken","Damaru","Bronze Scales","MawBank","Vajra","Runic Pyramid","Nunchaku","Molten Egg 2","SacredBark","Lee\u0027s Waffle","Pen Nib","Question Card","Kunai"],"acts_visited":["Exordium","TheCity","TheBeyond"],"potions_floor_usage":[45],"damage_taken":[{"damage":7.0,"enemies":"Small Slimes","floor":1.0,"turns":7.0},{"damage":3.0,"enemies":"Jaw Worm","floor":3.0,"turns":8.0},{"damage":6.0,"enemies":"Cultist","floor":5.0,"turns":4.0},{"damage":0.0,"enemies":"Lagavulin","floor":7.0,"turns":4.0},{"damage":0.0,"enemies":"Large Slime","floor":8.0,"turns":4.0},{"damage":5.0,"enemies":"3 Sentries","floor":12.0,"turns":5.0},{"damage":13.0,"enemies":"Lots of Slimes","floor":14.0,"turns":2.0},{"damage":10.0,"enemies":"The Guardian","floor":16.0,"turns":8.0},{"damage":5.0,"enemies":"Shell Parasite","floor":18.0,"turns":5.0},{"damage":31.0,"enemies":"2 Thieves","floor":19.0,"turns":3.0},{"damage":7.0,"enemies":"3 Cultists","floor":20.0,"turns":3.0},{"damage":6.0,"enemies":"Cultist and Chosen","floor":24.0,"turns":5.0},{"damage":10.0,"enemies":"Gremlin Leader","floor":25.0,"turns":6.0},{"damage":31.0,"enemies":"Snake Plant","floor":27.0,"turns":4.0},{"damage":0.0,"enemies":"3 Cultists","floor":29.0,"turns":4.0},{"damage":9.0,"enemies":"Centurion and Healer","floor":31.0,"turns":6.0},{"damage":14.0,"enemies":"Automaton","floor":33.0,"turns":5.0},{"damage":47.0,"enemies":"3 Darklings","floor":35.0,"turns":4.0},{"damage":16.0,"enemies":"Orb Walker","floor":39.0,"turns":4.0},{"damage":20.0,"enemies":"4 Shapes","floor":41.0,"turns":6.0},{"damage":10.0,"enemies":"Spire Growth","floor":42.0,"turns":5.0},{"damage":23,"enemies":"Transient","floor":45,"turns":5},{"damage":32,"enemies":"Writhing Mass","floor":46,"turns":5},{"damage":4,"enemies":"Jaw Worm Horde","floor":47,"turns":1}],"seed_played":"52911526444819913","potions_obtained":[{"floor":1.0,"key":"GamblersBrew"},{"floor":3.0,"key":"PowerPotion"},{"floor":7.0,"key":"GamblersBrew"},{"floor":14.0,"key":"Explosive Potion"},{"floor":19.0,"key":"Explosive Potion"},{"floor":20.0,"key":"BottledMiracle"},{"floor":24.0,"key":"LiquidMemories"},{"floor":27.0,"key":"SteroidPotion"},{"floor":31.0,"key":"FearPotion"},{"floor":41.0,"key":"DistilledChaos"},{"floor":42.0,"key":"Dexterity Potion"}],"is_trial":false,"path_per_floor":["M","?","M","?","M","R","E","M","T","$","R","E","?","M","R","B",null,"M","M","M","$","?","R","M","E","T","M","R","M","?","M","R","B",null,"M","$","T","$","M","R","M","M","T","R","M","M","M"],"character_chosen":"WATCHER","items_purchased":["Bronze Scales","EmptyFist","DevaForm","TalkToTheHand","Lee\u0027s Waffle","Pen Nib","Good Instincts"],"campfire_rested":5,"item_purchase_floors":[10,10,21,21,36,36,38],"current_hp_per_floor":[65,65,62,51,45,45,45,45,45,45,45,40,40,27,48,38,72,67,36,29,29,29,50,44,34,34,3,24,24,24,15,36,22,72,25,79,79,79,63,63,43,33,33,56,33,1,0,0],"gold":215,"neow_bonus":"THREE_RARE_CARDS","is_daily":false,"chose_seed":false,"campfire_upgraded":3,"win_rate":0.0,"timestamp":1612392768,"path_taken":["M","?","M","?","M","R","E","M","T","?","R","E","?","M","R","BOSS","M","M","M","$","?","R","M","E","T","M","R","M","?","M","R","BOSS","M","$","?","?","M","R","M","M","T","R","?","M","M"],"items_purchased_type":["Relic","Card","Card","Card","Relic","Relic","Card"],"build_version":"2020-12-22","purchased_purges":1,"victory":false,"max_hp_per_floor":[72,72,72,72,72,72,72,72,72,72,72,72,72,72,72,72,72,72,72,72,72,72,72,72,72,72,72,72,72,72,72,72,72,72,72,79,79,79,79,79,79,79,79,79,79,79,79,79],"relic_stats":{"Nunchaku":[10],"Lee\u0027s Waffle":54,"counters":[24,113],"Shuriken":[41],"Bronze Scales":[228],"Pen Nib":[5],"Kunai":[4],"MawBank":108,"Question Card":5,"obtain_stats":[{"Lee\u0027s Waffle":36,"SacredBark":34,"Damaru":9,"Vajra":13,"Pen Nib":36,"MawBank":12,"Question Card":37,"Nunchaku":25,"Shuriken":7,"Bronze Scales":10,"Molten Egg 2":26,"Kunai":43,"PureWater":0,"Runic Pyramid":17},{"Lee\u0027s Waffle":18,"SacredBark":17,"Damaru":5,"Vajra":6,"Pen Nib":18,"MawBank":6,"Question Card":18,"Nunchaku":13,"Shuriken":4,"Bronze Scales":5,"Molten Egg 2":13,"Kunai":21,"PureWater":0,"Runic Pyramid":8},{"Lee\u0027s Waffle":87,"SacredBark":83,"Damaru":27,"Vajra":32,"Pen Nib":87,"MawBank":32,"Question Card":87,"Nunchaku":64,"Shuriken":23,"Bronze Scales":27,"Molten Egg 2":64,"Kunai":102,"PureWater":0,"Runic Pyramid":42}]},"card_choices":[{"not_picked":["Blasphemy","Omniscience"],"picked":"Wish","floor":0.0},{"not_picked":["LikeWater","PathToVictory"],"picked":"FollowUp","floor":1.0},{"not_picked":["Evaluate","Nirvana"],"picked":"JustLucky","floor":3.0},{"not_picked":["Collect","Scrawl"],"picked":"ForeignInfluence","floor":5.0},{"not_picked":["ThirdEye","SignatureMove"],"picked":"InnerPeace","floor":7.0},{"not_picked":["Worship","ForeignInfluence"],"picked":"FlurryOfBlows","floor":8.0},{"not_picked":["Fasting2","Conclude"],"picked":"Devotion","floor":12.0},{"not_picked":["EmptyBody","PathToVictory"],"picked":"Evaluate","floor":14.0},{"not_picked":["DevaForm","Scrawl"],"picked":"Devotion","floor":16.0},{"not_picked":["ClearTheMind","Wireheading"],"picked":"MentalFortress","floor":18.0},{"not_picked":["Evaluate","CrushJoints"],"picked":"Protect+1","floor":19.0},{"not_picked":["ReachHeaven","Evaluate"],"picked":"ThirdEye","floor":20.0},{"not_picked":["ThirdEye","SignatureMove"],"picked":"TalkToTheHand","floor":24.0},{"not_picked":["WheelKick","ThirdEye"],"picked":"BowlingBash+1","floor":25.0},{"not_picked":["FlyingSleeves+1","CrushJoints+1"],"picked":"Meditate","floor":27.0},{"not_picked":["EmptyBody","ThirdEye"],"picked":"Adaptation+1","floor":29.0},{"not_picked":["Collect","SignatureMove+1","ReachHeaven+1"],"picked":"SKIP","floor":31.0},{"not_picked":["MasterReality","Wish"],"picked":"Scrawl","floor":33.0},{"not_picked":["EmptyFist+1","Protect","Indignation+1"],"picked":"SKIP","floor":35.0},{"not_picked":["Sanctity","FlyingSleeves+1","FollowUp+1"],"picked":"TalkToTheHand+1","floor":39.0},{"not_picked":["ThirdEye","Conclude+1","Swivel","EmptyBody"],"picked":"SKIP","floor":41.0},{"not_picked":["PathToVictory","Vengeance","Conclude+1","Prostrate"],"picked":"SKIP","floor":42.0},{"not_picked":["ClearTheMind","FlurryOfBlows+1","SashWhip+1"],"picked":"Vault","floor":45},{"not_picked":["BowlingBash+1","Pray+1","ThirdEye"],"picked":"MentalFortress+1","floor":46}],"player_experience":705397,"relics_obtained":[{"floor":7.0,"key":"Shuriken"},{"floor":9.0,"key":"Damaru"},{"floor":12.0,"key":"MawBank"},{"floor":25.0,"key":"Nunchaku"},{"floor":26.0,"key":"Molten Egg 2"},{"floor":37.0,"key":"Question Card"},{"floor":43.0,"key":"Kunai"}],"event_choices":[{"damage_healed":0.0,"max_hp_gain":0.0,"max_hp_loss":0.0,"gold_gain":0.0,"event_name":"Living Wall","player_choice":"Grow","floor":2.0,"gold_loss":0.0,"damage_taken":0.0,"cards_upgraded":["Wish"]},{"damage_healed":0.0,"max_hp_gain":0.0,"max_hp_loss":0.0,"gold_gain":75.0,"event_name":"World of Goop","player_choice":"Gather Gold","floor":4.0,"gold_loss":0.0,"damage_taken":11.0},{"damage_healed":0.0,"max_hp_gain":0.0,"max_hp_loss":0.0,"gold_gain":0.0,"event_name":"WeMeetAgain","player_choice":"Gave Potion","floor":13.0,"gold_loss":0.0,"damage_taken":0.0,"relics_obtained":["Vajra"]},{"damage_healed":0.0,"max_hp_gain":0.0,"max_hp_loss":0.0,"gold_gain":0.0,"event_name":"Masked Bandits","player_choice":"Paid Fearfully","floor":22.0,"gold_loss":43.0,"damage_taken":0.0},{"damage_healed":0.0,"max_hp_gain":0.0,"max_hp_loss":0.0,"gold_gain":100.0,"event_name":"The Joust","player_choice":"Bet on Murderer","floor":30.0,"gold_loss":50.0,"damage_taken":0.0}],"is_beta":false,"boss_relics":[{"not_picked":["Philosopher\u0027s Stone","Sozu"],"picked":"Runic Pyramid"},{"not_picked":["VioletLotus","Cursed Key"],"picked":"SacredBark"}],"items_purged_floors":[21],"is_endless":false,"potions_floor_spawned":[1,3,7,14,19,20,24,27,31,41,42],"killed_by":"Jaw Worm Horde","ascension_level":2}}