{"host":"jgyoyy5iuhtvyvtg","time":1612330855,"event":{"mods":["2.2 Compatiblity","BaseMod","Challenge The Spire","Colored Map","Conspire","Dark Map","Downfall","Hermit","Highlight Path","Infinite Spire","Lobotomy","LobotomyExtend","Minty Spire (QoL Compilation)","Quick Restart","Replay The Spire","Spikes Relics","StSLib","The Construct","The Disciple","The Jungle","Yuri Mod"],"gold_per_floor":[99,118,129,35,48,62,62,62,75,93,107,107,127,127,141,240,240,240,240,340,11,11,11,93,93,110,110,128,128,145,145,145,145],"floor_reached":31,"language":"ENG","playtime":1325,"items_purged":["Looming Evil"],"score":229,"play_id":"fa37cb9e-70da-4efd-860a-358cf3595250","local_time":"20210202214055","is_ascension_mode":false,"campfire_choices":[{"data":"bronze:Replicate","floor":1,"key":"SMITH"},{"data":"bronze:Library","floor":8,"key":"SMITH"},{"floor":12,"key":"REST"},{"data":"bronze:Return","floor":18,"key":"SMITH"},{"data":"bronze:Verify","floor":23,"key":"SMITH"},{"data":"bronze:Mutator","floor":25,"key":"SMITH"},{"floor":27,"key":"REST"},{"data":"Neutralize","floor":29,"key":"SMITH"}],"circlet_count":0,"master_deck":["bronze:Strike","bronze:Strike","bronze:Strike","bronze:Strike","bronze:Defend","bronze:Defend","bronze:Defend","bronze:Defend","bronze:Replicate+1","bronze:Goto","bronze:WildBeam","bronze:WhirlingStrike","bronze:Library+1","bronze:Optimize","bronze:Return+1","bronze:Invalidate","bronze:HardenedForm","bronze:HyperBeam","bronze:FollowUp","bronze:AlphaBuild","downfall:Icky","Neutralize+1","bronze:Mutator+1","Replay:Bootleg Shield Generator","infinitespire:Punishment","bronze:BronzeOrb","bronze:Terminator","bronze:Verify+1","bronze:ForceShield","bronze:ClassDefault","bronze:Fortify+1","bronze:Safeguard"],"relics":["bronze:BronzeCore","Art of War","LetterFromLob","Pantograph","ReplayTheSpireMod:SealedPack","Ring of Misfortune","Ring of Peace","Toy Ornithopter","Molten Egg 2"],"acts_visited":["Exordium","TheCity"],"potions_floor_usage":[16,20,28,30,31],"damage_taken":[{"damage":1,"enemies":"Jaw Worm","floor":2,"turns":3},{"damage":0,"enemies":"Small Slimes","floor":3,"turns":3},{"damage":5,"enemies":"downfall:FleeingMerchant","floor":4,"turns":4},{"damage":0,"enemies":"conspire:RoseBush","floor":5,"turns":3},{"damage":5,"enemies":"Gremlin Gang","floor":6,"turns":2},{"damage":6,"enemies":"3 Louse","floor":9,"turns":2},{"damage":6,"enemies":"Exordium Wildlife","floor":10,"turns":3},{"damage":12,"enemies":"Blue Slaver","floor":11,"turns":3},{"damage":3,"enemies":"Red Slaver","floor":13,"turns":4},{"damage":5,"enemies":"Exordium Thugs","floor":15,"turns":2},{"damage":10,"enemies":"DF_ARCHETYPE_STREAMLINE","floor":16,"turns":6},{"damage":0,"enemies":"downfall:LadyInBlue","floor":20,"turns":4},{"damage":6,"enemies":"downfall:FleeingMerchant","floor":21,"turns":4},{"damage":20,"enemies":"conspire:FuzzyDice","floor":26,"turns":5},{"damage":0,"enemies":"Spheric Guardian","floor":28,"turns":3},{"damage":25,"enemies":"Shelled Parasite and Fungi","floor":30,"turns":7},{"damage":57,"enemies":"Gremlin Leader","floor":31,"turns":7}],"seed_played":"8273640053414881553","potions_obtained":[{"floor":2,"key":"LiquidMemories"},{"floor":3,"key":"hexamod:SoulburnPotion"},{"floor":11,"key":"SpeedPotion"},{"floor":13,"key":"Flashbang"},{"floor":20,"key":"PowerPotion"},{"floor":20,"key":"Flashbang"},{"floor":28,"key":"PowerPotion"}],"is_trial":false,"path_per_floor":["R","M","M","$","M","M","T","R","M","M","M","R","M","?","M","B",null,"R","?","?","$","M","R","T","R","M","R","M","R","M","E"],"character_chosen":"THE_AUTOMATON","items_purchased":["bronze:Optimize","bronze:Verify","bronze:ForceShield"],"campfire_rested":2,"item_purchase_floors":[4,21,21],"current_hp_per_floor":[70,69,69,64,64,59,59,59,53,47,35,56,53,53,48,60,70,70,70,70,64,64,64,64,64,44,65,70,70,45,0,0,0],"gold":145,"neow_bonus":"RANDOM_COMMON_RELIC","is_daily":false,"chose_seed":false,"campfire_upgraded":6,"win_rate":0.0,"timestamp":1612330855,"path_taken":["R","M","M","$","M","M","T","R","M","M","M","R","M","?","M","BOSS","R","?","?","$","M","R","T","R","M","R","?","R","M","E"],"items_purchased_type":["Card","Card","Card"],"build_version":"2020-12-22","purchased_purges":1,"victory":false,"max_hp_per_floor":[70,70,70,70,70,70,70,70,70,70,70,70,70,70,70,70,70,70,70,70,70,70,70,70,70,70,70,70,70,70,70,70,70],"card_choices":[{"not_picked":["bronze:Refactor","bronze:Iterate"],"picked":"bronze:WildBeam","floor":2},{"not_picked":["bronze:Overload","bronze:OilSpill"],"picked":"bronze:WhirlingStrike","floor":3},{"not_picked":["bronze:Iterate","bronze:Branch"],"picked":"bronze:Library","floor":4},{"not_picked":["bronze:Frontload","bronze:BitShift"],"picked":"bronze:Return","floor":5},{"not_picked":["bronze:DelayedGuard","bronze:Separator"],"picked":"bronze:Invalidate","floor":6},{"not_picked":["bronze:Deprecate","bronze:Branch","bronze:Boost"],"picked":"SKIP","floor":9},{"not_picked":["bronze:Allocate","bronze:Shield"],"picked":"bronze:HardenedForm","floor":10},{"not_picked":["bronze:Branch","bronze:FineTuning","bronze:Overheat"],"picked":"SKIP","floor":11},{"not_picked":["bronze:CutThrough","bronze:Deprecate"],"picked":"bronze:HyperBeam","floor":13},{"not_picked":["bronze:WildBeam","bronze:Shield"],"picked":"bronze:FollowUp","floor":15},{"not_picked":["bronze:HyperBeam","bronze:Format"],"picked":"bronze:AlphaBuild","floor":16},{"not_picked":["m_Survivalism","bronze:Replicate"],"picked":"Neutralize","floor":17},{"not_picked":["bronze:ShipIt","bronze:AlphaBuild"],"picked":"bronze:Mutator","floor":17},{"not_picked":["Sharp Hide","Enlightenment"],"picked":"Replay:Bootleg Shield Generator","floor":17},{"not_picked":["infinitespire:DeathsTouch","ReplayTheSpireMod:Book of Names"],"picked":"infinitespire:Punishment","floor":17},{"not_picked":["bronze:WildBeam+1","bronze:BitShift"],"picked":"bronze:BronzeOrb","floor":20},{"not_picked":["bronze:BuggyMess","bronze:Virus"],"picked":"bronze:Terminator","floor":21},{"not_picked":["bronze:BitShift","bronze:Optimize"],"picked":"bronze:ClassDefault","floor":26},{"not_picked":["bronze:Shield","bronze:WildBeam+1"],"picked":"bronze:Fortify+1","floor":28},{"not_picked":["bronze:WhirlingStrike+1","bronze:Deprecate"],"picked":"bronze:Safeguard","floor":30}],"player_experience":3239554,"relics_obtained":[{"floor":2,"key":"LetterFromLob"},{"floor":7,"key":"Pantograph"},{"floor":19,"key":"Ring of Misfortune"},{"floor":19,"key":"Ring of Peace"},{"floor":20,"key":"Toy Ornithopter"},{"floor":24,"key":"Molten Egg 2"}],"event_choices":[],"is_beta":false,"boss_relics":[{"not_picked":["Velvet Choker","ReplayTheSpireMod:DimensionalGlitch"],"picked":"ReplayTheSpireMod:SealedPack"}],"items_purged_floors":[21],"is_endless":false,"potions_floor_spawned":[2,3,11,13,15,26,28],"killed_by":"Gremlin Leader","ascension_level":0}}