{"host":"drjz7zl15rqtgg20","time":1612313863,"event":{"mods":["BaseMod","Colored Map","Downfall","Minty Spire (QoL Compilation)","StSLib"],"gold_per_floor":[99,117,12,28,38,38,65,65,65,81,97,97,247,278,289,289,289,289],"floor_reached":16,"language":"ENG","playtime":903,"items_purged":[],"score":102,"play_id":"562d55ff-d449-4053-a794-e88aa0d7451e","local_time":"20210202195743","is_ascension_mode":false,"campfire_choices":[{"floor":1,"key":"RECALL"},{"data":"bronze:Frontload","floor":6,"key":"SMITH"},{"data":"bronze:DelayedSlice","floor":8,"key":"SMITH"},{"data":"bronze:Boost","floor":12,"key":"SMITH"}],"circlet_count":0,"master_deck":["bronze:Strike","bronze:Strike","bronze:Strike","bronze:Defend","bronze:Defend","bronze:Defend","bronze:Defend","bronze:Replicate","bronze:Goto","bronze:Iterate","bronze:Frontload+1","bronze:ClassDefault","bronze:DelayedSlice+1","bronze:DelayedSlice","bronze:Boost+1","downfall:Icky"],"relics":["bronze:BronzeCore","Thread and Needle"],"acts_visited":["Exordium"],"potions_floor_usage":[11,16],"damage_taken":[{"damage":8,"enemies":"2 Louse","floor":2,"turns":3},{"damage":0,"enemies":"downfall:FleeingMerchant","floor":3,"turns":4},{"damage":3,"enemies":"Small Slimes","floor":4,"turns":4},{"damage":0,"enemies":"Jaw Worm","floor":5,"turns":3},{"damage":0,"enemies":"Exordium Wildlife","floor":10,"turns":3},{"damage":1,"enemies":"Exordium Thugs","floor":11,"turns":4},{"damage":4,"enemies":"3 Sentries","floor":14,"turns":7},{"damage":0,"enemies":"3 Louse","floor":15,"turns":2},{"damage":33,"enemies":"IC_STATUS_ARCHETYPE","floor":16,"turns":13}],"seed_played":"6870924426468610870","potions_obtained":[{"floor":4,"key":"GamblersBrew"},{"floor":5,"key":"Strength Potion"},{"floor":11,"key":"champ:CounterPotion"},{"floor":15,"key":"LiquidMemories"}],"is_trial":false,"path_per_floor":["R","M","$","M","M","R","T","R","?","M","M","R","?","E","M","B"],"character_chosen":"THE_AUTOMATON","items_purchased":["bronze:ClassDefault","bronze:DelayedSlice"],"campfire_rested":0,"item_purchase_floors":[3,3],"current_hp_per_floor":[77,69,69,66,66,66,66,66,66,66,65,65,65,61,61,28,28,28],"gold":289,"neow_bonus":"TEN_PERCENT_HP_BONUS","is_daily":false,"chose_seed":false,"campfire_upgraded":3,"win_rate":0.0,"timestamp":1612313863,"path_taken":["R","M","$","M","M","R","T","R","?","M","M","R","?","E","M","BOSS"],"items_purchased_type":["Card","Card"],"build_version":"2020-12-22","purchased_purges":0,"victory":false,"max_hp_per_floor":[77,77,77,77,77,77,77,77,77,77,77,77,77,77,77,77,77,77],"card_choices":[{"not_picked":["bronze:Turbo","bronze:GetLatest"],"picked":"bronze:Iterate","floor":2},{"not_picked":["bronze:WildBeam","bronze:Return"],"picked":"bronze:Frontload","floor":3},{"not_picked":["bronze:CleanCode","bronze:Overload"],"picked":"bronze:DelayedSlice","floor":4},{"not_picked":["bronze:Overheat","bronze:FollowUp","bronze:ChildClass"],"picked":"SKIP","floor":5},{"not_picked":["bronze:ItsAFeature","bronze:DelayedSlice","bronze:ChildClass"],"picked":"SKIP","floor":10},{"not_picked":["bronze:WhirlingStrike","bronze:Turbo"],"picked":"bronze:Boost","floor":11},{"not_picked":["bronze:BugBarrage","bronze:CutThrough","bronze:ShipIt"],"picked":"SKIP","floor":14},{"not_picked":["bronze:OilSpill","bronze:WhirlingStrike","bronze:Fortify"],"picked":"SKIP","floor":15}],"player_experience":640759,"relics_obtained":[{"floor":14,"key":"Thread and Needle"}],"event_choices":[{"cards_removed":["bronze:Strike"],"damage_healed":0,"gold_gain":0,"player_choice":"Card Removal","damage_taken":0,"max_hp_gain":0,"max_hp_loss":0,"event_name":"The Cleric","floor":9,"gold_loss":0}],"is_beta":false,"boss_relics":[],"items_purged_floors":[],"is_endless":false,"potions_floor_spawned":[4,5,11,15],"killed_by":"IC_STATUS_ARCHETYPE","ascension_level":0}}