{"host":"5spr8tig1ba228ju","time":1612334290,"event":{"mods":["Arknights","BaseMod","Bestiary","Colored Map","Colored Powertips","Curses Come First","Energized Spire","Highlight Path","Hubris","Minty Spire (QoL Compilation)","Quick Restart","Relic Stats","Reliquary","Replay The Spire","StSLib","SuperFastMode","The Jungle","¡¾ÒÅÎï¿¨ÅÆ¡¿REMEMod"],"gold_per_floor":[119,194,194,213,227,227,261,261,261,291,291,307,339,339,339,435,435,453,472,742,757,535,563,563,207,207,232,232,248,276,294,294,390,390,406,418,693,707,320,347,365,390,413,433,433,465,479,629,629,629,629,629,629,659,659],"floor_reached":56,"language":"ZHS","playtime":8619,"items_purged":["Pain","Writhe","ReplayTheSpireMod:Restless Dread","Regret"],"score":1391,"play_id":"3cc654d6-f2c0-4b22-b25f-3b686752a194","local_time":"20210203143810","is_ascension_mode":true,"campfire_choices":[{"data":"LessonLearned","floor":6.0,"key":"SMITH"},{"data":"ats:Healing Strengthening","floor":11.0,"key":"SMITH"},{"data":"ats:Composite Medical Shells","floor":15.0,"key":"SMITH"},{"data":"ats:Calcification","floor":24.0,"key":"SMITH"},{"data":"ats:Healing Drone","floor":32.0,"key":"SMITH"},{"floor":49,"key":"RECALL"}],"circlet_count":0,"master_deck":["ats:Strike C+1","ats:Strike G+1","ats:Strike S+1","ats:Strike V+1","ats:Armor Crushing Shot+1","ats:Defend+1","ats:Defend+1","ats:Defend+1","ats:Defend","ats:Emotion Absorption+1","LessonLearned+1","ats:Explosion Area Strengthen+1","ats:Guard Mode+1","ats:Healing Drone","ats:Composite Medical Shells+1","ats:Healing Strengthening+1","ats:True Silver Slash","ats:Dogmatic Field+1","ats:Healing Drone+1","ats:Revitalization+1","ats:Apocalypse","ats:Healing Strengthening+1","ats:Calcification+1","ats:Automatic Cover+1","ats:Shell Defense","ats:Nebulous Foxfire+1","ats:Part Time Job+1","ats:Revitalization+1","ats:Nebulous Foxfire"],"relics":["REME_ComplimentaryCards","energizedSpire:CursedPentagram","Chameleon Ring","ats:Originium","Bronze Scales","Gambling Chip","Akabeko","Bird Faced Urn","WarpedTongs","Replay:Bronze Core","DollysMirror","Nunchaku","Replay:Bottled Flurry","ats:Industrial Water Cannon","ats:Spiritual Recovery","Pondfish Scales","Fusion Hammer","reliquary:IridiumChain","Replay:Bottled Steam","Mercury Hourglass","PreservedInsect","hubris:NiceRug","reliquary:Knoch","reliquary:SilkGlove","REME_CardOfGreed","Unceasing Top"],"acts_visited":["Exordium","TheCity","TheBeyond","TheEnding"],"potions_floor_usage":[48,48,55,55,55],"damage_taken":[{"damage":3.0,"enemies":"2 Louse","floor":1.0,"turns":2.0},{"damage":4.0,"enemies":"Cultist","floor":4.0,"turns":4.0},{"damage":0.0,"enemies":"Small Slimes","floor":5.0,"turns":3.0},{"damage":30.0,"enemies":"3 Sentries","floor":7.0,"turns":12.0},{"damage":6.0,"enemies":"Gremlin Nob","floor":10.0,"turns":3.0},{"damage":0.0,"enemies":"Gremlin Gang","floor":12.0,"turns":2.0},{"damage":9.0,"enemies":"Replay:BlueRogue","floor":13.0,"turns":6.0},{"damage":42.0,"enemies":"Fading Forest","floor":16.0,"turns":11.0},{"damage":12.0,"enemies":"3 Byrds","floor":18.0,"turns":3.0},{"damage":16.0,"enemies":"Spheric Guardian","floor":19.0,"turns":3.0},{"damage":25.0,"enemies":"Shelled Parasite and Fungi","floor":21.0,"turns":4.0},{"damage":32.0,"enemies":"Slavers","floor":23.0,"turns":3.0},{"damage":54.0,"enemies":"REME_1_Revenger","floor":27.0,"turns":4.0},{"damage":21.0,"enemies":"Snake Plant","floor":29.0,"turns":2.0},{"damage":19.0,"enemies":"Replay:Snechameleon","floor":30.0,"turns":6.0},{"damage":0.0,"enemies":"Cultist and Chosen","floor":31.0,"turns":4.0},{"damage":88.0,"enemies":"Automaton","floor":33.0,"turns":11.0},{"damage":17.0,"enemies":"3 Darklings","floor":35.0,"turns":3.0},{"damage":9.0,"enemies":"3 Shapes","floor":36.0,"turns":7.0},{"damage":42.0,"enemies":"Maw","floor":38.0,"turns":7.0},{"damage":28.0,"enemies":"Reptomancer","floor":40.0,"turns":4.0},{"damage":37.0,"enemies":"Writhing Mass","floor":41.0,"turns":6.0},{"damage":1.0,"enemies":"R_Hoarder","floor":42.0,"turns":6.0},{"damage":27.0,"enemies":"4 Shapes","floor":44.0,"turns":2.0},{"damage":128.0,"enemies":"Giant Head","floor":46.0,"turns":8.0},{"damage":55.0,"enemies":"Maw","floor":47.0,"turns":7.0},{"damage":140,"enemies":"hubris:Merchant","floor":48,"turns":7},{"damage":30,"enemies":"hubris:GrandSnecko","floor":50,"turns":8},{"damage":77,"enemies":"Shield and Spear","floor":54,"turns":4},{"damage":136,"enemies":"The Heart","floor":55,"turns":8}],"seed_played":"-2662701248786089929","potions_obtained":[{"floor":1.0,"key":"Swift Potion"},{"floor":12.0,"key":"FearPotion"},{"floor":13.0,"key":"Regen Potion"},{"floor":21.0,"key":"FearPotion"},{"floor":23.0,"key":"Explosive Potion"},{"floor":30.0,"key":"SkillPotion"},{"floor":31.0,"key":"Weak Potion"},{"floor":33.0,"key":"SpeedPotion"},{"floor":46.0,"key":"Dexterity Potion"},{"floor":48,"key":"PowerPotion"},{"floor":48,"key":"Venom Potion"}],"is_trial":false,"path_per_floor":["M","?","?","M","M","R","E","?","T","E","R","M","E","?","R","B",null,"M","M","?","M","$","E","R","$","T","E","?","M","E","M","R","B",null,"M","M","?","M","$","E","M","E","T","M","?","E","M","$","R_BF","B",null,"R","$","E","B",null],"character_chosen":"DOCTOR_CLASS","items_purchased":["DollysMirror","Replay:Bottled Flurry","reliquary:IridiumChain"],"campfire_rested":0,"item_purchase_floors":[22,25,39],"current_hp_per_floor":[69,58,58,54,54,54,48,48,48,42,42,60,69,69,69,68,72,63,58,31,65,65,72,72,72,72,62,62,72,72,72,72,42,72,67,70,70,46,46,72,72,72,72,72,72,72,72,72,72,72,72,72,72,72,52],"gold":659,"neow_bonus":"BOSS_RELIC","is_daily":false,"chose_seed":false,"campfire_upgraded":5,"win_rate":0.0,"timestamp":1612334290,"path_taken":["M","?","?","M","?","R","E","?","T","E","R","?","E","?","R","BOSS","M","?","?","?","$","E","R","$","T","E","?","M","E","M","R","BOSS","M","?","?","?","$","E","M","E","T","M","?","E","M","$","R_BF","BOSS","R","$","E","BOSS"],"items_purchased_type":["Relic","Relic","Relic"],"build_version":"2020-12-22","purchased_purges":4,"victory":true,"max_hp_per_floor":[72,72,72,72,72,72,72,72,72,72,72,72,72,72,72,72,72,72,72,72,72,72,72,72,72,72,72,72,72,72,72,72,72,72,72,72,72,72,72,72,72,72,72,72,72,72,72,72,72,72,72,72,72,72,72],"relic_stats":{"Nunchaku":[9],"counters":[30,160],"Bronze Scales":[499],"Gambling Chip":[67],"Bird Faced Urn":[155],"PreservedInsect":83,"obtain_stats":[{"ats:Spiritual Recovery":27,"reliquary:SilkGlove":48,"ats:Industrial Water Cannon":26,"Nunchaku":23,"energizedSpire:CursedPentagram":0,"Chameleon Ring":3,"DollysMirror":22,"Gambling Chip":9,"Replay:Bronze Core":17,"Fusion Hammer":34,"Replay:Bottled Flurry":25,"ats:Sanity":0,"Replay:Bottled Steam":40,"PreservedInsect":46,"Akabeko":10,"reliquary:IridiumChain":39,"WarpedTongs":14,"Mercury Hourglass":42,"Pondfish Scales":30,"ats:Originium":7,"Bronze Scales":7,"Bird Faced Urn":13,"reliquary:Knoch":48,"REME_CardOfGreed":48,"Unceasing Top":54,"REME_ComplimentaryCards":0,"hubris:NiceRug":48},{"ats:Spiritual Recovery":13,"reliquary:SilkGlove":27,"ats:Industrial Water Cannon":12,"Nunchaku":12,"energizedSpire:CursedPentagram":0,"Chameleon Ring":1,"DollysMirror":11,"Gambling Chip":4,"Replay:Bronze Core":8,"Fusion Hammer":17,"Replay:Bottled Flurry":12,"ats:Sanity":0,"Replay:Bottled Steam":21,"PreservedInsect":25,"Akabeko":5,"reliquary:IridiumChain":20,"WarpedTongs":7,"Mercury Hourglass":23,"Pondfish Scales":15,"ats:Originium":4,"Bronze Scales":4,"Bird Faced Urn":7,"reliquary:Knoch":27,"REME_CardOfGreed":27,"Unceasing Top":29,"REME_ComplimentaryCards":0,"hubris:NiceRug":27},{"ats:Spiritual Recovery":60,"reliquary:SilkGlove":140,"ats:Industrial Water Cannon":56,"Nunchaku":56,"energizedSpire:CursedPentagram":0,"Chameleon Ring":2,"DollysMirror":53,"Gambling Chip":21,"Replay:Bronze Core":43,"Fusion Hammer":83,"Replay:Bottled Flurry":56,"ats:Sanity":0,"Replay:Bottled Steam":104,"PreservedInsect":126,"Akabeko":24,"reliquary:IridiumChain":100,"WarpedTongs":32,"Mercury Hourglass":116,"Pondfish Scales":68,"ats:Originium":21,"Bronze Scales":21,"Bird Faced Urn":32,"reliquary:Knoch":140,"REME_CardOfGreed":140,"Unceasing Top":152,"REME_ComplimentaryCards":0,"hubris:NiceRug":140}],"Unceasing Top":[0],"WarpedTongs":[99],"Mercury Hourglass":[172]},"card_choices":[{"not_picked":["ats:Very Hot Blade","ats:Blood Oath"],"picked":"ats:Explosion Area Strengthen","floor":1.0},{"not_picked":["ats:Explosion Area Strengthen","ats:Flame Of Heaven"],"picked":"ats:Guard Mode","floor":4.0},{"not_picked":["ats:Consecutive Shot Auto","ats:Guard Mode"],"picked":"ats:Healing Drone","floor":5.0},{"not_picked":["ats:Hammer On","ats:Shell Defense"],"picked":"ats:Composite Medical Shells","floor":7.0},{"not_picked":["ats:Leaping Hammer","ats:LN2 Cannon"],"picked":"ats:Healing Strengthening","floor":10.0},{"not_picked":["ats:Curse Doll","ats:Cat Scratch","ats:Burning Ground"],"picked":"SKIP","floor":12.0},{"not_picked":["ats:Magnetic Hammer","ats:Shell Defense"],"picked":"ats:True Silver Slash","floor":13.0},{"not_picked":["ats:True Silver Slash","ats:Durian"],"picked":"ats:Dogmatic Field","floor":16.0},{"not_picked":["ats:Powerful Strike","ats:Assault Order+1"],"picked":"ats:Healing Drone","floor":18.0},{"not_picked":["ats:Ignite","ats:Powerful Strike"],"picked":"ats:Revitalization+1","floor":19.0},{"not_picked":["ats:Ignite","ats:Closed Bolt Burst Fire"],"picked":"ats:Apocalypse","floor":21.0},{"not_picked":["ats:Consecutive Shot Auto","ats:Guard Mode"],"picked":"ats:Calcification","floor":23.0},{"not_picked":["ats:Neurotoxin","ats:Flame Of Heaven","ats:Durian"],"picked":"SKIP","floor":27.0},{"not_picked":["ats:Absolute Focus","ats:Ignite+1","ats:Blood Oath"],"picked":"SKIP","floor":29.0},{"not_picked":["ats:Flexible Camouflage","ats:Blood Oath+1"],"picked":"ats:Automatic Cover+1","floor":30.0},{"not_picked":["ats:Explosion Area Strengthen","ats:Absolute Focus"],"picked":"ats:Shell Defense","floor":31.0},{"not_picked":["ats:Durian","ats:True Silver Slash"],"picked":"ats:Nebulous Foxfire","floor":33.0},{"not_picked":["ats:Flexible Camouflage+1","ats:Absolute Focus","ats:Mental Burst+1"],"picked":"SKIP","floor":35.0},{"not_picked":["ats:Red Shift","ats:Support Order"],"picked":"ats:Part Time Job+1","floor":36.0},{"not_picked":["ats:Sunburst+1","ats:Sword Rain"],"picked":"ats:Revitalization+1","floor":38.0},{"not_picked":["ats:Explosion Area Strengthen+1","ats:Volcano","ats:Defend Order"],"picked":"SKIP","floor":40.0},{"not_picked":["ats:Flexible Camouflage+1","ats:Guard Mode+1","ats:Steam Pump"],"picked":"SKIP","floor":41.0},{"not_picked":["ats:Guard Mode","ats:Durian","ats:Curse Doll"],"picked":"SKIP","floor":42.0},{"not_picked":["ats:Thermite Blade+1","ats:Counter Healing Mode","ats:Hammer On+1"],"picked":"SKIP","floor":44.0},{"not_picked":["ats:Thermite Blade+1","ats:Counter Healing Mode","ats:Hammer On+1"],"picked":"SKIP","floor":44.0},{"not_picked":["ats:Apocalypse+1","ats:Revitalization"],"picked":"ats:Nebulous Foxfire","floor":46.0},{"not_picked":["ats:Serious Mode+1","ats:Curse Doll","ats:Blood Oath"],"picked":"SKIP","floor":47.0},{"not_picked":["ats:Sashimi Platter"],"picked":"SKIP","floor":48},{"not_picked":["ats:Hammer On"],"picked":"SKIP","floor":48},{"not_picked":["ats:Encircling Forest"],"picked":"SKIP","floor":48},{"not_picked":["ats:Absolute Focus"],"picked":"SKIP","floor":48},{"not_picked":["ats:Phantom"],"picked":"SKIP","floor":48},{"not_picked":["Swift Strike"],"picked":"SKIP","floor":48},{"not_picked":["Sadistic Nature"],"picked":"SKIP","floor":48},{"not_picked":["ats:Cat Scratch","ats:Red Shift","ats:Blood Oath"],"picked":"SKIP","floor":54}],"player_experience":633315,"relics_obtained":[{"floor":7.0,"key":"ats:Originium"},{"floor":7.0,"key":"Bronze Scales"},{"floor":9.0,"key":"Gambling Chip"},{"floor":10.0,"key":"ats:Originium"},{"floor":10.0,"key":"Akabeko"},{"floor":13.0,"key":"ats:Originium"},{"floor":13.0,"key":"Bird Faced Urn"},{"floor":23.0,"key":"ats:Originium"},{"floor":23.0,"key":"Nunchaku"},{"floor":26.0,"key":"ats:Industrial Water Cannon"},{"floor":27.0,"key":"ats:Spiritual Recovery"},{"floor":30.0,"key":"Pondfish Scales"},{"floor":40.0,"key":"Replay:Bottled Steam"},{"floor":42.0,"key":"Mercury Hourglass"},{"floor":46.0,"key":"PreservedInsect"},{"floor":48,"key":"reliquary:Knoch"},{"floor":48,"key":"reliquary:SilkGlove"},{"floor":48,"key":"REME_CardOfGreed"},{"floor":54,"key":"Unceasing Top"}],"event_choices":[{"damage_healed":0.0,"max_hp_gain":0.0,"max_hp_loss":0.0,"gold_gain":75.0,"event_name":"World of Goop","player_choice":"Gather Gold","floor":2.0,"gold_loss":0.0,"damage_taken":11.0},{"damage_healed":0.0,"max_hp_gain":0.0,"max_hp_loss":0.0,"gold_gain":0.0,"event_name":"WeMeetAgain","player_choice":"Gave Potion","floor":3.0,"gold_loss":0.0,"damage_taken":0.0,"relics_obtained":["Chameleon Ring"]},{"cards_removed":["Overencumbered"],"damage_healed":0.0,"max_hp_gain":0.0,"max_hp_loss":0.0,"gold_gain":0.0,"event_name":"Fountain of Cleansing","player_choice":"Removed Curses","floor":8.0,"gold_loss":0.0,"damage_taken":0.0},{"damage_healed":0.0,"max_hp_gain":0.0,"max_hp_loss":0.0,"gold_gain":0.0,"event_name":"Accursed Blacksmith","player_choice":"Rummage","floor":14.0,"gold_loss":0.0,"damage_taken":0.0,"relics_obtained":["WarpedTongs"],"cards_obtained":["Pain"]},{"damage_healed":0.0,"max_hp_gain":0.0,"max_hp_loss":0.0,"gold_gain":270.0,"event_name":"Knowing Skull","player_choice":"GOLD GOLD GOLD ","floor":20.0,"potions_obtained":[],"gold_loss":0.0,"damage_taken":27.0,"cards_obtained":[]},{"damage_healed":0.0,"max_hp_gain":0.0,"max_hp_loss":0.0,"gold_gain":0.0,"event_name":"Match and Keep!","player_choice":"0 cards matched","floor":28.0,"gold_loss":0.0,"damage_taken":0.0,"cards_obtained":[]},{"damage_healed":0.0,"max_hp_gain":0.0,"max_hp_loss":0.0,"gold_gain":275.0,"event_name":"Golden Shrine","player_choice":"Desecrate","floor":37.0,"gold_loss":0.0,"damage_taken":0.0,"cards_obtained":["Regret"]},{"damage_healed":0.0,"max_hp_gain":0.0,"max_hp_loss":0.0,"gold_gain":0.0,"event_name":"Tomb of Lord Red Mask","player_choice":"Ignored","floor":45.0,"gold_loss":0.0,"damage_taken":0.0}],"is_beta":false,"boss_relics":[{"not_picked":["Black Star","hubris:GrandSneckoEye"],"picked":"Replay:Bronze Core"},{"not_picked":["Abe\u0027s Treasure","hubris:RunicObelisk"],"picked":"Fusion Hammer"}],"items_purged_floors":[22,25,39,48],"is_endless":false,"potions_floor_spawned":[1,12,13,21,23,30,31,33,35,36,40,46,54],"ascension_level":1}}