{"host":"j9ki0s1dicmcfq9y","time":1612316658,"event":{"mods":["BaseMod","Minty Spire (QoL Compilation)","StSLib","The Senshi"],"gold_per_floor":[113,113,113,113,130,161,161,84,84,103,136,146,208,220,220,323,323,341,341,321,338,338,365,365,114,114,114,127,159,179,179,179,284,284,303,303,323,75,94,128,128,128,128,128,156,156,166,178,178,178,178,178,26,59,59,59],"floor_reached":55,"language":"ENG","playtime":5158,"items_purged":[],"score":823,"play_id":"d0535c09-0000-4866-bac5-39065a55a3c2","local_time":"20210202204418","is_ascension_mode":false,"campfire_choices":[{"data":"theSenshi:InTheNameOfTheMoon","floor":7,"key":"SMITH"},{"floor":15,"key":"REST"},{"data":"theSenshi:MoonCrisisMakeUp","floor":24,"key":"SMITH"},{"floor":32,"key":"REST"},{"floor":41,"key":"RECALL"},{"data":"theSenshi:MoonGorgeousMeditation","floor":44,"key":"SMITH"},{"data":"theSenshi:MoonPrincessHalation","floor":46,"key":"SMITH"},{"data":"theSenshi:SailorMarsAssists","floor":49,"key":"SMITH"},{"data":"theSenshi:UranusStrength","floor":52,"key":"SMITH"}],"circlet_count":0,"master_deck":["theSenshi:SailorKick+1","theSenshi:SailorKick+1","theSenshi:SailorKick+1","theSenshi:SailorKick+1","theSenshi:SailorBlock+1","theSenshi:SailorBlock+1","theSenshi:SailorBlock+1","theSenshi:SailorBlock+1","theSenshi:RoseThrow+1","theSenshi:MoonPrismPowerMakeUp","theSenshi:SailorMarsAssists+1","theSenshi:SailorVenusAssists","theSenshi:InTheNameOfTheMoon+1","theSenshi:InTheNickOfTime","theSenshi:MoonPrincessHalation+1","theSenshi:MoonCrisisMakeUp+1","theSenshi:MoonTiaraMagic","theSenshi:UranusStrength+1","theSenshi:MoonGorgeousMeditation+1","theSenshi:MoonPunch","theSenshi:SailorMercuryAssists","theSenshi:KlutzyLuck+1","theSenshi:VenusGlamour+1","theSenshi:SailorJupiterAssists+1","Writhe","theSenshi:MoonGorgeousMeditation+1"],"relics":["theSenshi:TransformationBroochRelic","Omamori","Toy Ornithopter","Strawberry","Kunai","Darkstone Periapt","Pear","Cursed Key","Ice Cream","Bottled Tornado","Singing Bowl","theSenshi:CrystalStarRelic","MealTicket","SacredBark","theSenshi:SuperSailorFukuRelic","Bag of Preparation","Pantograph","DollysMirror","Akabeko"],"acts_visited":["Exordium","TheCity","TheBeyond","TheEnding"],"potions_floor_usage":[14,18,23,28,30,39,45,47,48,50,54,55],"damage_taken":[{"damage":2,"enemies":"Jaw Worm","floor":1,"turns":5},{"damage":1,"enemies":"2 Louse","floor":5,"turns":3},{"damage":1,"enemies":"Gremlin Nob","floor":6,"turns":3},{"damage":0,"enemies":"Small Slimes","floor":10,"turns":4},{"damage":25,"enemies":"3 Sentries","floor":11,"turns":8},{"damage":5,"enemies":"Looter","floor":12,"turns":3},{"damage":12,"enemies":"3 Sentries","floor":13,"turns":6},{"damage":12,"enemies":"Gremlin Gang","floor":14,"turns":4},{"damage":24,"enemies":"The Guardian","floor":16,"turns":12},{"damage":0,"enemies":"Spheric Guardian","floor":18,"turns":3},{"damage":13,"enemies":"2 Thieves","floor":21,"turns":4},{"damage":20,"enemies":"Book of Stabbing","floor":23,"turns":5},{"damage":5,"enemies":"Cultist and Chosen","floor":28,"turns":6},{"damage":27,"enemies":"Gremlin Leader","floor":29,"turns":8},{"damage":0,"enemies":"Snecko","floor":30,"turns":4},{"damage":12,"enemies":"Champ","floor":33,"turns":11},{"damage":2,"enemies":"Orb Walker","floor":35,"turns":3},{"damage":41,"enemies":"3 Darklings","floor":37,"turns":5},{"damage":0,"enemies":"Jaw Worm Horde","floor":39,"turns":5},{"damage":0,"enemies":"Reptomancer","floor":40,"turns":8},{"damage":0,"enemies":"Giant Head","floor":45,"turns":9},{"damage":11,"enemies":"Sphere and 2 Shapes","floor":47,"turns":4},{"damage":0,"enemies":"4 Shapes","floor":48,"turns":3},{"damage":26,"enemies":"Time Eater","floor":50,"turns":12},{"damage":51,"enemies":"Shield and Spear","floor":54,"turns":6},{"damage":123,"enemies":"The Heart","floor":55,"turns":8}],"seed_played":"1095796890508092147","potions_obtained":[{"floor":6,"key":"Ancient Potion"},{"floor":12,"key":"SteroidPotion"},{"floor":16,"key":"DistilledChaos"},{"floor":18,"key":"SkillPotion"},{"floor":20,"key":"LiquidMemories"},{"floor":29,"key":"PowerPotion"},{"floor":30,"key":"SkillPotion"},{"floor":35,"key":"LiquidMemories"},{"floor":39,"key":"LiquidBronze"},{"floor":45,"key":"ColorlessPotion"},{"floor":47,"key":"Fire Potion"},{"floor":54,"key":"Fire Potion"}],"is_trial":false,"path_per_floor":["M","?","?","?","M","E","R","$","T","M","E","M","?","M","R","B",null,"M","?","?","M","?","E","R","$","T","?","M","E","M","?","R","B",null,"M","?","M","$","M","E","R","$","T","R","E","R","M","M","R","B",null,"R","$","E","B"],"character_chosen":"THE_SENSHI","items_purchased":["theSenshi:InTheNickOfTime","Singing Bowl","theSenshi:SuperSailorFukuRelic","DollysMirror"],"campfire_rested":2,"item_purchase_floors":[8,25,38,53],"current_hp_per_floor":[73,73,73,58,57,63,63,63,63,63,38,33,31,24,51,27,92,92,92,92,79,79,64,64,64,64,46,52,31,42,42,72,66,105,105,107,70,85,94,98,98,109,115,115,117,117,108,119,119,95,121,121,121,81,0,0],"gold":59,"neow_bonus":"RANDOM_COMMON_RELIC","is_daily":false,"chose_seed":false,"campfire_upgraded":6,"win_rate":0.0,"timestamp":1612316658,"path_taken":["M","?","?","?","M","E","R","?","T","M","E","?","?","M","R","BOSS","M","?","?","?","?","E","R","$","T","?","M","E","M","?","R","BOSS","M","?","M","$","M","E","R","$","T","R","E","R","M","M","R","BOSS","R","$","E","BOSS"],"items_purchased_type":["Card","Relic","Relic","Relic"],"build_version":"2020-12-22","purchased_purges":0,"victory":false,"max_hp_per_floor":[75,75,75,75,75,82,82,82,82,82,82,82,92,92,92,92,92,92,92,92,92,92,92,92,92,92,97,99,101,103,103,103,105,105,105,107,109,109,109,109,109,109,115,115,117,117,119,121,121,121,121,121,121,123,123,123],"card_choices":[{"not_picked":["theSenshi:MoonPower","theSenshi:MoonPrincessHalation"],"picked":"theSenshi:SailorMarsAssists","floor":1},{"not_picked":["theSenshi:SupersonicWaves","theSenshi:Sidestep"],"picked":"theSenshi:SailorVenusAssists","floor":5},{"not_picked":["theSenshi:SchoolBag","theSenshi:SailorVenusAssists"],"picked":"theSenshi:InTheNameOfTheMoon","floor":6},{"not_picked":["theSenshi:LateForSchool","theSenshi:MoonPower","theSenshi:RainbowMoonHeartAche"],"picked":"SKIP","floor":10},{"not_picked":["theSenshi:EncouragingSpeech","theSenshi:TallSilhouette"],"picked":"theSenshi:MoonPrincessHalation","floor":11},{"not_picked":["theSenshi:SchoolBag","theSenshi:InTheNickOfTime"],"picked":"theSenshi:MoonCrisisMakeUp","floor":12},{"not_picked":["theSenshi:TuxedoSmokingBomber","theSenshi:Sidestep"],"picked":"theSenshi:MoonTiaraMagic","floor":13},{"not_picked":["theSenshi:GlimpseOfThePast","theSenshi:YouCanTalk"],"picked":"theSenshi:UranusStrength","floor":14},{"not_picked":["theSenshi:InTheNameOfTheMoon","theSenshi:MoonEternalMakeUp"],"picked":"theSenshi:MoonGorgeousMeditation","floor":16},{"not_picked":["theSenshi:RainbowMoonHeartAche","theSenshi:MoonHealingEscalation"],"picked":"theSenshi:MoonPunch","floor":18},{"not_picked":["theSenshi:SailorMarsAssists","theSenshi:SailorStarMakerAssists","theSenshi:SupersonicWaves"],"picked":"SKIP","floor":21},{"not_picked":["theSenshi:MoonGorgeousMeditation","theSenshi:SilverMoonCrystalPowerKiss"],"picked":"theSenshi:SailorMercuryAssists","floor":23},{"not_picked":["theSenshi:GatheringStrength","theSenshi:MoonPunch","theSenshi:SailorMercuryAssists"],"picked":"Singing Bowl","floor":28},{"not_picked":["theSenshi:SchoolBag","theSenshi:MoonTiaraMagic","theSenshi:ChibiMoonsLove"],"picked":"Singing Bowl","floor":29},{"not_picked":["theSenshi:SailorStarFighterAssists","theSenshi:RainbowMoonHeartAche","theSenshi:InTheNickOfTime"],"picked":"Singing Bowl","floor":30},{"not_picked":["theSenshi:JupitersPower","theSenshi:SailorCosmosAssists","theSenshi:InTheNameOfTheMoon"],"picked":"Singing Bowl","floor":33},{"not_picked":["theSenshi:MoonHealingEscalation","theSenshi:MoonsReflection"],"picked":"theSenshi:KlutzyLuck+1","floor":35},{"not_picked":["Forethought","Blind","Magnetism"],"picked":"Singing Bowl","floor":36},{"not_picked":["theSenshi:LunasBite","theSenshi:EncouragingSpeech+1","theSenshi:MoonPrincessHalation"],"picked":"Singing Bowl","floor":37},{"not_picked":["theSenshi:MoonCosmicPowerMakeUp+1","theSenshi:SailorNeptuneAssists+1"],"picked":"theSenshi:VenusGlamour+1","floor":39},{"not_picked":["theSenshi:MoonPrincessHalation","theSenshi:MoonKick"],"picked":"theSenshi:SailorJupiterAssists+1","floor":40},{"not_picked":["theSenshi:SupersonicWaves+1","theSenshi:LunaSensingAllies","theSenshi:SailorChibiMoonAssists"],"picked":"Singing Bowl","floor":45},{"not_picked":["theSenshi:SailorMercuryAssists","theSenshi:MoonTiaraMagic+1","theSenshi:TuxedoSmokingBomber+1"],"picked":"Singing Bowl","floor":47},{"not_picked":["theSenshi:MoonKick","theSenshi:LateForSchool+1","theSenshi:UranusStrength+1"],"picked":"Singing Bowl","floor":48},{"not_picked":["theSenshi:MoonCrisisMakeUp","theSenshi:MoonsReflection+1","theSenshi:SailorVenusAssists"],"picked":"Singing Bowl","floor":54}],"player_experience":737098,"relics_obtained":[{"floor":6,"key":"Strawberry"},{"floor":9,"key":"Kunai"},{"floor":11,"key":"Darkstone Periapt"},{"floor":13,"key":"Pear"},{"floor":23,"key":"Bottled Tornado"},{"floor":26,"key":"theSenshi:CrystalStarRelic"},{"floor":29,"key":"MealTicket"},{"floor":40,"key":"Bag of Preparation"},{"floor":45,"key":"Pantograph"},{"floor":54,"key":"Akabeko"}],"event_choices":[{"damage_healed":0,"gold_gain":0,"player_choice":"Ignored","damage_taken":0,"max_hp_gain":0,"max_hp_loss":0,"event_name":"Golden Wing","floor":2,"gold_loss":0},{"damage_healed":0,"gold_gain":0,"player_choice":"Box","damage_taken":0,"relics_obtained":["Toy Ornithopter"],"max_hp_gain":0,"max_hp_loss":0,"event_name":"Big Fish","floor":3,"gold_loss":0,"cards_obtained":["Regret"]},{"damage_healed":0,"gold_gain":0,"player_choice":"Entered Light","damage_taken":15,"max_hp_gain":0,"max_hp_loss":0,"event_name":"Shining Light","floor":4,"gold_loss":0,"cards_upgraded":["theSenshi:SailorKick","theSenshi:RoseThrow"]},{"damage_healed":0,"gold_gain":0,"player_choice":"Searched \u00272\u0027 times","damage_taken":0,"max_hp_gain":0,"max_hp_loss":0,"event_name":"Dead Adventurer","floor":13,"gold_loss":0},{"damage_healed":0,"gold_gain":0,"player_choice":"Opened","damage_taken":0,"relics_obtained":["Ice Cream"],"max_hp_gain":0,"max_hp_loss":0,"event_name":"The Mausoleum","floor":19,"gold_loss":0},{"damage_healed":0,"gold_gain":0,"player_choice":"Bought 1 Potion","damage_taken":0,"max_hp_gain":0,"max_hp_loss":0,"event_name":"The Woman in Blue","floor":20,"gold_loss":0},{"damage_healed":0,"gold_gain":0,"player_choice":"Ignored","damage_taken":0,"max_hp_gain":0,"max_hp_loss":0,"event_name":"Beggar","floor":22,"gold_loss":0},{"damage_healed":0,"gold_gain":0,"player_choice":"Shed Blood","damage_taken":23,"max_hp_gain":5,"max_hp_loss":0,"event_name":"Forgotten Altar","floor":27,"gold_loss":0},{"damage_healed":0,"gold_gain":0,"player_choice":"Simplicity","damage_taken":0,"max_hp_gain":0,"max_hp_loss":0,"event_name":"Back to Basics","floor":31,"gold_loss":0,"cards_upgraded":["theSenshi:SailorKick","theSenshi:SailorKick","theSenshi:SailorKick","theSenshi:SailorBlock","theSenshi:SailorBlock","theSenshi:SailorBlock","theSenshi:SailorBlock"]},{"damage_healed":0,"gold_gain":0,"player_choice":"Memory 1","damage_taken":0,"max_hp_gain":0,"max_hp_loss":0,"event_name":"SensoryStone","floor":36,"gold_loss":0}],"is_beta":false,"boss_relics":[{"not_picked":["Sozu","Astrolabe"],"picked":"Cursed Key"},{"not_picked":["Runic Dome","Coffee Dripper"],"picked":"SacredBark"}],"items_purged_floors":[],"is_endless":false,"potions_floor_spawned":[6,12,16,18,29,30,35,39,45,47,54],"killed_by":"The Heart","ascension_level":0}}