{"host":"by8i6f8xc0ywpsd5","time":1612335963,"event":{"mods":["BaseMod","Colored Map","Minty Spire (QoL Compilation)","Relic Stats"],"gold_per_floor":[117,117,137,137,155,155,179,12,86,86,111,111,127,163,163,163,163],"floor_reached":16,"language":"ENG","playtime":591,"items_purged":[],"score":204,"play_id":"bc78c872-85d0-48b7-8f6c-b624a4f7c1fc","local_time":"20210203090603","is_ascension_mode":true,"campfire_choices":[{"data":"Carnage","floor":6,"key":"SMITH"},{"floor":12,"key":"REST"},{"data":"Entrench","floor":15,"key":"SMITH"}],"circlet_count":0,"master_deck":["AscendersBane","Strike_R","Strike_R","Strike_R","Strike_R","Defend_R","Defend_R","Defend_R","Defend_R","Bash","Clumsy","Barricade","Entrench+1","Spot Weakness","Carnage+1","Second Wind","Shrug It Off","Clothesline","Body Slam"],"relics":["Burning Blood","Art of War","Golden Idol","Membership Card","Paper Frog","Omamori"],"acts_visited":["Exordium"],"potions_floor_usage":[14,16],"damage_taken":[{"damage":15,"enemies":"Small Slimes","floor":1,"turns":7},{"damage":6,"enemies":"Jaw Worm","floor":3,"turns":4},{"damage":7,"enemies":"Cultist","floor":5,"turns":4},{"damage":7,"enemies":"Looter","floor":7,"turns":3},{"damage":19,"enemies":"Exordium Wildlife","floor":11,"turns":6},{"damage":14,"enemies":"Large Slime","floor":13,"turns":7},{"damage":15,"enemies":"Lagavulin","floor":14,"turns":7},{"damage":30,"enemies":"The Guardian","floor":16,"turns":6}],"seed_played":"1213946141628697655","potions_obtained":[{"floor":1,"key":"Dexterity Potion"},{"floor":3,"key":"CultistPotion"}],"is_trial":false,"path_per_floor":["M","?","M","?","M","R","M","$","T","?","M","R","M","E","R","B"],"character_chosen":"IRONCLAD","items_purchased":["Membership Card"],"campfire_rested":1,"item_purchase_floors":[8],"current_hp_per_floor":[59,48,48,48,47,47,46,46,46,39,26,46,38,29,29,0,0],"gold":163,"neow_bonus":"THREE_RARE_CARDS","is_daily":false,"chose_seed":false,"campfire_upgraded":2,"win_rate":0.0,"timestamp":1612335963,"path_taken":["M","?","M","?","M","R","M","?","T","?","M","R","?","E","R","BOSS"],"items_purchased_type":["Relic"],"build_version":"2020-12-22","purchased_purges":0,"victory":false,"max_hp_per_floor":[75,75,75,68,68,68,68,68,68,68,68,68,68,68,68,68,68],"relic_stats":{"counters":[8,44],"Golden Idol":24,"Art of War":[7],"obtain_stats":[{"Golden Idol":4,"Art of War":2,"Omamori":14,"Membership Card":8,"Burning Blood":0,"Paper Frog":9},{"Golden Idol":2,"Art of War":1,"Omamori":7,"Membership Card":4,"Burning Blood":0,"Paper Frog":4},{"Golden Idol":11,"Art of War":7,"Omamori":38,"Membership Card":18,"Burning Blood":0,"Paper Frog":18}],"Burning Blood":42},"card_choices":[{"not_picked":["Berserk","Exhume"],"picked":"Barricade","floor":0},{"not_picked":["Perfected Strike","Burning Pact"],"picked":"Entrench","floor":1},{"not_picked":["Sentinel","Inflame"],"picked":"Spot Weakness","floor":3},{"not_picked":["Sword Boomerang","Blood for Blood"],"picked":"Carnage","floor":5},{"not_picked":["Body Slam","True Grit"],"picked":"Second Wind","floor":7},{"not_picked":["Clash","Infernal Blade"],"picked":"Shrug It Off","floor":11},{"not_picked":["Armaments","True Grit"],"picked":"Clothesline","floor":13},{"not_picked":["Shrug It Off","Twin Strike"],"picked":"Body Slam","floor":14}],"player_experience":1719612,"relics_obtained":[{"floor":9,"key":"Paper Frog"},{"floor":14,"key":"Omamori"}],"event_choices":[{"damage_healed":0,"gold_gain":0,"player_choice":"Success","damage_taken":11,"relics_obtained":["Art of War"],"max_hp_gain":0,"max_hp_loss":0,"event_name":"Scrap Ooze","floor":2,"gold_loss":0},{"damage_healed":0,"gold_gain":0,"player_choice":"Lose Max HP","damage_taken":0,"relics_obtained":["Golden Idol"],"max_hp_gain":0,"max_hp_loss":7,"event_name":"Golden Idol","floor":4,"gold_loss":0},{"cards_removed":["Strike_R"],"damage_healed":0,"gold_gain":0,"player_choice":"Card Removal","damage_taken":7,"max_hp_gain":0,"max_hp_loss":0,"event_name":"Golden Wing","floor":10,"gold_loss":0}],"is_beta":false,"boss_relics":[],"items_purged_floors":[],"is_endless":false,"potions_floor_spawned":[1,3,7],"killed_by":"The Guardian","ascension_level":20}}