{"host":"q57ekfojy3i00x9o","time":1612376330,"event":{"mods":["Arknights","Aspiration","BaseMod","Colored Map","Energized Spire","Hermit","Minty Spire (QoL Compilation)","Quick Restart","Spicy Shops","Spikes Relics","StSLib","slay the spire mod where everything is the same but ironclad has a cowboy hat"],"gold_per_floor":[209,34,53,53,53,87,87,87,114,133,144,160,173,173,173,272,272,287,212,311,311,330,330,330],"floor_reached":23,"language":"RUS","playtime":559,"items_purged":[],"score":296,"play_id":"75b82370-dc6b-4d1b-a640-8734c87e9193","local_time":"20210203231850","is_ascension_mode":true,"campfire_choices":[{"floor":7.0,"key":"REST"},{"data":"Footwork","floor":15.0,"key":"SMITH"}],"circlet_count":0,"master_deck":["AscendersBane","Strike_G","Strike_G","Strike_G","Strike_G","Strike_G","Defend_G","Defend_G","Defend_G","Defend_G","Defend_G","Survivor","Neutralize","Poisoned Stab","Dagger Spray","Escape Plan","Footwork","Flying Knee","Footwork+1","Dagger Spray","Leg Sweep","Blade Dance","All Out Attack+1","Terror","Crippling Poison","Accuracy+1","Burst","Flex","Dagger Spray+1"],"relics":["Ring of the Snake","Orrery","Molten Egg 2","Anchor","Ancient Tea Set","aspiration:IroncladSkillbook","CrustySpines"],"acts_visited":["Exordium","TheCity"],"potions_floor_usage":[16,16,22],"damage_taken":[{"damage":10.0,"enemies":"Small Slimes","floor":1.0,"turns":5.0},{"damage":0.0,"enemies":"2 Louse","floor":3.0,"turns":2.0},{"damage":27.0,"enemies":"Lagavulin","floor":6.0,"turns":11.0},{"damage":2.0,"enemies":"Jaw Worm","floor":10.0,"turns":2.0},{"damage":0.0,"enemies":"2 Fungi Beasts","floor":11.0,"turns":3.0},{"damage":2.0,"enemies":"Large Slime","floor":12.0,"turns":5.0},{"damage":2.0,"enemies":"Blue Slaver","floor":13.0,"turns":3.0},{"damage":19,"enemies":"Hexaghost","floor":16,"turns":8},{"damage":13,"enemies":"Chosen","floor":18,"turns":5},{"damage":0,"enemies":"Shell Parasite","floor":22,"turns":2},{"damage":69,"enemies":"Slavers","floor":23,"turns":4}],"seed_played":"1450511032456415035","potions_obtained":[{"floor":1.0,"key":"DuplicationPotion"},{"floor":3.0,"key":"Fire Potion"},{"floor":6.0,"key":"CunningPotion"},{"floor":13.0,"key":"GamblersBrew"},{"floor":16,"key":"Energy Potion"},{"floor":18,"key":"PowerPotion"}],"is_trial":false,"path_per_floor":["M","$","M","?","?","E","R","?","T","M","M","M","M","?","R","B",null,"M","?","?","T","M","E"],"character_chosen":"THE_SILENT","items_purchased":["Orrery","Footwork","Dagger Spray"],"campfire_rested":1,"item_purchase_floors":[2,2,2],"current_hp_per_floor":[53,53,53,46,46,19,39,61,61,59,59,57,55,55,55,36,59,50,50,50,50,54,0,0],"gold":330,"neow_bonus":"HUNDRED_GOLD","is_daily":false,"chose_seed":false,"campfire_upgraded":1,"win_rate":0.0,"timestamp":1612376330,"path_taken":["M","$","M","?","?","E","R","?","T","M","M","M","?","?","R","BOSS","M","?","?","?","?","E"],"items_purchased_type":["Relic","Card","Card"],"build_version":"2020-12-22","purchased_purges":0,"victory":false,"max_hp_per_floor":[70,70,70,67,67,67,67,67,67,67,67,67,67,67,67,67,67,67,67,67,67,67,67,67],"card_choices":[{"not_picked":["Outmaneuver","Underhanded Strike"],"picked":"Poisoned Stab","floor":1.0},{"not_picked":["Blur","Underhanded Strike"],"picked":"Dagger Spray","floor":2.0},{"not_picked":["Prepared","Bane"],"picked":"Escape Plan","floor":2.0},{"not_picked":["Acrobatics","Caltrops"],"picked":"Footwork","floor":2.0},{"not_picked":["Outmaneuver","Catalyst"],"picked":"Flying Knee","floor":2.0},{"not_picked":["Quick Slash","InfectiousVector"],"picked":"Leg Sweep","floor":3.0},{"not_picked":["Poisoned Stab+1","Deflect"],"picked":"Blade Dance","floor":6.0},{"not_picked":["Leg Sweep","Dodge and Roll"],"picked":"All Out Attack+1","floor":10.0},{"not_picked":["Infinite Blades","PiercingWail"],"picked":"Terror","floor":11.0},{"not_picked":["Prepared","Calculated Gamble"],"picked":"Crippling Poison","floor":12.0},{"not_picked":["Backflip","Bullet Time"],"picked":"Accuracy","floor":13.0},{"not_picked":["Unload+1","Night Terror"],"picked":"Burst","floor":16},{"not_picked":["Flying Knee+1","Heavy Blade+1","Bane+1"],"picked":"Flex","floor":18},{"not_picked":["Iron Wave+1","Flechettes+1","Second Wind"],"picked":"Dagger Spray+1","floor":22}],"player_experience":748158,"relics_obtained":[{"floor":6.0,"key":"Anchor"},{"floor":9.0,"key":"Ancient Tea Set"},{"floor":21,"key":"CrustySpines"}],"event_choices":[{"cards_removed":["Parasite"],"damage_healed":0.0,"max_hp_gain":0.0,"max_hp_loss":0.0,"gold_gain":0.0,"event_name":"Golden Wing","player_choice":"Card Removal","floor":4.0,"gold_loss":0.0,"damage_taken":7.0},{"damage_healed":22.0,"max_hp_gain":0.0,"max_hp_loss":0.0,"gold_gain":0.0,"event_name":"Big Fish","player_choice":"Banana","floor":8.0,"gold_loss":0.0,"damage_taken":0.0},{"damage_healed":0.0,"max_hp_gain":0.0,"max_hp_loss":0.0,"gold_gain":0.0,"event_name":"Living Wall","player_choice":"Grow","floor":14.0,"gold_loss":0.0,"damage_taken":0.0,"cards_upgraded":["Accuracy"]},{"cards_removed":["Injury"],"damage_healed":0,"gold_gain":0,"player_choice":"Gave Gold","damage_taken":0,"max_hp_gain":0,"max_hp_loss":0,"event_name":"Beggar","floor":19,"gold_loss":75},{"damage_healed":0,"gold_gain":99,"player_choice":"Stole From Cult","damage_taken":0,"max_hp_gain":0,"max_hp_loss":0,"event_name":"Nest","floor":20,"gold_loss":0}],"is_beta":false,"boss_relics":[{"not_picked":["aspiration:SecretTechniqueScroll","energizedSpire:DeadBattery"],"picked":"aspiration:IroncladSkillbook"}],"items_purged_floors":[],"is_endless":false,"potions_floor_spawned":[1,3,6,13,16,18],"killed_by":"Slavers","ascension_level":11}}