{"host":"j4g6ia6asvpyu2b0","time":1612374790,"event":{"mods":["BaseMod","Colored Map","Minty Spire (QoL Compilation)","Permanent Neow","Quick Restart","Relic Stats","StSLib","Unceasing Turn Reminder"],"gold_per_floor":[135,190,190,253,292,324,324,374,374,431,431,512,344,393,393,519,519,560,475,495,495,495,495,395,455,455,455,330,330,383,428,428,557,557,598,190,267,267,309,369,421,450,450,478,478,530,575,593,593,618,618,618,52,78,103],"floor_reached":56,"language":"ENG","playtime":2588,"items_purged":["Strike_G","Strike_G+1","Strike_G+1","Strike_G+1"],"score":1785,"play_id":"0da42495-5d84-42c3-bca0-95eeda693ac7","local_time":"20210203105310","is_ascension_mode":true,"campfire_choices":[{"data":"Sucker Punch","floor":7.0,"key":"SMITH"},{"data":"After Image","floor":11.0,"key":"SMITH"},{"data":"Phantasmal Killer","floor":15.0,"key":"SMITH"},{"data":"Discovery","floor":23.0,"key":"SMITH"},{"data":"Footwork","floor":27.0,"key":"SMITH"},{"data":"Noxious Fumes","floor":32.0,"key":"SMITH"},{"floor":49,"key":"RECALL"},{"data":"Madness","floor":52,"key":"SMITH"}],"circlet_count":0,"master_deck":["Defend_G+1","Defend_G+1","Defend_G+1","Defend_G+1","Defend_G+1","Survivor","Neutralize","HandOfGreed+1","Blur","Flying Knee","Quick Slash","Sucker Punch+1","Predator+1","After Image+1","Dagger Throw","Endless Agony","Discovery+1","Phantasmal Killer+1","Glass Knife","Footwork+1","Blade Dance","Deflect","Footwork","Dagger Spray+1","Noxious Fumes+1","Adrenaline","Footwork+1","Backflip","Noxious Fumes+1","Dodge and Roll+1","Cloak And Dagger+1","Calculated Gamble+1","PiercingWail","Madness+1","Madness","Footwork+1","Choke+1","Cloak And Dagger+1","Venomology","Blade Dance+1","PiercingWail+1","Leg Sweep+1","Noxious Fumes","Deflect","Dodge and Roll"],"relics":["Ring of the Snake","Anchor","Boot","Question Card","Unceasing Top","Whetstone","Odd Mushroom","Runic Pyramid","Happy Flower","Dream Catcher","WingedGreaves","Molten Egg 2","Runic Dome","Shuriken","Incense Burner","InkBottle","Gremlin Horn","FossilizedHelix","Sundial","Bronze Scales","Letter Opener","Orrery","Torii"],"acts_visited":["Exordium","TheCity","TheBeyond","TheEnding"],"potions_floor_usage":[55,55],"damage_taken":[{"damage":7.0,"enemies":"Jaw Worm","floor":1.0,"turns":4.0},{"damage":0.0,"enemies":"Small Slimes","floor":2.0,"turns":4.0},{"damage":1.0,"enemies":"2 Louse","floor":4.0,"turns":5.0},{"damage":9.0,"enemies":"Large Slime","floor":5.0,"turns":8.0},{"damage":6.0,"enemies":"Gremlin Nob","floor":6.0,"turns":3.0},{"damage":0.0,"enemies":"3 Sentries","floor":8.0,"turns":5.0},{"damage":3.0,"enemies":"Gremlin Nob","floor":10.0,"turns":4.0},{"damage":2.0,"enemies":"3 Sentries","floor":12.0,"turns":7.0},{"damage":0.0,"enemies":"The Mushroom Lair","floor":14.0,"turns":3.0},{"damage":0.0,"enemies":"Slime Boss","floor":16.0,"turns":11.0},{"damage":0.0,"enemies":"Chosen","floor":18.0,"turns":3.0},{"damage":9.0,"enemies":"Spheric Guardian","floor":20.0,"turns":3.0},{"damage":2.0,"enemies":"Gremlin Leader","floor":25.0,"turns":6.0},{"damage":7.0,"enemies":"Slavers","floor":30.0,"turns":5.0},{"damage":0.0,"enemies":"Shelled Parasite and Fungi","floor":31.0,"turns":3.0},{"damage":11.0,"enemies":"Collector","floor":33.0,"turns":12.0},{"damage":0.0,"enemies":"Orb Walker","floor":35.0,"turns":4.0},{"damage":10.0,"enemies":"2 Orb Walkers","floor":37.0,"turns":5.0},{"damage":6.0,"enemies":"3 Darklings","floor":39.0,"turns":4.0},{"damage":0.0,"enemies":"Nemesis","floor":40.0,"turns":5.0},{"damage":0.0,"enemies":"Reptomancer","floor":41.0,"turns":8.0},{"damage":10.0,"enemies":"Nemesis","floor":42.0,"turns":7.0},{"damage":0,"enemies":"Reptomancer","floor":44,"turns":3},{"damage":0,"enemies":"Nemesis","floor":46,"turns":7},{"damage":0,"enemies":"Sphere and 2 Shapes","floor":47,"turns":3},{"damage":0,"enemies":"Transient","floor":48,"turns":5},{"damage":22,"enemies":"Awakened One","floor":50,"turns":11},{"damage":7,"enemies":"Shield and Spear","floor":54,"turns":5},{"damage":0,"enemies":"The Heart","floor":55,"turns":9}],"seed_played":"-8365983340669845296","potions_obtained":[{"floor":1.0,"key":"Block Potion"},{"floor":5.0,"key":"AttackPotion"},{"floor":6.0,"key":"Explosive Potion"},{"floor":20.0,"key":"Energy Potion"},{"floor":25.0,"key":"AttackPotion"},{"floor":33.0,"key":"Fruit Juice"},{"floor":35.0,"key":"Block Potion"},{"floor":39.0,"key":"ColorlessPotion"},{"floor":41.0,"key":"PowerPotion"}],"is_trial":false,"path_per_floor":["M","M","?","M","M","E","R","E","T","E","R","E","$","?","R","B",null,"M","?","M","?","?","R","$","E","T","R","$","?","E","M","R","B",null,"M","$","?","?","M","E","E","E","T","E","?","E","M","M","R","B",null,"R","$","E","B",null],"character_chosen":"THE_SILENT","items_purchased":["Discovery","Shuriken","PowerPotion","Letter Opener","Orrery","Noxious Fumes","Deflect"],"campfire_rested":0,"item_purchase_floors":[13,36,53,53,53,53,53],"current_hp_per_floor":[42,42,42,41,32,26,26,26,26,23,23,21,21,21,21,21,70,70,70,61,61,48,48,48,46,46,46,46,46,39,39,39,33,80,80,80,70,70,64,64,64,54,54,54,44,44,44,44,44,22,80,80,80,73,73],"gold":103,"neow_bonus":"RANDOM_COLORLESS_2","is_daily":false,"chose_seed":false,"campfire_upgraded":7,"win_rate":0.0,"timestamp":1612374790,"path_taken":["M","M","?","M","M","E","R","E","T","E","R","E","$","?","R","BOSS","M","?","M","?","?","R","$","E","T","R","$","?","E","M","R","BOSS","M","$","?","?","M","E","E","E","T","E","?","E","M","M","R","BOSS","R","$","E","BOSS"],"items_purchased_type":["Card","Relic","Potion","Relic","Relic","Card","Card"],"build_version":"2020-12-22","purchased_purges":4,"victory":true,"max_hp_per_floor":[70,70,70,70,70,70,70,70,70,70,70,70,70,70,70,70,70,70,70,70,70,75,75,75,75,75,75,75,75,75,75,75,80,80,80,80,80,80,80,80,80,80,80,80,80,80,80,80,80,80,80,80,80,80,80],"relic_stats":{"Happy Flower":[35],"Gremlin Horn":[10,10],"Torii":0,"counters":[29,162],"Whetstone":["Strike_G","Predator"],"Letter Opener":[65],"Boot":[217],"Question Card":26,"Dream Catcher":0,"Shuriken":[58],"Sundial":[2],"Bronze Scales":[213],"obtain_stats":[{"Happy Flower":19,"Gremlin Horn":41,"Torii":54,"Incense Burner":37,"Whetstone":12,"Letter Opener":53,"Odd Mushroom":14,"Boot":8,"Question Card":9,"Runic Dome":34,"Anchor":6,"Dream Catcher":25,"Shuriken":36,"Sundial":44,"Bronze Scales":46,"Orrery":53,"Molten Egg 2":30,"WingedGreaves":26,"Unceasing Top":10,"InkBottle":40,"FossilizedHelix":42,"Ring of the Snake":0,"Runic Pyramid":17},{"Happy Flower":11,"Gremlin Horn":21,"Torii":28,"Incense Burner":18,"Whetstone":8,"Letter Opener":27,"Odd Mushroom":9,"Boot":6,"Question Card":6,"Runic Dome":16,"Anchor":5,"Dream Catcher":13,"Shuriken":17,"Sundial":23,"Bronze Scales":24,"Orrery":27,"Molten Egg 2":14,"WingedGreaves":13,"Unceasing Top":7,"InkBottle":20,"FossilizedHelix":22,"Ring of the Snake":0,"Runic Pyramid":10},{"Happy Flower":57,"Gremlin Horn":112,"Torii":153,"Incense Burner":95,"Whetstone":40,"Letter Opener":148,"Odd Mushroom":43,"Boot":29,"Question Card":29,"Runic Dome":86,"Anchor":24,"Dream Catcher":66,"Shuriken":90,"Sundial":122,"Bronze Scales":129,"Orrery":148,"Molten Egg 2":71,"WingedGreaves":66,"Unceasing Top":33,"InkBottle":104,"FossilizedHelix":119,"Ring of the Snake":0,"Runic Pyramid":54}],"Unceasing Top":[0],"InkBottle":[41],"Ring of the Snake":[60]},"card_choices":[{"not_picked":["Violence","Secret Technique"],"picked":"HandOfGreed","floor":0.0},{"not_picked":["Bane","Dodge and Roll"],"picked":"Blur","floor":1.0},{"not_picked":["Blade Dance","Wraith Form v2"],"picked":"Flying Knee","floor":2.0},{"not_picked":["Skewer","Deflect"],"picked":"Quick Slash","floor":4.0},{"not_picked":["Prepared","Outmaneuver"],"picked":"Sucker Punch","floor":5.0},{"not_picked":["All Out Attack","Dodge and Roll"],"picked":"Predator","floor":6.0},{"not_picked":["Masterful Stab","Infinite Blades"],"picked":"After Image","floor":8.0},{"not_picked":["Prepared","Setup","Bane"],"picked":"Dagger Throw","floor":10.0},{"not_picked":["Finisher","Concentrate","Deflect"],"picked":"Endless Agony","floor":12.0},{"not_picked":["Concentrate","Escape Plan","Quick Slash"],"picked":"Phantasmal Killer","floor":14.0},{"not_picked":["Night Terror","Phantasmal Killer","Storm of Steel"],"picked":"Glass Knife","floor":16.0},{"not_picked":["Predator","Dodge and Roll","Poisoned Stab+1"],"picked":"Footwork","floor":18.0},{"not_picked":["Calculated Gamble+1","Cloak And Dagger","Flying Knee"],"picked":"Blade Dance","floor":20.0},{"not_picked":["Phantasmal Killer","Acrobatics+1","Distraction"],"picked":"Deflect","floor":25.0},{"not_picked":["All Out Attack+1","Poisoned Stab+1","Quick Slash+1"],"picked":"Dagger Spray+1","floor":30.0},{"not_picked":["Poisoned Stab+1","Distraction","Dagger Throw+1"],"picked":"Noxious Fumes","floor":31.0},{"not_picked":["Venomology","After Image","Burst"],"picked":"Adrenaline","floor":33.0},{"not_picked":["Prepared","Deadly Poison","Flying Knee+1"],"picked":"Footwork+1","floor":35.0},{"not_picked":["Prepared","Underhanded Strike+1","Skewer+1"],"picked":"Backflip","floor":37.0},{"not_picked":["Poisoned Stab+1","Deflect","Finisher+1"],"picked":"Noxious Fumes+1","floor":39.0},{"not_picked":["Quick Slash+1","Dagger Throw+1","Dagger Spray+1"],"picked":"Dodge and Roll+1","floor":40.0},{"not_picked":["Expertise","Wraith Form v2","Dagger Spray+1"],"picked":"Cloak And Dagger+1","floor":41.0},{"not_picked":["Flechettes+1","Dodge and Roll","Dagger Spray+1"],"picked":"Calculated Gamble+1","floor":42.0},{"not_picked":["Distraction+1","All Out Attack+1","Tactician"],"picked":"PiercingWail","floor":44},{"not_picked":["Tools of the Trade","Quick Slash+1","Catalyst"],"picked":"Footwork+1","floor":46},{"not_picked":["Dagger Spray+1","Flying Knee+1","Poisoned Stab+1"],"picked":"Choke+1","floor":47},{"not_picked":["Underhanded Strike+1","Dodge and Roll+1","Expertise"],"picked":"Cloak And Dagger+1","floor":48},{"not_picked":["Deflect","Endless Agony+1","Eviscerate+1"],"picked":"Venomology","floor":53},{"not_picked":["Heel Hook+1","PiercingWail","Masterful Stab+1"],"picked":"Blade Dance+1","floor":53},{"not_picked":["Backstab+1","Accuracy","Concentrate+1"],"picked":"PiercingWail+1","floor":53},{"not_picked":["Skewer+1","Quick Slash+1","Finisher+1"],"picked":"Leg Sweep+1","floor":53},{"not_picked":["Reflex","Eviscerate+1","Poisoned Stab+1"],"picked":"Dodge and Roll","floor":54}],"player_experience":1121816,"relics_obtained":[{"floor":6.0,"key":"Anchor"},{"floor":8.0,"key":"Boot"},{"floor":9.0,"key":"Question Card"},{"floor":10.0,"key":"Unceasing Top"},{"floor":12.0,"key":"Whetstone"},{"floor":14.0,"key":"Odd Mushroom"},{"floor":25.0,"key":"Dream Catcher"},{"floor":26.0,"key":"WingedGreaves"},{"floor":30.0,"key":"Molten Egg 2"},{"floor":37.0,"key":"Incense Burner"},{"floor":40.0,"key":"InkBottle"},{"floor":41.0,"key":"Gremlin Horn"},{"floor":42.0,"key":"FossilizedHelix"},{"floor":44,"key":"Sundial"},{"floor":46,"key":"Bronze Scales"},{"floor":54,"key":"Torii"}],"event_choices":[{"damage_healed":0.0,"max_hp_gain":0.0,"max_hp_loss":0.0,"gold_gain":0.0,"event_name":"Living Wall","player_choice":"Grow","floor":3.0,"gold_loss":0.0,"damage_taken":0.0,"cards_upgraded":["HandOfGreed"]},{"damage_healed":0.0,"max_hp_gain":0.0,"max_hp_loss":0.0,"gold_gain":0.0,"event_name":"Mushrooms","player_choice":"Fought Mushrooms","floor":14.0,"gold_loss":0.0,"damage_taken":0.0},{"damage_healed":0.0,"max_hp_gain":0.0,"max_hp_loss":0.0,"gold_gain":0.0,"event_name":"Addict","player_choice":"Obtained Relic","floor":19.0,"gold_loss":85.0,"damage_taken":0.0,"relics_obtained":["Happy Flower"]},{"damage_healed":0.0,"max_hp_gain":0.0,"max_hp_loss":0.0,"gold_gain":0.0,"event_name":"Back to Basics","player_choice":"Simplicity","floor":21.0,"gold_loss":0.0,"damage_taken":0.0,"cards_upgraded":["Strike_G","Strike_G","Strike_G","Defend_G","Defend_G","Defend_G","Defend_G","Defend_G"]},{"damage_healed":0.0,"max_hp_gain":5.0,"max_hp_loss":0.0,"gold_gain":0.0,"event_name":"Forgotten Altar","player_choice":"Shed Blood","floor":22.0,"gold_loss":0.0,"damage_taken":18.0},{"damage_healed":0.0,"max_hp_gain":0.0,"max_hp_loss":0.0,"gold_gain":0.0,"event_name":"The Library","player_choice":"Read","floor":29.0,"gold_loss":0.0,"damage_taken":0.0,"cards_obtained":["Footwork"]},{"damage_healed":0.0,"max_hp_gain":0.0,"max_hp_loss":0.0,"gold_gain":0.0,"event_name":"Mysterious Sphere","player_choice":"Fight","floor":37.0,"gold_loss":0.0,"damage_taken":0.0},{"cards_removed":["Strike_G"],"damage_healed":0.0,"max_hp_gain":0.0,"max_hp_loss":0.0,"gold_gain":0.0,"event_name":"Falling","player_choice":"Removed Attack","floor":38.0,"gold_loss":0.0,"damage_taken":0.0},{"damage_healed":0,"gold_gain":0,"player_choice":"Embrace Madness","damage_taken":10,"max_hp_gain":0,"max_hp_loss":0,"event_name":"Winding Halls","floor":45,"gold_loss":0,"cards_obtained":["Madness","Madness"]}],"is_beta":false,"boss_relics":[{"not_picked":["Ectoplasm","Pandora\u0027s Box"],"picked":"Runic Pyramid"},{"not_picked":["Black Star","Astrolabe"],"picked":"Runic Dome"}],"items_purged_floors":[13,24,28,36],"is_endless":false,"potions_floor_spawned":[1,5,6,20,25,33,35,39,41,44],"ascension_level":2}}