{"host":"t75twhtg6c476ygg","time":1612367975,"event":{"mods":["AchievementEnabler","BaseMod","Colored Powertips","Minty Spire (QoL Compilation)","Quick Restart","Relic Stats","StSLib","SuperFastMode"],"gold_per_floor":[110,110,110,124,124,124,141,141,167,198,198,225,225,266,266,397,397,410,428,428,343,343,343,357,54,54,54,79,4,4,39,39,164,164,185,205,205,205,125,166,166,180,180,203,203,40,58,391,391,391,391,391,35,62,62],"floor_reached":56,"language":"ENG","playtime":60814,"items_purged":["Strike_R","Defend_R","Defend_R"],"score":1299,"play_id":"70bce0de-a7fd-448b-8925-c51e8c38a1e2","local_time":"20210203155935","is_ascension_mode":false,"campfire_choices":[{"data":"Headbutt","floor":6.0,"key":"SMITH"},{"data":"Sword Boomerang","floor":8.0,"key":"SMITH"},{"data":"Flex","floor":11.0,"key":"SMITH"},{"data":"Bash","floor":15.0,"key":"SMITH"},{"data":"Limit Break","floor":23.0,"key":"SMITH"},{"data":"Limit Break","floor":32.0,"key":"SMITH"},{"data":"Heavy Blade","floor":41.0,"key":"SMITH"},{"data":"Double Tap","floor":45.0,"key":"SMITH"},{"data":"Shrug It Off","floor":49,"key":"SMITH"},{"data":"Anger","floor":52,"key":"SMITH"}],"circlet_count":0,"master_deck":["Strike_R+1","Strike_R+1","Strike_R+1","Defend_R+1","Bash+1","Headbutt+1","Sword Boomerang+1","Flex+1","Shrug It Off+1","Anger+1","Limit Break+1","Headbutt+1","Inflame+1","Limit Break+1","Heavy Blade+1","Double Tap+1","Flex+1","Inflame+1"],"relics":["Burning Blood","Mercury Hourglass","Whetstone","Anchor","Odd Mushroom","Gremlin Horn","Calling Bell","Boot","Frozen Egg 2","Dead Branch","Akabeko","Juzu Bracelet","Matryoshka","Centennial Puzzle","The Courier","Dream Catcher","Busted Crown","InkBottle","Eternal Feather","Omamori","Sundial","Brimstone","Unceasing Top","Kunai"],"acts_visited":["Exordium","TheCity","TheBeyond","TheEnding"],"potions_floor_usage":[50,50,50],"damage_taken":[{"damage":1.0,"enemies":"Cultist","floor":1.0,"turns":4.0},{"damage":0.0,"enemies":"Small Slimes","floor":4.0,"turns":2.0},{"damage":0.0,"enemies":"2 Louse","floor":7.0,"turns":1.0},{"damage":18.0,"enemies":"Lagavulin","floor":10.0,"turns":3.0},{"damage":0.0,"enemies":"The Mushroom Lair","floor":12.0,"turns":3.0},{"damage":8.0,"enemies":"3 Sentries","floor":14.0,"turns":4.0},{"damage":0.0,"enemies":"Slime Boss","floor":16.0,"turns":4.0},{"damage":0.0,"enemies":"3 Byrds","floor":18.0,"turns":4.0},{"damage":7.0,"enemies":"2 Thieves","floor":19.0,"turns":3.0},{"damage":2.0,"enemies":"Centurion and Healer","floor":24.0,"turns":3.0},{"damage":11.0,"enemies":"Snake Plant","floor":28.0,"turns":2.0},{"damage":2.0,"enemies":"Slavers","floor":31.0,"turns":2.0},{"damage":37.0,"enemies":"Champ","floor":33.0,"turns":8.0},{"damage":0.0,"enemies":"3 Darklings","floor":35.0,"turns":4.0},{"damage":0.0,"enemies":"Orb Walker","floor":36.0,"turns":2.0},{"damage":0.0,"enemies":"Reptomancer","floor":40.0,"turns":2.0},{"damage":4.0,"enemies":"Jaw Worm Horde","floor":42.0,"turns":2.0},{"damage":0.0,"enemies":"Transient","floor":44.0,"turns":5.0},{"damage":19,"enemies":"Maw","floor":47,"turns":4},{"damage":14,"enemies":"Donu and Deca","floor":50,"turns":4},{"damage":0,"enemies":"Shield and Spear","floor":54,"turns":4},{"damage":35,"enemies":"The Heart","floor":55,"turns":6}],"seed_played":"-4183098393385789690","potions_obtained":[{"floor":4.0,"key":"GamblersBrew"},{"floor":7.0,"key":"Dexterity Potion"},{"floor":10.0,"key":"DistilledChaos"},{"floor":19.0,"key":"HeartOfIron"},{"floor":28.0,"key":"PowerPotion"},{"floor":40.0,"key":"HeartOfIron"}],"is_trial":false,"path_per_floor":["M","?","?","M","?","R","M","R","T","E","R","?","?","E","R","B",null,"M","M","?","?","?","R","M","$","T","T","M","?","?","E","R","B",null,"M","M","?","?","$","E","R","M","T","M","R","$","M","?","R","B",null,"R","$","E","B",null],"character_chosen":"IRONCLAD","items_purchased":["Juzu Bracelet","Inflame+1","Inflame+1","Brimstone","Unceasing Top"],"campfire_rested":0,"item_purchase_floors":[25,25,46,53,53],"current_hp_per_floor":[88,93,90,93,74,74,80,80,80,68,68,74,51,49,49,55,93,93,92,92,92,92,92,93,93,93,93,88,88,88,92,92,61,93,93,93,93,93,93,93,93,93,93,93,93,93,80,80,89,81,93,93,93,93,64],"gold":62,"neow_bonus":"TEN_PERCENT_HP_BONUS","is_daily":false,"chose_seed":false,"campfire_upgraded":10,"win_rate":0.0,"timestamp":1612367975,"path_taken":["M","?","?","M","?","R","M","R","T","E","R","?","?","E","R","BOSS","M","M","?","?","?","R","M","?","T","?","M","?","?","E","R","BOSS","M","M","?","?","$","E","R","M","T","M","R","?","M","?","R","BOSS","R","$","E","BOSS"],"items_purchased_type":["Relic","Card","Card","Relic","Relic"],"build_version":"2020-12-22","purchased_purges":3,"victory":true,"max_hp_per_floor":[88,93,93,93,93,93,93,93,93,93,93,93,93,93,93,93,93,93,93,93,93,93,93,93,93,93,93,93,93,93,93,93,93,93,93,93,93,93,93,93,93,93,93,93,93,93,93,93,93,93,93,93,93,93,93],"relic_stats":{"Gremlin Horn":[15,15],"counters":[22,74],"Dead Branch":[6],"Eternal Feather":9,"Juzu Bracelet":2,"Whetstone":["Strike_R","Strike_R"],"Boot":[24],"Burning Blood":83,"Mercury Hourglass":[304],"Centennial Puzzle":[21],"Dream Catcher":0,"Busted Crown":14,"Sundial":[2],"Kunai":[0],"obtain_stats":[{"Gremlin Horn":14,"Juzu Bracelet":25,"Whetstone":9,"Boot":17,"Burning Blood":0,"Centennial Puzzle":27,"Dream Catcher":31,"Matryoshka":26,"Sundial":43,"Kunai":54,"InkBottle":38,"Golden Idol":13,"Dead Branch":17,"Eternal Feather":40,"The Courier":27,"Omamori":43,"Odd Mushroom":12,"Frozen Egg 2":17,"Akabeko":21,"Mercury Hourglass":3,"Calling Bell":17,"Anchor":10,"Busted Crown":34,"Brimstone":53,"Unceasing Top":53},{"Gremlin Horn":6,"Juzu Bracelet":10,"Whetstone":3,"Boot":7,"Burning Blood":0,"Centennial Puzzle":10,"Dream Catcher":12,"Matryoshka":10,"Sundial":17,"Kunai":21,"InkBottle":15,"Golden Idol":5,"Dead Branch":7,"Eternal Feather":16,"The Courier":10,"Omamori":17,"Odd Mushroom":5,"Frozen Egg 2":7,"Akabeko":9,"Mercury Hourglass":1,"Calling Bell":7,"Anchor":4,"Busted Crown":13,"Brimstone":20,"Unceasing Top":20},{"Gremlin Horn":17,"Juzu Bracelet":30,"Whetstone":7,"Boot":21,"Burning Blood":0,"Centennial Puzzle":30,"Dream Catcher":34,"Matryoshka":30,"Sundial":52,"Kunai":68,"InkBottle":48,"Golden Idol":13,"Dead Branch":21,"Eternal Feather":50,"The Courier":30,"Omamori":52,"Odd Mushroom":13,"Frozen Egg 2":21,"Akabeko":27,"Mercury Hourglass":4,"Calling Bell":21,"Anchor":10,"Busted Crown":42,"Brimstone":64,"Unceasing Top":64}],"InkBottle":[11],"Unceasing Top":[0]},"card_choices":[{"not_picked":["Sword Boomerang","True Grit"],"picked":"Headbutt","floor":1.0},{"not_picked":["Clash","Anger"],"picked":"Sword Boomerang","floor":4.0},{"not_picked":["Heavy Blade","Headbutt","Iron Wave"],"picked":"SKIP","floor":7.0},{"not_picked":["Disarm","Juggernaut"],"picked":"Flex","floor":10.0},{"not_picked":["Seeing Red","Sever Soul"],"picked":"Shrug It Off","floor":12.0},{"not_picked":["Inflame","Feel No Pain"],"picked":"Anger","floor":14.0},{"not_picked":["Impervious","Juggernaut"],"picked":"Limit Break","floor":16.0},{"not_picked":["Dark Embrace+1","Combust+1","Evolve+1"],"picked":"SKIP","floor":18.0},{"not_picked":["Shrug It Off+1","Pommel Strike"],"picked":"Headbutt+1","floor":19.0},{"not_picked":["Dark Embrace+1","Warcry","Hemokinesis"],"picked":"SKIP","floor":24.0},{"not_picked":["Inflame+1","Pommel Strike"],"picked":"Limit Break","floor":28.0},{"not_picked":["Dark Embrace+1","Body Slam"],"picked":"Heavy Blade","floor":31.0},{"not_picked":["Exhume","Fiend Fire"],"picked":"Double Tap","floor":33.0},{"not_picked":["Havoc+1"],"picked":"SKIP","floor":35.0},{"not_picked":["Infernal Blade+1"],"picked":"SKIP","floor":36.0},{"not_picked":["True Grit"],"picked":"SKIP","floor":40.0},{"not_picked":["Wild Strike+1"],"picked":"SKIP","floor":42.0},{"not_picked":["Iron Wave+1"],"picked":"SKIP","floor":44.0},{"not_picked":["Headbutt"],"picked":"SKIP","floor":47},{"not_picked":["Demon Form+1"],"picked":"SKIP","floor":54}],"player_experience":287099,"relics_obtained":[{"floor":9.0,"key":"Whetstone"},{"floor":10.0,"key":"Anchor"},{"floor":12.0,"key":"Odd Mushroom"},{"floor":14.0,"key":"Gremlin Horn"},{"floor":17.0,"key":"Boot"},{"floor":17.0,"key":"Frozen Egg 2"},{"floor":17.0,"key":"Dead Branch"},{"floor":26.0,"key":"Matryoshka"},{"floor":27.0,"key":"Centennial Puzzle"},{"floor":27.0,"key":"The Courier"},{"floor":31.0,"key":"Dream Catcher"},{"floor":38.0,"key":"InkBottle"},{"floor":40.0,"key":"Eternal Feather"},{"floor":43.0,"key":"Omamori"},{"floor":43.0,"key":"Sundial"},{"floor":54,"key":"Kunai"}],"event_choices":[{"damage_healed":0.0,"max_hp_gain":5.0,"max_hp_loss":0.0,"gold_gain":0.0,"event_name":"Big Fish","player_choice":"Donut","floor":2.0,"gold_loss":0.0,"damage_taken":0.0},{"damage_healed":0.0,"max_hp_gain":0.0,"max_hp_loss":0.0,"gold_gain":0.0,"event_name":"Scrap Ooze","player_choice":"Success","floor":3.0,"gold_loss":0.0,"damage_taken":3.0,"relics_obtained":["Mercury Hourglass"]},{"damage_healed":0.0,"max_hp_gain":0.0,"max_hp_loss":0.0,"gold_gain":0.0,"event_name":"Shining Light","player_choice":"Entered Light","floor":5.0,"gold_loss":0.0,"damage_taken":19.0,"cards_upgraded":["Strike_R","Defend_R"]},{"damage_healed":0.0,"max_hp_gain":0.0,"max_hp_loss":0.0,"gold_gain":0.0,"event_name":"Mushrooms","player_choice":"Fought Mushrooms","floor":12.0,"gold_loss":0.0,"damage_taken":0.0},{"damage_healed":0.0,"max_hp_gain":0.0,"max_hp_loss":0.0,"gold_gain":0.0,"event_name":"Golden Idol","player_choice":"Take Damage","floor":13.0,"gold_loss":0.0,"damage_taken":23.0,"relics_obtained":["Golden Idol"]},{"damage_healed":0.0,"max_hp_gain":0.0,"max_hp_loss":0.0,"gold_gain":0.0,"event_name":"Cursed Tome","player_choice":"Ignored","floor":20.0,"gold_loss":0.0,"damage_taken":0.0},{"damage_healed":0.0,"max_hp_gain":0.0,"max_hp_loss":0.0,"gold_gain":0.0,"event_name":"Addict","player_choice":"Obtained Relic","floor":21.0,"gold_loss":85.0,"damage_taken":0.0,"relics_obtained":["Akabeko"]},{"cards_removed":["Strike_R"],"damage_healed":0.0,"max_hp_gain":0.0,"max_hp_loss":0.0,"gold_gain":0.0,"event_name":"Back to Basics","player_choice":"Elegance","floor":22.0,"gold_loss":0.0,"damage_taken":0.0},{"cards_removed":["Defend_R"],"damage_healed":0.0,"max_hp_gain":0.0,"max_hp_loss":0.0,"gold_gain":0.0,"event_name":"Beggar","player_choice":"Gave Gold","floor":29.0,"gold_loss":75.0,"damage_taken":0.0},{"damage_healed":0.0,"max_hp_gain":0.0,"max_hp_loss":0.0,"gold_gain":0.0,"event_name":"Ghosts","player_choice":"Ignored","floor":30.0,"gold_loss":0.0,"damage_taken":0.0},{"damage_healed":0.0,"max_hp_gain":0.0,"max_hp_loss":0.0,"gold_gain":0.0,"event_name":"Duplicator","player_choice":"Copied","floor":37.0,"gold_loss":0.0,"damage_taken":0.0,"cards_obtained":["Flex"]},{"damage_healed":0.0,"max_hp_gain":0.0,"max_hp_loss":0.0,"gold_gain":0.0,"event_name":"Wheel of Change","player_choice":"Relic","floor":38.0,"gold_loss":0.0,"damage_taken":0.0},{"damage_healed":0,"gold_gain":333,"player_choice":"Gave Idol","damage_taken":0,"max_hp_gain":0,"max_hp_loss":0,"event_name":"The Moai Head","floor":48,"relics_lost":["Golden Idol"],"gold_loss":0}],"is_beta":false,"boss_relics":[{"not_picked":["Mark of Pain","SacredBark"],"picked":"Calling Bell"},{"not_picked":["Tiny House","Runic Dome"],"picked":"Busted Crown"}],"items_purged_floors":[25,39,46],"is_endless":false,"potions_floor_spawned":[4,7,10,19,24,28,40,42],"ascension_level":0}}