{"host":"jel3aglxs2tbl5f6","time":1612364445,"event":{"mods":["Act Like it!","Arknights","BaseMod","CapriCore","Friendly Minions","Minty Spire (QoL Compilation)","RumiaBox-露米娅的神秘盒子","Shop Mod","StSLib","TestMod","The Alterego","The Immortal","[IsaacMod]以撒尖塔","篝火指南"],"gold_per_floor":[110,110,110,124,124,153,169,181,230,230,243,259,276,276,276,372,372,390,171,171,184,194,224,239,239,239,255,255,255,255],"floor_reached":28,"language":"ZHS","playtime":2375,"items_purged":["MokouMod:Strike","MokouMod:Strike"],"score":269,"play_id":"03030143-2d0b-4588-8885-56834d756587","local_time":"20210203230045","is_ascension_mode":false,"campfire_choices":[{"floor":10.0,"key":"REST"},{"data":"MokouMod:SpontaneousHumanCombustion","floor":15.0,"key":"SMITH"},{"floor":25,"key":"REST"}],"circlet_count":0,"master_deck":["MokouMod:Strike","MokouMod:Strike","MokouMod:Defend","MokouMod:Defend","MokouMod:Defend","MokouMod:Defend","MokouMod:HeatSpark+1","DoctorFetus+1","MokouMod:Stoke+1","MokouMod:IgnitionBlast+1","MokouMod:ResoluteFlare+1","MokouMod:Stoke+1","MokouMod:ScorchingColumn","MokouMod:SearingBlow","MokouMod:RoaringFlare+1","MokouMod:ShiftIgnition","MokouMod:FujiyamaVolcano+1","MokouMod:Scorch+1","MokouMod:Singe","MokouMod:HeatCyclone+1","MokouMod:SpontaneousHumanCombustion+1","MokouMod:BurningHiddenBullet+1","MokouMod:Ventilation+1","MokouMod:Afterburner+1","MokouMod:WarmUp+1","MokouMod:IgneousBlow+1","MokouMod:Rekindle"],"relics":["MokouMod:PhoenixFeather","testmod-TestBox","HushsDoor","BookofShadows","testmod-BloodSacrificeSpiritualization","NeowsBlessing","TheBible","testmod-IndustrialRevolution","SlaversCollar","testmod-Charity","BelialBook"],"acts_visited":["Exordium","TheCity"],"potions_floor_usage":[24,27,28,28],"damage_taken":[{"damage":7.0,"enemies":"Cultist","floor":1.0,"turns":1.0},{"damage":7.0,"enemies":"Small Slimes","floor":4.0,"turns":1.0},{"damage":7.0,"enemies":"3 Sentries","floor":6.0,"turns":1.0},{"damage":7.0,"enemies":"2 Louse","floor":7.0,"turns":3.0},{"damage":17.0,"enemies":"Looter","floor":8.0,"turns":4.0},{"damage":9.0,"enemies":"Blue Slaver","floor":11.0,"turns":3.0},{"damage":18.0,"enemies":"3 Louse","floor":12.0,"turns":4.0},{"damage":17.0,"enemies":"Looter","floor":13.0,"turns":3.0},{"damage":25.0,"enemies":"The Guardian","floor":16.0,"turns":11.0},{"damage":7.0,"enemies":"3 Byrds","floor":18.0,"turns":4.0},{"damage":21.0,"enemies":"Spheric Guardian","floor":21.0,"turns":4.0},{"damage":14.0,"enemies":"Centurion and Healer","floor":22.0,"turns":7.0},{"damage":34.0,"enemies":"Gremlin Leader","floor":23.0,"turns":5.0},{"damage":10,"enemies":"Snake Plant","floor":24,"turns":3},{"damage":27,"enemies":"Sentry and Sphere","floor":27,"turns":5},{"damage":8,"enemies":"Snecko","floor":28,"turns":3}],"seed_played":"960672769443192938","potions_obtained":[{"floor":1.0,"key":"DuplicationPotion"},{"floor":7.0,"key":"Explosive Potion"},{"floor":11.0,"key":"Weak Potion"},{"floor":16.0,"key":"Explosive Potion"},{"floor":23.0,"key":"ColorlessPotion"},{"floor":27,"key":"EntropicBrew"}],"is_trial":false,"path_per_floor":["M","?","?","M","?","E","M","M","T","R","M","M","M","?","R","B",null,"M","$","?","M","M","E","M","R","T","M","M"],"character_chosen":"MKU","items_purchased":["MokouMod:Ventilation","testmod-Charity"],"campfire_rested":2,"item_purchase_floors":[17,19],"current_hp_per_floor":[68,68,61,54,54,47,40,23,23,45,36,18,1,26,26,1,66,59,59,59,39,26,18,9,30,30,4,17,17,17],"gold":255,"neow_bonus":"THREE_ENEMY_KILL","is_daily":false,"chose_seed":false,"campfire_upgraded":1,"win_rate":0.0,"timestamp":1612364445,"path_taken":["M","?","?","M","?","E","M","?","T","R","M","M","M","?","R","BOSS","M","$","?","M","M","E","M","R","T","M","?"],"items_purchased_type":["Card","Relic"],"build_version":"2020-12-22","purchased_purges":2,"victory":false,"max_hp_per_floor":[75,75,75,75,75,75,75,75,75,75,75,75,75,75,75,75,66,66,66,66,67,68,69,70,70,70,71,71,71,71],"card_choices":[{"not_picked":[],"picked":"DoctorFetus","floor":0.0},{"not_picked":["MokouMod:CrimsonArmoury","MokouMod:BurningDraft"],"picked":"MokouMod:Stoke","floor":1.0},{"not_picked":["MokouMod:Stoke","MokouMod:HeartofFire"],"picked":"MokouMod:IgnitionBlast","floor":4.0},{"not_picked":["MokouMod:Ember","MokouMod:FlickeringFlame"],"picked":"MokouMod:ShiftIgnition","floor":6.0},{"not_picked":["MokouMod:ResoluteFlare","MokouMod:Overheat"],"picked":"MokouMod:FujiyamaVolcano","floor":7.0},{"not_picked":["MokouMod:Stoke","MokouMod:BlazingComet"],"picked":"MokouMod:Scorch","floor":8.0},{"not_picked":["MokouMod:GuidingSmoke","MokouMod:UncontrollableSolarReaction"],"picked":"MokouMod:Singe","floor":11.0},{"not_picked":["MokouMod:BurningDraft","MokouMod:EternalBurstReactor"],"picked":"MokouMod:HeatCyclone","floor":12.0},{"not_picked":["MokouMod:UncontrollableSolarReaction","MokouMod:Overheat"],"picked":"MokouMod:SpontaneousHumanCombustion","floor":13.0},{"not_picked":["MokouMod:Extinguish","MokouMod:SearingBlow"],"picked":"MokouMod:BurningHiddenBullet","floor":16.0},{"not_picked":["MokouMod:FujiyamaVolcano","MokouMod:HeatFactory"],"picked":"MokouMod:Afterburner","floor":18.0},{"not_picked":["MokouMod:Singe","MokouMod:InfernalWave"],"picked":"MokouMod:WarmUp","floor":21.0},{"not_picked":["MokouMod:ResoluteFlare+1","MokouMod:Firecracker+1","MokouMod:DanceofFlames"],"picked":"SKIP","floor":22.0},{"not_picked":["MokouMod:SearingShot+1","MokouMod:Ember"],"picked":"MokouMod:IgneousBlow+1","floor":23.0},{"not_picked":["MokouMod:UncontrollableSolarReaction","MokouMod:SearingShot","MokouMod:RoaringFlare"],"picked":"SKIP","floor":24},{"not_picked":["MokouMod:FlareStarter","MokouMod:IgnitionBlast"],"picked":"MokouMod:Rekindle","floor":27}],"player_experience":6110,"relics_obtained":[{"floor":6.0,"key":"TheBible"},{"floor":9.0,"key":"testmod-IndustrialRevolution"},{"floor":23.0,"key":"BelialBook"}],"event_choices":[{"cards_removed":["MokouMod:Strike"],"damage_healed":0.0,"max_hp_gain":0.0,"max_hp_loss":0.0,"gold_gain":0.0,"event_name":"Golden Wing","player_choice":"Card Removal","floor":3.0,"gold_loss":0.0,"damage_taken":7.0},{"damage_healed":25.0,"max_hp_gain":0.0,"max_hp_loss":0.0,"gold_gain":0.0,"event_name":"Big Fish","player_choice":"Banana","floor":14.0,"gold_loss":0.0,"damage_taken":0.0},{"damage_healed":0.0,"max_hp_gain":0.0,"max_hp_loss":0.0,"gold_gain":0.0,"event_name":"给自己的盒子","player_choice":"Ignored","floor":20.0,"gold_loss":0.0,"damage_taken":0.0}],"is_beta":false,"boss_relics":[{"not_picked":["Velvet Choker","testmod-Recursion"],"picked":"SlaversCollar"},{"not_picked":[]}],"items_purged_floors":[17,19],"is_endless":false,"potions_floor_spawned":[1,7,11,16,22,23,27],"killed_by":"Snecko","ascension_level":0}}