{"host":"p0hktren06injwdf","time":1612393492,"event":{"mods":["AchievementEnabler","BaseMod","Colored Map","DeckTracker","Minty Spire (QoL Compilation)","Permanent Neow","StSLib","SuperFastMode"],"gold_per_floor":[118,134,153,172,188,216,216,232,232,232,261,178,190,221,221,300,300,319,179,229,242,258,258,258],"floor_reached":23,"language":"KOR","playtime":565,"items_purged":["Strike_G"],"score":430,"play_id":"1aa3df1a-16b4-4a9e-b80c-104e85f68320","local_time":"20210204080452","is_ascension_mode":true,"campfire_choices":[{"data":"Dagger Spray","floor":7.0,"key":"SMITH"},{"data":"Catalyst","floor":15.0,"key":"SMITH"}],"circlet_count":0,"master_deck":["AscendersBane","Strike_G","Strike_G","Strike_G","Strike_G","Defend_G","Defend_G","Defend_G","Defend_G","Defend_G","Survivor","Neutralize","Burst","Dagger Spray+1","Blade Dance","Deadly Poison","Backflip","Crippling Poison","Glass Knife","Terror","Finisher","Catalyst+1","Backflip","Adrenaline","Blade Dance+1","Accuracy"],"relics":["Ring of the Snake","Letter Opener","Meat on the Bone","Happy Flower","Smiling Mask","Pantograph","HoveringKite"],"acts_visited":["Exordium","TheCity"],"potions_floor_usage":[23,23],"damage_taken":[{"damage":0.0,"enemies":"Cultist","floor":1.0,"turns":5.0},{"damage":0.0,"enemies":"2 Louse","floor":2.0,"turns":2.0},{"damage":0.0,"enemies":"Jaw Worm","floor":3.0,"turns":5.0},{"damage":7.0,"enemies":"Large Slime","floor":4.0,"turns":7.0},{"damage":1.0,"enemies":"Blue Slaver","floor":5.0,"turns":3.0},{"damage":23.0,"enemies":"3 Sentries","floor":6.0,"turns":11.0},{"damage":0.0,"enemies":"Looter","floor":8.0,"turns":2.0},{"damage":14.0,"enemies":"Lagavulin","floor":11.0,"turns":7.0},{"damage":0.0,"enemies":"Exordium Thugs","floor":13.0,"turns":3.0},{"damage":48.0,"enemies":"Gremlin Nob","floor":14.0,"turns":4.0},{"damage":30.0,"enemies":"The Guardian","floor":16.0,"turns":11.0},{"damage":12.0,"enemies":"Chosen","floor":18.0,"turns":5.0},{"damage":16.0,"enemies":"2 Thieves","floor":21.0,"turns":3.0},{"damage":19.0,"enemies":"Snake Plant","floor":22.0,"turns":2.0},{"damage":38,"enemies":"Book of Stabbing","floor":23,"turns":4}],"seed_played":"4072656987494562231","potions_obtained":[{"floor":4.0,"key":"DuplicationPotion"},{"floor":6.0,"key":"Swift Potion"},{"floor":8.0,"key":"CunningPotion"},{"floor":11.0,"key":"Swift Potion"},{"floor":13.0,"key":"FairyPotion"},{"floor":21.0,"key":"CultistPotion"},{"floor":22.0,"key":"BlessingOfTheForge"}],"is_trial":false,"path_per_floor":["M","M","M","M","M","E","R","M","T","?","E","$","M","E","R","B",null,"M","$","?","M","M","E"],"character_chosen":"THE_SILENT","items_purchased":["Catalyst","Accuracy"],"campfire_rested":0,"item_purchase_floors":[12,19],"current_hp_per_floor":[59,59,59,52,51,28,28,28,28,28,26,26,38,31,31,38,59,47,47,47,43,36,0,0],"gold":258,"neow_bonus":"ONE_RANDOM_RARE_CARD","is_daily":false,"chose_seed":false,"campfire_upgraded":2,"win_rate":0.0,"timestamp":1612393492,"path_taken":["M","M","M","M","?","E","R","M","T","?","E","$","?","E","R","BOSS","M","$","?","M","M","E"],"items_purchased_type":["Card","Card"],"build_version":"2020-12-22","purchased_purges":1,"victory":false,"max_hp_per_floor":[66,66,66,66,66,66,66,66,66,66,66,66,66,66,66,66,66,66,66,66,66,66,66,66],"card_choices":[{"not_picked":["Dagger Throw","Quick Slash"],"picked":"Dagger Spray","floor":1.0},{"not_picked":["PiercingWail","Predator"],"picked":"Blade Dance","floor":2.0},{"not_picked":["Bane","Dagger Spray"],"picked":"Deadly Poison","floor":3.0},{"not_picked":["Flying Knee","Flechettes"],"picked":"Backflip","floor":4.0},{"not_picked":["Riddle With Holes","Poisoned Stab"],"picked":"Crippling Poison","floor":5.0},{"not_picked":["Prepared","Deflect"],"picked":"Glass Knife","floor":6.0},{"not_picked":["Infinite Blades","Deflect"],"picked":"Terror","floor":8.0},{"not_picked":["Sucker Punch","Masterful Stab"],"picked":"Finisher","floor":11.0},{"not_picked":["Acrobatics","Distraction"],"picked":"Backflip","floor":13.0},{"not_picked":["Outmaneuver","Flechettes","Poisoned Stab"],"picked":"SKIP","floor":14.0},{"not_picked":["Burst","Doppelganger"],"picked":"Adrenaline","floor":16.0},{"not_picked":["Acrobatics","Poisoned Stab"],"picked":"Blade Dance+1","floor":18.0},{"not_picked":["Finisher","Dagger Throw","Doppelganger"],"picked":"SKIP","floor":21.0},{"not_picked":["Blade Dance","Predator+1","Well Laid Plans+1"],"picked":"SKIP","floor":22.0}],"player_experience":1003321,"relics_obtained":[{"floor":6.0,"key":"Letter Opener"},{"floor":9.0,"key":"Meat on the Bone"},{"floor":11.0,"key":"Smiling Mask"},{"floor":14.0,"key":"Pantograph"}],"event_choices":[{"damage_healed":0.0,"max_hp_gain":0.0,"max_hp_loss":0.0,"gold_gain":0.0,"event_name":"WeMeetAgain","player_choice":"Gave Potion","floor":10.0,"gold_loss":0.0,"damage_taken":0.0,"relics_obtained":["Happy Flower"]},{"damage_healed":0.0,"max_hp_gain":0.0,"max_hp_loss":0.0,"gold_gain":50.0,"event_name":"Nest","player_choice":"Stole From Cult","floor":20.0,"gold_loss":0.0,"damage_taken":0.0}],"is_beta":false,"boss_relics":[{"not_picked":["Tiny House","Ring of the Serpent"],"picked":"HoveringKite"}],"items_purged_floors":[19],"is_endless":false,"potions_floor_spawned":[4,6,8,11,13,21,22],"killed_by":"Book of Stabbing","ascension_level":20}}