{"host":"0tiuc76yumknr6qf","time":1612329822,"event":{"mods":["Aspiration","BaseMod","Bestiary","Colored Map","DeckTracker","Highlight Path","Minty Spire (QoL Compilation)","StSLib"],"gold_per_floor":[117,117,130,155,179,179,179,212,212,248,248,292,292,305,305,401,401,417,417,440,440,459,500,500,533,533,533,557,160,173,90,90,186,186,201,101,0,0,21,65,21,60,60,60,60,60],"floor_reached":45,"language":"ENG","playtime":2963,"items_purged":["Strike_R","Strike_R"],"score":1254,"play_id":"5bc1c476-e6b8-45b3-b4a7-f30b1ac70acc","local_time":"20210202232342","is_ascension_mode":true,"campfire_choices":[{"data":"Immolate","floor":6.0,"key":"SMITH"},{"data":"Blood for Blood","floor":11.0,"key":"SMITH"},{"data":"Combust","floor":13.0,"key":"SMITH"},{"data":"Rampage","floor":15.0,"key":"SMITH"},{"data":"Fiend Fire","floor":24.0,"key":"SMITH"},{"data":"Barricade","floor":27,"key":"SMITH"},{"floor":32,"key":"REST"},{"floor":44,"key":"RECALL"}],"circlet_count":0,"master_deck":["AscendersBane","Strike_R","Strike_R","Strike_R","Defend_R","Defend_R","Defend_R","Defend_R","Bash+1","Combust+1","Immolate+1","Power Through","Reckless Charge","Seeing Red+1","Blood for Blood+1","Fiend Fire+1","Barricade+1","RitualDagger+1","Headbutt+1","Armaments+1","True Grit+1","Second Wind+1","Seeing Red+1","Shrug It Off+1","Rupture","Demon Form","Feel No Pain","Rupture","Intimidate+1","Entrench+1"],"relics":["Burning Blood","aspiration:Nostalgia","PureWater","Golden Idol","Toxic Egg 2","White Beast Statue","Strawberry","aspiration:StickyExplosives_weak","Runic Pyramid","aspiration:Stabinomicon","PreservedInsect","Blood Vial","Nunchaku","Sozu","Red Mask","Bag of Marbles","Shuriken","Whetstone"],"acts_visited":["Exordium","TheCity","TheBeyond"],"potions_floor_usage":[25,30,33,40],"damage_taken":[{"damage":10.0,"enemies":"Small Slimes","floor":1.0,"turns":4.0},{"damage":5.0,"enemies":"2 Louse","floor":3.0,"turns":3.0},{"damage":0.0,"enemies":"Cultist","floor":4.0,"turns":2.0},{"damage":0.0,"enemies":"3 Louse","floor":5.0,"turns":1.0},{"damage":23.0,"enemies":"Lagavulin","floor":8.0,"turns":4.0},{"damage":8.0,"enemies":"Gremlin Nob","floor":10.0,"turns":3.0},{"damage":2.0,"enemies":"3 Sentries","floor":12.0,"turns":5.0},{"damage":0.0,"enemies":"Blue Slaver","floor":14.0,"turns":3.0},{"damage":3.0,"enemies":"Slime Boss","floor":16.0,"turns":4.0},{"damage":31.0,"enemies":"3 Byrds","floor":18.0,"turns":5.0},{"damage":0.0,"enemies":"Spheric Guardian","floor":20.0,"turns":3.0},{"damage":16.0,"enemies":"Centurion and Healer","floor":22.0,"turns":5.0},{"damage":37.0,"enemies":"Book of Stabbing","floor":23.0,"turns":5.0},{"damage":16,"enemies":"Gremlin Leader","floor":25,"turns":4},{"damage":17,"enemies":"Shelled Parasite and Fungi","floor":30,"turns":2},{"damage":27,"enemies":"Automaton","floor":33,"turns":8},{"damage":16,"enemies":"3 Darklings","floor":35,"turns":7},{"damage":1,"enemies":"Orb Walker","floor":39,"turns":3},{"damage":60,"enemies":"Reptomancer","floor":40,"turns":5},{"damage":3,"enemies":"Nemesis","floor":42,"turns":7},{"damage":69,"enemies":"Giant Head","floor":45,"turns":6}],"seed_played":"3986635389418855938","potions_obtained":[{"floor":3.0,"key":"HeartOfIron"},{"floor":5.0,"key":"BloodPotion"},{"floor":8.0,"key":"AttackPotion"},{"floor":10.0,"key":"FearPotion"},{"floor":12.0,"key":"HeartOfIron"},{"floor":16.0,"key":"Block Potion"},{"floor":18.0,"key":"SmokeBomb"},{"floor":20.0,"key":"Swift Potion"},{"floor":22.0,"key":"BloodPotion"},{"floor":23.0,"key":"AttackPotion"},{"floor":25,"key":"AttackPotion"},{"floor":30,"key":"PowerPotion"},{"floor":33,"key":"BloodPotion"}],"is_trial":false,"path_per_floor":["M","?","M","M","M","R","?","E","T","E","R","E","R","M","R","B",null,"M","?","M","?","M","E","R","E","T","R","T","$","M","$","R","B",null,"M","$","?","?","M","E","$","E","T","R","E"],"character_chosen":"IRONCLAD","items_purchased":["Second Wind+1","Nunchaku","Seeing Red+1","Rupture","Intimidate+1"],"campfire_rested":1,"item_purchase_floors":[29,29,29,31,41],"current_hp_per_floor":[64,38,39,45,51,51,51,34,34,55,55,59,59,65,65,68,79,54,48,54,54,44,29,29,19,19,19,19,19,10,10,34,15,65,57,57,57,57,64,28,28,33,33,33,0,0],"gold":60,"neow_bonus":"NOSTALGIA","is_daily":false,"chose_seed":false,"campfire_upgraded":6,"win_rate":0.0,"timestamp":1612329822,"path_taken":["M","?","M","M","M","R","?","E","T","E","R","E","R","M","R","BOSS","M","?","M","?","M","E","R","E","T","R","?","?","M","$","R","BOSS","M","$","?","?","M","E","?","E","T","R","E"],"items_purchased_type":["Card","Relic","Card","Card","Card"],"build_version":"2020-12-22","purchased_purges":2,"victory":false,"max_hp_per_floor":[75,75,75,75,75,75,75,75,75,82,82,82,82,82,82,82,82,82,82,82,82,82,82,82,82,82,82,82,82,82,82,82,82,82,82,82,82,82,82,82,82,82,82,82,82,82],"card_choices":[{"not_picked":["Body Slam","Shrug It Off"],"picked":"Combust","floor":1.0},{"not_picked":["Twin Strike","Cleave"],"picked":"Immolate","floor":3.0},{"not_picked":["Iron Wave","Warcry"],"picked":"Power Through","floor":4.0},{"not_picked":["Clothesline","Thunderclap"],"picked":"Reckless Charge","floor":5.0},{"not_picked":["Infernal Blade+1","Rage+1"],"picked":"Seeing Red+1","floor":8.0},{"not_picked":["Rampage","Dual Wield+1"],"picked":"Blood for Blood","floor":10.0},{"not_picked":["Warcry+1","Cleave"],"picked":"Fiend Fire","floor":12.0},{"not_picked":["Flex+1","Clash"],"picked":"Rampage","floor":14.0},{"not_picked":["Feed","Immolate"],"picked":"Barricade","floor":16.0},{"not_picked":["Blood for Blood","Heavy Blade","Warcry+1"],"picked":"SKIP","floor":18.0},{"not_picked":["Pummel+1","Wild Strike"],"picked":"Headbutt","floor":20.0},{"not_picked":["Anger","Body Slam"],"picked":"Armaments+1","floor":22.0},{"not_picked":["Flex+1","Anger"],"picked":"True Grit+1","floor":23.0},{"not_picked":["Rampage","Limit Break+1","Whirlwind"],"picked":"SKIP","floor":25},{"not_picked":["Twin Strike","Havoc+1"],"picked":"Shrug It Off+1","floor":30},{"not_picked":["Feed","Bludgeon"],"picked":"Demon Form","floor":33},{"not_picked":["Clothesline","Sword Boomerang+1"],"picked":"Feel No Pain","floor":35},{"not_picked":["Dropkick","Armaments+1","Cleave"],"picked":"SKIP","floor":39},{"not_picked":["Perfected Strike","Headbutt+1"],"picked":"Rupture","floor":40},{"not_picked":["Clothesline","Twin Strike+1"],"picked":"Entrench+1","floor":42}],"player_experience":1922330,"relics_obtained":[{"floor":8.0,"key":"Toxic Egg 2"},{"floor":9.0,"key":"White Beast Statue"},{"floor":10.0,"key":"Strawberry"},{"floor":12.0,"key":"aspiration:StickyExplosives_weak"},{"floor":23.0,"key":"aspiration:Stabinomicon"},{"floor":25,"key":"PreservedInsect"},{"floor":28,"key":"Blood Vial"},{"floor":40,"key":"Bag of Marbles"},{"floor":42,"key":"Shuriken"},{"floor":43,"key":"Whetstone"}],"event_choices":[{"damage_healed":0.0,"max_hp_gain":0.0,"max_hp_loss":0.0,"gold_gain":0.0,"event_name":"Golden Idol","player_choice":"Take Damage","floor":2.0,"gold_loss":0.0,"damage_taken":26.0,"relics_obtained":["Golden Idol"]},{"damage_healed":0.0,"max_hp_gain":0.0,"max_hp_loss":0.0,"gold_gain":0.0,"event_name":"Upgrade Shrine","player_choice":"Upgraded","floor":7.0,"gold_loss":0.0,"damage_taken":0.0,"cards_upgraded":["Bash"]},{"damage_healed":0.0,"max_hp_gain":0.0,"max_hp_loss":0.0,"gold_gain":0.0,"event_name":"Nest","player_choice":"Joined the Cult","floor":19.0,"gold_loss":0.0,"damage_taken":6.0,"cards_obtained":["RitualDagger"]},{"damage_healed":0.0,"max_hp_gain":0.0,"max_hp_loss":0.0,"gold_gain":0.0,"event_name":"The Mausoleum","player_choice":"Ignored","floor":21.0,"gold_loss":0.0,"damage_taken":0.0},{"damage_healed":0,"gold_gain":0,"player_choice":"Paid","damage_taken":0,"relics_obtained":["Red Mask"],"max_hp_gain":0,"max_hp_loss":0,"event_name":"Tomb of Lord Red Mask","floor":37,"gold_loss":101},{"cards_removed":["Rampage"],"damage_healed":0,"gold_gain":0,"player_choice":"Removed Attack","damage_taken":0,"max_hp_gain":0,"max_hp_loss":0,"event_name":"Falling","floor":38,"gold_loss":0}],"is_beta":false,"boss_relics":[{"not_picked":["aspiration:FutureDiary","aspiration:SecretTechniqueScroll"],"picked":"Runic Pyramid"},{"not_picked":["Snecko Eye","aspiration:RunicSpoon"],"picked":"Sozu"}],"items_purged_floors":[29,36],"is_endless":false,"potions_floor_spawned":[3,5,8,10,12,14,16,18,20,22,23,25,30,33,35,39,40,42],"killed_by":"Giant Head","ascension_level":20}}