{"host":"prxrhpgaxnj4om9r","time":1612362402,"event":{"mods":["AchievementEnabler","BaseMod","Minty Spire (QoL Compilation)"],"gold_per_floor":[119,119,194,194,194,217,217,70,70,90,90,128,144,188,188,311,311,329,352,87,101,122,122,142,142,142,105,105,125,125,149,149,269,269,284,617,632,644,657,657,657,657],"floor_reached":41,"language":"KOR","playtime":3090,"items_purged":[],"score":480,"play_id":"ea2dc8bb-e208-4b85-b669-284c03c175f4","local_time":"20210203232642","is_ascension_mode":false,"campfire_choices":[{"floor":7.0,"key":"REST"},{"data":"Crescendo","floor":11.0,"key":"SMITH"},{"data":"SandsOfTime","floor":15.0,"key":"SMITH"},{"data":"Judgement","floor":23.0,"key":"SMITH"},{"floor":25.0,"key":"REST"},{"data":"Vault","floor":32.0,"key":"SMITH"},{"floor":40,"key":"REST"}],"circlet_count":0,"master_deck":["Strike_P","Strike_P","Strike_P","Strike_P","Defend_P","Defend_P","Defend_P","Eruption+1","Vigilance","FollowUp","Crescendo+1","Halt","CutThroughFate","EmptyFist+1","SandsOfTime+1","Judgement+1","EmptyBody+1","Prostrate","WindmillStrike","Adaptation","SignatureMove","Vault+1","Perseverance","WheelKick","BowlingBash","Consecrate+1","FearNoEvil","Crescendo","InnerPeace","Fasting2","Crescendo+1","CrushJoints+1","LessonLearned+1","Perseverance+1","TalkToTheHand","Conclude+1","Adaptation+1","FlyingSleeves+1","Parasite","SandsOfTime+1","ThirdEye+1"],"relics":["PureWater","ClockworkSouvenir","Ice Cream","Prayer Wheel","Boot","SlaversCollar","Bag of Marbles","Pantograph","Thread and Needle","Black Star"],"acts_visited":["Exordium","TheCity","TheBeyond"],"potions_floor_usage":[38,38],"damage_taken":[{"damage":0.0,"enemies":"Small Slimes","floor":1.0,"turns":4.0},{"damage":0.0,"enemies":"2 Louse","floor":6.0,"turns":2.0},{"damage":12.0,"enemies":"Jaw Worm","floor":10.0,"turns":2.0},{"damage":0.0,"enemies":"Lagavulin","floor":12.0,"turns":3.0},{"damage":0.0,"enemies":"Red Slaver","floor":13.0,"turns":2.0},{"damage":4.0,"enemies":"Gremlin Nob","floor":14.0,"turns":3.0},{"damage":14.0,"enemies":"Hexaghost","floor":16.0,"turns":8.0},{"damage":20.0,"enemies":"3 Byrds","floor":18.0,"turns":4.0},{"damage":0.0,"enemies":"Chosen","floor":19.0,"turns":4.0},{"damage":4.0,"enemies":"Centurion and Healer","floor":21.0,"turns":4.0},{"damage":0.0,"enemies":"Snake Plant","floor":22.0,"turns":1.0},{"damage":11.0,"enemies":"Chosen and Byrds","floor":24.0,"turns":5.0},{"damage":9.0,"enemies":"Centurion and Healer","floor":29.0,"turns":5.0},{"damage":0.0,"enemies":"Snecko","floor":31.0,"turns":1.0},{"damage":58.0,"enemies":"Automaton","floor":33.0,"turns":11.0},{"damage":16.0,"enemies":"3 Shapes","floor":35.0,"turns":3.0},{"damage":43.0,"enemies":"3 Darklings","floor":37.0,"turns":5.0},{"damage":0,"enemies":"Transient","floor":38,"turns":5},{"damage":17,"enemies":"Writhing Mass","floor":39,"turns":7},{"damage":25,"enemies":"Nemesis","floor":41,"turns":2}],"seed_played":"670450174025781212","potions_obtained":[{"floor":10.0,"key":"SteroidPotion"},{"floor":13.0,"key":"SneckoOil"},{"floor":14.0,"key":"Weak Potion"},{"floor":16.0,"key":"Weak Potion"},{"floor":18.0,"key":"DistilledChaos"},{"floor":21.0,"key":"SpeedPotion"},{"floor":22.0,"key":"LiquidMemories"},{"floor":33.0,"key":"CultistPotion"},{"floor":37.0,"key":"BottledMiracle"}],"is_trial":false,"path_per_floor":["M","?","?","?","?","M","R","$","T","M","R","E","M","E","R","B",null,"M","M","$","M","M","R","M","R","T","$","?","M","?","M","R","B",null,"M","?","M","M","M","R","E"],"character_chosen":"WATCHER","items_purchased":["ClockworkSouvenir","Bag of Marbles","Adaptation","SignatureMove","FearNoEvil"],"campfire_rested":3,"item_purchase_floors":[8,20,20,20,27],"current_hp_per_floor":[72,54,43,43,48,48,71,71,71,59,59,59,59,55,55,41,77,57,57,57,53,53,53,42,65,65,65,65,56,56,56,56,19,77,61,61,18,18,1,24,0,0],"gold":657,"neow_bonus":"UPGRADE_CARD","is_daily":false,"chose_seed":false,"campfire_upgraded":4,"win_rate":0.0,"timestamp":1612362402,"path_taken":["M","?","?","?","?","M","R","$","T","M","R","E","?","E","R","BOSS","M","M","$","M","M","R","M","R","T","?","?","?","?","M","R","BOSS","M","?","M","M","M","R","E"],"items_purchased_type":["Relic","Relic","Card","Card","Card"],"build_version":"2020-12-22","purchased_purges":0,"victory":false,"max_hp_per_floor":[72,72,72,72,77,77,77,77,77,77,77,77,77,77,77,77,77,77,77,77,77,77,77,77,77,77,77,77,77,77,77,77,77,77,77,77,77,77,77,77,77,77],"card_choices":[{"not_picked":["Evaluate","ThirdEye"],"picked":"FollowUp","floor":1.0},{"not_picked":["JustLucky","LikeWater"],"picked":"Crescendo","floor":6.0},{"not_picked":["FlyingSleeves","PathToVictory"],"picked":"Halt","floor":10.0},{"not_picked":["FollowUp","JustLucky"],"picked":"PathToVictory","floor":12.0},{"not_picked":["WreathOfFlame","FlyingSleeves"],"picked":"CutThroughFate","floor":13.0},{"not_picked":["DevaForm","Evaluate"],"picked":"EmptyFist","floor":13.0},{"not_picked":["Evaluate","Crescendo"],"picked":"SandsOfTime","floor":14.0},{"not_picked":["LessonLearned","Establishment"],"picked":"Judgement","floor":16.0},{"not_picked":["Pray","CutThroughFate"],"picked":"EmptyBody+1","floor":18.0},{"not_picked":["Protect","Pray"],"picked":"Prostrate","floor":18.0},{"not_picked":["CrushJoints","Crescendo"],"picked":"WindmillStrike","floor":19.0},{"not_picked":["Protect","ClearTheMind","PathToVictory"],"picked":"SKIP","floor":19.0},{"not_picked":["EmptyMind","PathToVictory+1"],"picked":"Vault","floor":21.0},{"not_picked":["ThirdEye","EmptyFist","Crescendo"],"picked":"SKIP","floor":21.0},{"not_picked":["Sanctity","LikeWater"],"picked":"Perseverance","floor":22.0},{"not_picked":["CutThroughFate","ThirdEye"],"picked":"WheelKick","floor":22.0},{"not_picked":["FlyingSleeves","Crescendo"],"picked":"BowlingBash","floor":24.0},{"not_picked":["FlurryOfBlows","PathToVictory+1"],"picked":"Consecrate+1","floor":24.0},{"not_picked":["CutThroughFate","Evaluate"],"picked":"InnerPeace","floor":29.0},{"not_picked":["SashWhip","Collect"],"picked":"Fasting2","floor":29.0},{"not_picked":["DeceiveReality+1","Indignation"],"picked":"Crescendo+1","floor":31.0},{"not_picked":["SashWhip","Prostrate"],"picked":"CrushJoints+1","floor":31.0},{"not_picked":["DevaForm","Judgement"],"picked":"LessonLearned","floor":33.0},{"not_picked":["FearNoEvil+1","Weave+1"],"picked":"Perseverance+1","floor":35.0},{"not_picked":["SandsOfTime+1","Halt"],"picked":"TalkToTheHand","floor":35.0},{"not_picked":["SashWhip+1","Consecrate+1"],"picked":"Conclude+1","floor":37.0},{"not_picked":["Swivel","Conclude","PathToVictory"],"picked":"SKIP","floor":37.0},{"not_picked":["FollowUp+1","SignatureMove"],"picked":"Adaptation+1","floor":38},{"not_picked":["Evaluate+1","Pray"],"picked":"FlyingSleeves+1","floor":38},{"not_picked":["EmptyFist","InnerPeace+1"],"picked":"SandsOfTime+1","floor":39},{"not_picked":["FollowUp+1","EmptyBody+1"],"picked":"ThirdEye+1","floor":39}],"player_experience":248657,"relics_obtained":[{"floor":9.0,"key":"Ice Cream"},{"floor":12.0,"key":"Prayer Wheel"},{"floor":14.0,"key":"Boot"},{"floor":26.0,"key":"Pantograph"}],"event_choices":[{"damage_healed":0.0,"max_hp_gain":0.0,"max_hp_loss":0.0,"gold_gain":0.0,"event_name":"Golden Idol","player_choice":"Take Damage","floor":2.0,"gold_loss":0.0,"damage_taken":18.0,"relics_obtained":["Golden Idol"]},{"damage_healed":0.0,"max_hp_gain":0.0,"max_hp_loss":0.0,"gold_gain":75.0,"event_name":"World of Goop","player_choice":"Gather Gold","floor":3.0,"gold_loss":0.0,"damage_taken":11.0},{"damage_healed":0.0,"max_hp_gain":0.0,"max_hp_loss":0.0,"gold_gain":0.0,"event_name":"Liars Game","player_choice":"Ignored","floor":4.0,"gold_loss":0.0,"damage_taken":0.0},{"damage_healed":0.0,"max_hp_gain":5.0,"max_hp_loss":0.0,"gold_gain":0.0,"event_name":"Big Fish","player_choice":"Donut","floor":5.0,"gold_loss":0.0,"damage_taken":0.0},{"damage_healed":0.0,"max_hp_gain":0.0,"max_hp_loss":0.0,"gold_gain":0.0,"cards_transformed":["Defend_P"],"event_name":"Transmorgrifier","player_choice":"Transformed","floor":28.0,"gold_loss":0.0,"damage_taken":0.0,"cards_obtained":["Crescendo"]},{"cards_removed":["PathToVictory"],"damage_healed":0.0,"max_hp_gain":0.0,"max_hp_loss":0.0,"gold_gain":0.0,"event_name":"WeMeetAgain","player_choice":"Gave Card","floor":30.0,"gold_loss":0.0,"damage_taken":0.0,"relics_obtained":["Thread and Needle"]},{"damage_healed":0.0,"max_hp_gain":0.0,"max_hp_loss":0.0,"gold_gain":333.0,"event_name":"The Moai Head","player_choice":"Gave Idol","floor":36.0,"relics_lost":["Golden Idol"],"gold_loss":0.0,"damage_taken":0.0}],"is_beta":false,"boss_relics":[{"not_picked":["Tiny House","Snecko Eye"],"picked":"SlaversCollar"},{"not_picked":["Cursed Key","Fusion Hammer"],"picked":"Black Star"}],"items_purged_floors":[],"is_endless":false,"potions_floor_spawned":[10,13,14,16,18,21,22,33,37],"killed_by":"Nemesis","ascension_level":0}}