{"host":"d6gsnuetzz7j8con","time":1612380553,"event":{"mods":["AchievementEnabler","BaseMod","Better Altar","Better Match","Better Note","Better Sensory Stone","Better Skull","Better Third Choice","BetterRewards","Evolution","Minty Spire (QoL Compilation)","Remove Card Discount Mod","Shop Mod","StSLib"],"gold_per_floor":[112,112,131,131,142,173,214,243,243,243,309,334,348,348,348,478,478,501,501,515,53,71,137,137,137,137,137,157,184,212,226,226,324,324,338,18,0,17,17,45,72,99,99,99,130,159,176,206,206,206,206,206,81,113,113],"floor_reached":56,"language":"ENG","playtime":12102,"items_purged":["Defend_G","Defend_G","Strike_G","Caltrops","Flying Knee","Injury","Poisoned Stab","Endless Agony","Skewer","Deflect","Outmaneuver","Backstab+1","Neutralize","Survivor","Blade Dance","Infinite Blades","Cloak And Dagger","Burst","Expertise+1","Cloak And Dagger","Dagger Throw"],"score":2343,"play_id":"9e4d1c94-c95f-4568-83c6-05f983497ca2","local_time":"20210203142913","is_ascension_mode":true,"campfire_choices":[{"data":"1","floor":10.0,"key":"LIFT"},{"data":"2","floor":15.0,"key":"LIFT"},{"data":"3","floor":32.0,"key":"LIFT"},{"floor":49.0,"key":"RECALL"},{"floor":52,"key":"REST"}],"circlet_count":0,"master_deck":["Tactician","Acrobatics","Prepared+1","Dagger Throw+1","Secret Technique+1","Tactician","Acrobatics","Blur+1","Escape Plan","Escape Plan","Apotheosis+1","Choke+1","Calculated Gamble","After Image","Terror+1","Acrobatics+1","Adrenaline","Tactician","Madness","Madness","Prepared"],"relics":["Ring of the Snake","EVO:Axolotl","Tiny Chest","Girya","Frozen Eye","Juzu Bracelet","PreservedInsect","Fusion Hammer","Unceasing Top","CultistMask","Strawberry","Kunai","Bronze Scales","Bloody Idol","Pandora\u0027s Box","Toy Ornithopter","Bag of Preparation","Lantern","War Paint","OrangePellets","Bottled Lightning","Blood Vial","Pen Nib","Busted Crown","MerchantsRug","WingedGreaves","Lee\u0027s Waffle","Red Mask","Regal Pillow","Mummified Hand","Anchor","Pocketwatch","The Courier","Eternal Feather","Omamori","Whetstone","Ornamental Fan"],"acts_visited":["Exordium","TheCity","TheBeyond","TheEnding"],"potions_floor_usage":[],"damage_taken":[{"damage":4.0,"enemies":"Jaw Worm","floor":1.0,"turns":3.0},{"damage":0.0,"enemies":"2 Louse","floor":3.0,"turns":1.0},{"damage":0.0,"enemies":"Cultist","floor":5.0,"turns":3.0},{"damage":0.0,"enemies":"3 Sentries","floor":6.0,"turns":4.0},{"damage":1.0,"enemies":"Large Slime","floor":7.0,"turns":4.0},{"damage":0.0,"enemies":"Gremlin Nob","floor":8.0,"turns":2.0},{"damage":4.0,"enemies":"Lots of Slimes","floor":11.0,"turns":4.0},{"damage":0.0,"enemies":"Lagavulin","floor":12.0,"turns":2.0},{"damage":3.0,"enemies":"Blue Slaver","floor":13.0,"turns":4.0},{"damage":10.0,"enemies":"Hexaghost","floor":16.0,"turns":5.0},{"damage":5.0,"enemies":"2 Thieves","floor":18.0,"turns":3.0},{"damage":0.0,"enemies":"Shell Parasite","floor":20.0,"turns":2.0},{"damage":0.0,"enemies":"Snake Plant","floor":22.0,"turns":1.0},{"damage":0.0,"enemies":"Gremlin Leader","floor":23.0,"turns":4.0},{"damage":0.0,"enemies":"Shelled Parasite and Fungi","floor":28.0,"turns":1.0},{"damage":0.0,"enemies":"Book of Stabbing","floor":30.0,"turns":1.0},{"damage":0.0,"enemies":"Centurion and Healer","floor":31.0,"turns":1.0},{"damage":0.0,"enemies":"Automaton","floor":33.0,"turns":1.0},{"damage":0.0,"enemies":"Orb Walker","floor":35.0,"turns":1.0},{"damage":0.0,"enemies":"3 Shapes","floor":38.0,"turns":1.0},{"damage":0.0,"enemies":"Nemesis","floor":40.0,"turns":1.0},{"damage":0.0,"enemies":"Reptomancer","floor":41.0,"turns":1.0},{"damage":0.0,"enemies":"Giant Head","floor":42.0,"turns":1.0},{"damage":0.0,"enemies":"Reptomancer","floor":45.0,"turns":1.0},{"damage":0.0,"enemies":"Nemesis","floor":46.0,"turns":1.0},{"damage":0.0,"enemies":"Maw","floor":47.0,"turns":1.0},{"damage":0.0,"enemies":"Reptomancer","floor":48.0,"turns":1.0},{"damage":0.0,"enemies":"Awakened One","floor":50.0,"turns":2.0},{"damage":0,"enemies":"Shield and Spear","floor":54,"turns":1},{"damage":1,"enemies":"The Heart","floor":55,"turns":4}],"seed_played":"-2537313135989399534","potions_obtained":[{"floor":1.0,"key":"Weak Potion"},{"floor":5.0,"key":"Regen Potion"},{"floor":7.0,"key":"SkillPotion"},{"floor":8.0,"key":"Fire Potion"},{"floor":16.0,"key":"Swift Potion"},{"floor":22.0,"key":"Block Potion"}],"is_trial":false,"path_per_floor":["M","?","M","?","M","E","M","E","T","R","M","E","M","?","R","B",null,"M","T","M","$","M","E","?","?","T","?","M","T","E","M","R","B",null,"M","$","?","M","?","E","E","E","T","?","E","E","M","E","R","B",null,"R","$","E","B",null],"character_chosen":"THE_SILENT","items_purchased":["Tiny Chest","Matryoshka","Toolbox","Prepared","Blade Dance","Dagger Throw","Secret Technique","Tactician","Acrobatics","Frozen Eye","Juzu Bracelet","PreservedInsect","Blur","Escape Plan","Lantern","War Paint","OrangePellets","MerchantsRug","WingedGreaves","Tactician","Lee\u0027s Waffle","Whetstone"],"campfire_rested":1,"item_purchase_floors":[0,0,0,0,0,0,0,0,0,0,0,0,0,0,21,21,21,36,36,36,36,53],"current_hp_per_floor":[24,24,24,24,24,24,23,23,30,30,38,50,47,47,47,51,77,72,72,77,77,77,77,77,87,87,63,70,75,84,87,87,87,87,87,94,94,94,94,94,94,94,94,82,89,94,94,94,94,94,94,94,94,94,93],"gold":113,"neow_bonus":"","is_daily":false,"chose_seed":false,"campfire_upgraded":0,"win_rate":0.0,"timestamp":1612380553,"path_taken":["M","?","M","?","M","E","M","E","T","R","M","E","M","?","R","BOSS","M","?","M","$","M","E","?","?","T","?","M","?","E","M","R","BOSS","M","$","?","M","?","E","E","E","T","?","E","E","M","E","R","BOSS","R","$","E","BOSS"],"items_purchased_type":["Relic","Relic","Relic","Card","Card","Card","Card","Card","Card","Relic","Relic","Relic","Card","Card","Relic","Relic","Relic","Relic","Relic","Card","Relic","Relic"],"build_version":"2020-12-22","purchased_purges":21,"victory":true,"max_hp_per_floor":[70,70,70,70,70,70,70,70,77,77,77,77,77,77,77,77,77,77,77,77,77,77,77,77,87,87,87,87,87,87,87,87,87,87,87,94,94,94,94,94,94,94,94,94,94,94,94,94,94,94,94,94,94,94,94],"card_choices":[{"not_picked":["Caltrops","Well Laid Plans"],"picked":"Escape Plan","floor":1.0},{"not_picked":["Endless Agony","Leg Sweep"],"picked":"Cloak And Dagger","floor":3.0},{"not_picked":["Dodge and Roll","Deadly Poison","PiercingWail"],"picked":"SKIP","floor":5.0},{"not_picked":["Crippling Poison","Outmaneuver"],"picked":"Poisoned Stab","floor":6.0},{"not_picked":["Distraction","Sucker Punch"],"picked":"Choke","floor":7.0},{"not_picked":["Slice","Outmaneuver","PiercingWail"],"picked":"SKIP","floor":8.0},{"not_picked":["Deflect","Bane","Poisoned Stab"],"picked":"SKIP","floor":11.0},{"not_picked":["Cloak And Dagger","Skewer"],"picked":"Calculated Gamble","floor":12.0},{"not_picked":["Crippling Poison","Flechettes","Heel Hook"],"picked":"SKIP","floor":13.0},{"not_picked":["Venomology","Bullet Time"],"picked":"Burst","floor":16.0},{"not_picked":["Caltrops","Bane"],"picked":"Expertise+1","floor":18.0},{"not_picked":["Infinite Blades","PiercingWail"],"picked":"Backstab+1","floor":20.0},{"not_picked":["Sucker Punch+1","Deflect","Backstab"],"picked":"SKIP","floor":22.0},{"not_picked":["Flechettes","Choke+1"],"picked":"Terror+1","floor":23.0},{"not_picked":["Expertise","Bouncing Flask","Sucker Punch+1"],"picked":"SKIP","floor":28.0},{"not_picked":["Die Die Die","Bullet Time","Backflip"],"picked":"SKIP","floor":30.0},{"not_picked":["Backflip","Noxious Fumes"],"picked":"Acrobatics+1","floor":31.0},{"not_picked":["Storm of Steel","After Image"],"picked":"Adrenaline","floor":33.0},{"not_picked":["Finisher"],"picked":"SKIP","floor":35.0},{"not_picked":["Dagger Throw+1"],"picked":"SKIP","floor":38.0},{"not_picked":["Sucker Punch"],"picked":"SKIP","floor":40.0},{"not_picked":["Finisher"],"picked":"SKIP","floor":41.0},{"not_picked":["Caltrops+1"],"picked":"SKIP","floor":42.0},{"not_picked":[],"picked":"Prepared","floor":45.0},{"not_picked":["Deadly Poison"],"picked":"SKIP","floor":46.0},{"not_picked":["Tactician+1"],"picked":"SKIP","floor":47.0},{"not_picked":["Backflip"],"picked":"SKIP","floor":48.0},{"not_picked":["Outmaneuver+1"],"picked":"SKIP","floor":54}],"player_experience":120197,"relics_obtained":[{"floor":6.0,"key":"Bottled Tornado"},{"floor":8.0,"key":"Meat on the Bone"},{"floor":9.0,"key":"Strawberry"},{"floor":9.0,"key":"Kunai"},{"floor":12.0,"key":"Bronze Scales"},{"floor":19.0,"key":"Toy Ornithopter"},{"floor":19.0,"key":"Bag of Preparation"},{"floor":23.0,"key":"Bottled Lightning"},{"floor":29.0,"key":"Blood Vial"},{"floor":30.0,"key":"Pen Nib"},{"floor":40.0,"key":"Regal Pillow"},{"floor":41.0,"key":"Mummified Hand"},{"floor":42.0,"key":"Anchor"},{"floor":43.0,"key":"Pocketwatch"},{"floor":45.0,"key":"The Courier"},{"floor":46.0,"key":"Eternal Feather"},{"floor":48.0,"key":"Omamori"},{"floor":54,"key":"Ornamental Fan"}],"event_choices":[{"damage_healed":24.0,"max_hp_gain":0.0,"max_hp_loss":70.0,"gold_gain":0.0,"event_name":"betterThird:BetterShining","player_choice":"Embrace","floor":2.0,"gold_loss":0.0,"damage_taken":0.0},{"damage_healed":0.0,"max_hp_gain":0.0,"max_hp_loss":0.0,"gold_gain":0.0,"event_name":"Living Wall","player_choice":"Grow","floor":4.0,"gold_loss":0.0,"damage_taken":0.0,"cards_upgraded":["Secret Technique"]},{"damage_healed":0.0,"max_hp_gain":0.0,"max_hp_loss":0.0,"gold_gain":0.0,"event_name":"Golden Idol","player_choice":"Take Wound","floor":14.0,"gold_loss":0.0,"damage_taken":0.0,"relics_obtained":["Golden Idol"],"cards_obtained":["Injury"]},{"damage_healed":0.0,"max_hp_gain":0.0,"max_hp_loss":0.0,"gold_gain":0.0,"event_name":"Ghosts","player_choice":"Ignored","floor":24.0,"gold_loss":0.0,"damage_taken":0.0},{"cards_removed":["Venomology"],"damage_healed":0.0,"max_hp_gain":10.0,"max_hp_loss":0.0,"gold_gain":0.0,"event_name":"Bonfire Elementals","player_choice":"Offered Rare","floor":25.0,"gold_loss":0.0,"damage_taken":0.0},{"damage_healed":0.0,"max_hp_gain":87.0,"max_hp_loss":63.0,"gold_gain":0.0,"event_name":"betterAltar:BetterAltar","player_choice":" GoldIdol Vial ","floor":27.0,"potions_obtained":[],"relics_lost":["Golden Idol"],"gold_loss":0.0,"damage_taken":24.0,"relics_obtained":["Bloody Idol","Blood Vial"]},{"damage_healed":0.0,"max_hp_gain":0.0,"max_hp_loss":0.0,"gold_gain":0.0,"event_name":"Tomb of Lord Red Mask","player_choice":"Paid","floor":37.0,"gold_loss":18.0,"damage_taken":0.0,"relics_obtained":["Red Mask"]},{"damage_healed":0.0,"max_hp_gain":0.0,"max_hp_loss":0.0,"gold_gain":3.0,"event_name":"betterStone:BetterStone","player_choice":"1","floor":39.0,"gold_loss":0.0,"damage_taken":0.0},{"damage_healed":0.0,"max_hp_gain":0.0,"max_hp_loss":0.0,"gold_gain":0.0,"event_name":"Winding Halls","player_choice":"Embrace Madness","floor":44.0,"gold_loss":0.0,"damage_taken":12.0,"cards_obtained":["Madness","Madness"]}],"is_beta":false,"boss_relics":[{"not_picked":["Calling Bell","Velvet Choker"],"picked":"Pandora\u0027s Box"},{"not_picked":["Astrolabe","Black Star"],"picked":"Busted Crown"}],"items_purged_floors":[0,0,0,21,21,21,21,21,21,21,21,21,21,21,21,36,36,36,36,36,36],"is_endless":false,"potions_floor_spawned":[1,5,7,8,16,22,28,30,33,40,45,46,47],"ascension_level":3}}