{"host":"0vd2boh2oi7jm085","time":1612315115,"event":{"mods":["BaseMod","Colored Map","Colored Powertips","Highlight Path","Minty Spire (QoL Compilation)","Quick Restart","StSLib","The IronCluck"],"gold_per_floor":[115,115,132,132,148,148,168,188,235,266,98,111,111,111,111,190,190,205,128,128,140,140,140,152,67,67,80,80,80,98,123,123,123,123],"floor_reached":33,"language":"ENG","playtime":673,"items_purged":[],"score":525,"play_id":"8b45c9e9-1cef-4c6c-89aa-063164ab929e","local_time":"20210202171835","is_ascension_mode":true,"campfire_choices":[{"data":"Carnage","floor":6.0,"key":"SMITH"},{"floor":15.0,"key":"REST"},{"floor":23.0,"key":"REST"},{"floor":29.0,"key":"REST"},{"floor":32,"key":"REST"}],"circlet_count":0,"master_deck":["AscendersBane","Strike_R","Strike_R+1","Strike_R","Strike_R","Strike_R+1","Defend_R","Defend_R","Defend_R","Defend_R","Bash","Carnage+1","Cleave","Demon Form+1","Anger","Inflame","Carnage+1","Wild Strike+1","Shockwave"],"relics":["Burning Blood","Whetstone","Matryoshka","Bag of Marbles","Velvet Choker","Oddly Smooth Stone","Potion Belt","Letter Opener","Blood Vial"],"acts_visited":["TheCity"],"potions_floor_usage":[31,33],"damage_taken":[{"damage":0.0,"enemies":"Small Slimes","floor":1.0,"turns":3.0},{"damage":2.0,"enemies":"Cultist","floor":3.0,"turns":4.0},{"damage":7.0,"enemies":"Jaw Worm","floor":5.0,"turns":3.0},{"damage":12.0,"enemies":"Looter","floor":7.0,"turns":3.0},{"damage":7.0,"enemies":"Lots of Slimes","floor":8.0,"turns":3.0},{"damage":35.0,"enemies":"3 Sentries","floor":10.0,"turns":6.0},{"damage":0.0,"enemies":"Blue Slaver","floor":12.0,"turns":1.0},{"damage":50.0,"enemies":"Hexaghost","floor":16.0,"turns":9.0},{"damage":38.0,"enemies":"Spheric Guardian","floor":18.0,"turns":5.0},{"damage":27.0,"enemies":"Shell Parasite","floor":21.0,"turns":3.0},{"damage":0.0,"enemies":"3 Cultists","floor":22.0,"turns":1.0},{"damage":23.0,"enemies":"Snecko","floor":24.0,"turns":4.0},{"damage":0.0,"enemies":"Cultist and Chosen","floor":27.0,"turns":4.0},{"damage":0.0,"enemies":"Snake Plant","floor":30.0,"turns":1.0},{"damage":65,"enemies":"Gremlin Leader","floor":31,"turns":5},{"damage":53,"enemies":"Collector","floor":33,"turns":5}],"seed_played":"-5364752845768231478","potions_obtained":[{"floor":3.0,"key":"Energy Potion"},{"floor":5.0,"key":"SkillPotion"},{"floor":12.0,"key":"LiquidBronze"},{"floor":16.0,"key":"Energy Potion"},{"floor":18.0,"key":"SmokeBomb"},{"floor":24.0,"key":"DistilledChaos"},{"floor":27.0,"key":"BloodPotion"}],"is_trial":false,"path_per_floor":["M","$","M","?","M","R","M","M","T","E","$","M","?","$","R","B",null,"M","$","?","M","M","R","M","?","T","M","?","R","M","E","R","B"],"character_chosen":"IRONCLAD","items_purchased":["Bag of Marbles","Inflame"],"campfire_rested":4,"item_purchase_floors":[11,19],"current_hp_per_floor":[74,74,75,75,74,74,68,67,67,38,38,44,44,44,66,22,62,30,30,30,9,15,37,20,20,20,26,26,48,54,10,32,0,0],"gold":123,"neow_bonus":"THREE_CARDS","is_daily":false,"chose_seed":false,"campfire_upgraded":1,"win_rate":0.0,"timestamp":1612315115,"path_taken":["M","$","M","?","?","R","M","M","T","E","$","M","?","$","R","BOSS","M","$","?","M","M","R","?","?","T","M","?","R","?","E","R","BOSS"],"items_purchased_type":["Relic","Card"],"build_version":"2020-12-22","purchased_purges":0,"victory":false,"max_hp_per_floor":[75,75,75,75,75,75,75,75,75,75,75,75,75,75,75,75,75,75,75,75,75,75,75,75,75,75,75,75,75,75,75,75,75,75],"card_choices":[{"not_picked":["Warcry","Reckless Charge"],"picked":"Carnage","floor":0.0},{"not_picked":["Shrug It Off","Rupture","Armaments"],"picked":"SKIP","floor":1.0},{"not_picked":["Reckless Charge","Perfected Strike"],"picked":"Cleave","floor":3.0},{"not_picked":["Reckless Charge","Armaments","Cleave"],"picked":"SKIP","floor":5.0},{"not_picked":["Uppercut","Disarm","Rage"],"picked":"SKIP","floor":7.0},{"not_picked":["Pommel Strike","Iron Wave","Hemokinesis"],"picked":"SKIP","floor":8.0},{"not_picked":["Combust","Evolve","Dropkick"],"picked":"SKIP","floor":10.0},{"not_picked":["Combust","Pommel Strike","Infernal Blade"],"picked":"SKIP","floor":12.0},{"not_picked":["Brutality","Bludgeon"],"picked":"Demon Form","floor":16.0},{"not_picked":["Iron Wave","Thunderclap"],"picked":"Anger","floor":18.0},{"not_picked":["Shrug It Off","Power Through","Uppercut"],"picked":"SKIP","floor":21.0},{"not_picked":["Body Slam","Battle Trance+1","Thunderclap"],"picked":"SKIP","floor":24.0},{"not_picked":["Sever Soul","Body Slam"],"picked":"Wild Strike+1","floor":27.0},{"not_picked":["Armaments+1","Warcry","Spot Weakness"],"picked":"SKIP","floor":30.0},{"not_picked":["Body Slam","Warcry"],"picked":"Shockwave","floor":31}],"player_experience":115516,"relics_obtained":[{"floor":9.0,"key":"Whetstone"},{"floor":10.0,"key":"Matryoshka"},{"floor":26.0,"key":"Potion Belt"},{"floor":26.0,"key":"Letter Opener"},{"floor":31,"key":"Blood Vial"}],"event_choices":[{"damage_healed":0.0,"max_hp_gain":0.0,"max_hp_loss":0.0,"gold_gain":0.0,"event_name":"Transmorgrifier","player_choice":"Ignored","floor":4.0,"gold_loss":0.0,"damage_taken":0.0},{"damage_healed":0.0,"max_hp_gain":0.0,"max_hp_loss":0.0,"gold_gain":0.0,"event_name":"Shining Light","player_choice":"Ignored","floor":13.0,"gold_loss":0.0,"damage_taken":0.0},{"damage_healed":0.0,"max_hp_gain":0.0,"max_hp_loss":0.0,"gold_gain":0.0,"event_name":"Duplicator","player_choice":"Copied","floor":20.0,"gold_loss":0.0,"damage_taken":0.0,"cards_obtained":["Carnage"]},{"damage_healed":0.0,"max_hp_gain":0.0,"max_hp_loss":0.0,"gold_gain":0.0,"event_name":"Addict","player_choice":"Obtained Relic","floor":25.0,"gold_loss":85.0,"damage_taken":0.0,"relics_obtained":["Oddly Smooth Stone"]},{"damage_healed":0.0,"max_hp_gain":0.0,"max_hp_loss":0.0,"gold_gain":0.0,"event_name":"Accursed Blacksmith","player_choice":"Forge","floor":28.0,"gold_loss":0.0,"damage_taken":0.0,"cards_upgraded":["Demon Form"]}],"is_beta":false,"boss_relics":[{"not_picked":["SacredBark","Runic Dome"],"picked":"Velvet Choker"}],"items_purged_floors":[],"is_endless":false,"potions_floor_spawned":[3,5,12,16,18,24,27],"killed_by":"Collector","ascension_level":19}}