{"host":"v380u9jqfq8325l5","time":1612317861,"event":{"mods":["BaseMod","Bestiary","BetterRewards","Colored Map","Colored Powertips","Curses Come First","Evolution","Halation","Hubris","Infinite Spire","Minty Spire (QoL Compilation)","Reliquary","Spire Arcade","StSLib","SuperFastMode"],"gold_per_floor":[116,391,38,56,73,98,21,56,81,91,91,91],"floor_reached":11,"language":"ENG","playtime":296,"items_purged":["Regret"],"score":87,"play_id":"706dc26f-5671-49ec-a8c7-37b50fb767f1","local_time":"20210203050421","is_ascension_mode":true,"campfire_choices":[],"circlet_count":0,"master_deck":["Pommel Strike","Pommel Strike","Strike_R","Strike_R","Strike_R","Defend_R","Defend_R","Defend_R","Defend_R","Bash","Ghostly Armor","Spot Weakness","Spot Weakness"],"relics":["Burning Blood","Membership Card","Eternal Feather","reliquary:Crutches","halation:Thesaurus","Ring of the Snake","Mercury Hourglass","infinitespire:PuzzleCube"],"acts_visited":["Exordium"],"potions_floor_usage":[],"damage_taken":[{"damage":3,"enemies":"Jaw Worm","floor":1,"turns":3},{"damage":6,"enemies":"Cultist","floor":4,"turns":3},{"damage":0,"enemies":"2 Louse","floor":5,"turns":2},{"damage":20,"enemies":"Gremlin Nob","floor":6,"turns":4},{"damage":54,"enemies":"Lagavulin","floor":8,"turns":8},{"damage":12,"enemies":"Blue Slaver","floor":10,"turns":3},{"damage":21,"enemies":"Gremlin Nob","floor":11,"turns":4}],"seed_played":"565285905143270947","potions_obtained":[{"floor":8,"key":"ColorlessPotion"}],"is_trial":false,"path_per_floor":["M","?","$","M","M","E","$","E","T","M","E"],"character_chosen":"IRONCLAD","items_purchased":["Membership Card","Eternal Feather","halation:Thesaurus"],"campfire_rested":0,"item_purchase_floors":[3,3,7],"current_hp_per_floor":[88,88,88,88,88,74,74,26,26,20,0,0],"gold":91,"neow_bonus":"TEN_PERCENT_HP_BONUS","is_daily":false,"chose_seed":false,"campfire_upgraded":0,"win_rate":0.0,"timestamp":1612317861,"path_taken":["M","?","$","M","M","E","$","E","T","?","E"],"items_purchased_type":["Relic","Relic","Relic"],"build_version":"2020-12-22","purchased_purges":1,"victory":false,"max_hp_per_floor":[88,88,88,88,88,88,88,88,88,88,88,88],"card_choices":[{"not_picked":["Anger","Warcry","Combust"],"picked":"SKIP","floor":1},{"not_picked":["hubris:ReadiedAction","Warcry","Dropkick"],"picked":"SKIP","floor":4},{"not_picked":["Sword Boomerang","Flex"],"picked":"Ghostly Armor","floor":5},{"not_picked":["Juggernaut","Berserk"],"picked":"Spot Weakness","floor":6},{"not_picked":["True Grit","Combust"],"picked":"Spot Weakness","floor":8},{"not_picked":["Warcry","Pommel Strike","Rupture"],"picked":"SKIP","floor":10}],"player_experience":215100,"relics_obtained":[{"floor":6,"key":"reliquary:Crutches"},{"floor":8,"key":"Mercury Hourglass"},{"floor":9,"key":"infinitespire:PuzzleCube"}],"event_choices":[{"damage_healed":0,"gold_gain":275,"player_choice":"Desecrate","damage_taken":0,"max_hp_gain":0,"max_hp_loss":0,"event_name":"Golden Shrine","floor":2,"gold_loss":0,"cards_obtained":["Regret"]}],"is_beta":false,"boss_relics":[],"items_purged_floors":[3],"is_endless":false,"potions_floor_spawned":[8],"killed_by":"Gremlin Nob","ascension_level":1}}