{"host":"px2oznrenyeljk7o","time":1612388121,"event":{"mods":["100% Spire Juice","2.2 Compatiblity","A Penny For Your Troubles","AchievementEnabler","Act Like it!","Arknights","Aspiration","Astrologer","BaseMod","Better Altar","Better Match","Better Note","Better Sensory Stone","Better Skull","Better Third Choice","BetterRewards","Bossed Relics","ChefMod","Colored Map","Conspire","Curses Come First","Elementarium","Energized Spire","Evolution","Fireblade Mod","Fox Events","Gensokyo","GifTheSpireLib","GungeonMod","Hallownest","Hermit","KinomotoSakuraMod(????)","Koishi","LagranYue(???·?)","Lobotomy","LobotomyExtend","Luminous","Marisa????????","Menagerie","Minty Spire (QoL Compilation)","Nova Terra(??·??)","Poor People Problems","Potionbrewer","Random Character Button","Rare Cards Sparkle","Reimu??????","Reliquary","Replay The Spire","Robot Space Explorer","Shade Mod","Small Relic Pack","Somnambulant","Spicy Shops","StSLib","Stuff the Spire","The Administrix","The Alterego","The Animator","The Blackbeard","The Blue Laboratory","The Bug Knight","The Clintock","The Construct","The Cursed","The Death Knight","The Disciple","The Florist","The Gatherer","The Hayseed","The Hierophant","The Jungle","The Marked","The Mystic","The Runesmith","The Servant 0.9.4","The Trickster","TheFirefly","TheSurvivalist","TheWitcher","WarShipGirlsR/????R mod","Wide Potions","Yakumo Yukari mod","Yuri Mod","everything is the same but u backflip on backflip","slay the spire mod where everything is the same but ironclad has a cowboy hat","??????REMEMod"],"gold_per_floor":[278,291,307,324,324,324,2,2,83,103,117,117,128,128,128,232,232,245,7,18,18,18],"floor_reached":21,"language":"ENG","playtime":1726,"items_purged":[],"score":323,"play_id":"e89b0ca4-be66-4af5-821b-6180fe5b5463","local_time":"20210203223521","is_ascension_mode":false,"campfire_choices":[{"floor":6.0,"key":"REST"},{"floor":8.0,"key":"REST"},{"floor":15.0,"key":"REST"}],"circlet_count":0,"master_deck":["DC","Strike_MRS","Strike_MRS","Strike_MRS","Defend_MRS","Defend_MRS","Defend_MRS","Defend_MRS","MasterSpark","UpSweep","somnambulantmod: Narcolepsy","GalacticHalo","PulseMagic","StarBarrage","PowerUp","EnergyFlow","Poisoned Strike","SprinkleStarSeal","DeepEcoloBomb","AsteroidBelt","MillisecondPulsars","SuperPerseids+1","PropBag","MysteriousBeam","PowerUp"],"relics":["MiniHakkero","EVO:Axolotl","REME_ComplimentaryCards","LagranYue:RandomDrawCardRelic","LetterFromLob","relicPack:DSword","potionbrewer:MortarAndPestle","reliquary:WritOfMandamus","StuffTheSpire:Experiment12","Sundial"],"acts_visited":["Exordium","TheCity"],"potions_floor_usage":[16,18,21],"damage_taken":[{"damage":0.0,"enemies":"Cultist","floor":1.0,"turns":4.0},{"damage":3.0,"enemies":"2 Louse","floor":2.0,"turns":2.0},{"damage":0.0,"enemies":"conspire:RoseBush","floor":3.0,"turns":3.0},{"damage":8.0,"enemies":"Exordium Thugs","floor":4.0,"turns":4.0},{"damage":6.0,"enemies":"Blue Slaver","floor":10.0,"turns":3.0},{"damage":12.0,"enemies":"Large Slime","floor":11.0,"turns":6.0},{"damage":21.0,"enemies":"Lots of Slimes","floor":13.0,"turns":5.0},{"damage":0,"enemies":"Slime Boss","floor":16,"turns":9},{"damage":51,"enemies":"conspire:FuzzyDice","floor":18,"turns":4},{"damage":11,"enemies":"Shell Parasite","floor":20,"turns":4},{"damage":15,"enemies":"3 Cultists","floor":21,"turns":2}],"seed_played":"-4702208545103683094","potions_obtained":[{"floor":1.0,"key":"potionbrewer:BarricadePotion"},{"floor":3.0,"key":"ZuzhouPotion:ReiMu"},{"floor":13.0,"key":"blueLaboratory:LouseDecoction"},{"floor":16,"key":"PanachePotion"},{"floor":20,"key":"blueLaboratory:PhilterOfMotion"}],"is_trial":false,"path_per_floor":["M","M","M","M","?","R","$","R","T","M","M","?","M","T","R","B",null,"M","$","M","M"],"character_chosen":"MARISA","items_purchased":["EnergyFlow","Poisoned Strike","PropBag","StuffTheSpire:Experiment12","MysteriousBeam"],"campfire_rested":3,"item_purchase_floors":[7,7,19,19,19],"current_hp_per_floor":[75,72,72,64,29,51,51,73,73,67,55,63,42,42,64,64,75,24,24,13,0,0],"gold":18,"neow_bonus":"","is_daily":false,"chose_seed":false,"campfire_upgraded":0,"win_rate":0.0,"timestamp":1612388121,"path_taken":["M","M","M","M","?","R","$","R","T","M","M","?","?","?","R","BOSS","M","$","M","M"],"items_purchased_type":["Card","Card","Card","Relic","Card"],"build_version":"2020-12-22","purchased_purges":0,"victory":false,"max_hp_per_floor":[75,75,75,75,75,75,75,75,75,75,75,75,75,75,75,75,75,75,75,75,75,75],"card_choices":[{"not_picked":["OpenUniverse","SporeBomb"],"picked":"GalacticHalo","floor":1.0},{"not_picked":["GasGiant","IllusionStar"],"picked":"PulseMagic","floor":2.0},{"not_picked":["SprinkleStarSeal","EventHorizon"],"picked":"StarBarrage","floor":3.0},{"not_picked":["MysteriousBeam","LuminesStrike"],"picked":"PowerUp","floor":4.0},{"not_picked":["WitchLeyline","SatelliteIllusion"],"picked":"SprinkleStarSeal","floor":10.0},{"not_picked":["GrandCross","PowerUp"],"picked":"DeepEcoloBomb","floor":11.0},{"not_picked":["JA","MilkyWay"],"picked":"AsteroidBelt","floor":13.0},{"not_picked":["BinaryStars","BlazingStar"],"picked":"MillisecondPulsars","floor":16},{"not_picked":["UnstableBomb","DoubleSpark"],"picked":"SuperPerseids+1","floor":18},{"not_picked":["AsteroidBelt","IllusionStar+1"],"picked":"PowerUp","floor":20}],"player_experience":592445,"relics_obtained":[{"floor":1.0,"key":"LetterFromLob"},{"floor":9.0,"key":"potionbrewer:MortarAndPestle"}],"event_choices":[],"is_beta":false,"boss_relics":[{"not_picked":["relicPack:ShieldShield","Sozu"],"picked":"reliquary:WritOfMandamus"}],"items_purged_floors":[],"is_endless":false,"potions_floor_spawned":[1,3,13,16,20],"killed_by":"3 Cultists","ascension_level":0}}