{"host":"6pfj0wha12yu6wq3","time":1612392429,"event":{"mods":["AchievementEnabler","BaseMod","Colored Map","Colored Powertips","Curses Come First","DeckTracker","Minty Spire (QoL Compilation)","RNG Fix","Relic Sorter","Relic Stats","StSLib","UnlockEverythingMod","ojb\u0027s Better Paths Mod","ojb\u0027s Info Mod"],"gold_per_floor":[110,128,128,148,165,195,195,195,195,10,49,77,77,112,112,198,288,304,327,327,370,396,435,435,451,451,468,418,128,163,186,186,274,274,299,218,235,286,295,331,331,369,378,405,426,460,483,536,548,560,572,584,596,3,37,37],"floor_reached":57,"language":"ENG","playtime":4942,"items_purged":["Masterful Stab","Masterful Stab","Decay"],"score":3281,"play_id":"f915a204-06ff-4a9c-af2a-58b5eb819557","local_time":"20210203174709","is_ascension_mode":true,"campfire_choices":[{"data":"All Out Attack","floor":7.0,"key":"SMITH"},{"data":"Panache","floor":13.0,"key":"SMITH"},{"floor":15.0,"key":"REST"},{"data":"Phantasmal Killer","floor":32.0,"key":"SMITH"},{"data":"Wraith Form v2","floor":41.0,"key":"SMITH"},{"floor":49.0,"key":"RECALL"},{"floor":53.0,"key":"REST"}],"circlet_count":0,"master_deck":["AscendersBane","Survivor+1","Neutralize+1","All Out Attack+1","Infinite Blades","Slice","Panache+1","Tools of the Trade","Underhanded Strike","Adrenaline+1","Eviscerate","Bane","Expertise","Flying Knee","Prepared","Leg Sweep","Endless Agony","Night Terror","Crippling Poison","Backstab","Tools of the Trade","Heel Hook","Terror","Phantasmal Killer+1","Acrobatics+1","Wraith Form v2+1","Cloak And Dagger+1","Tactician","Leg Sweep","Leg Sweep","Clumsy","Purity","Purity","Panacea","Reflex+1","Tactician+1","Eviscerate+1"],"relics":["Ring of the Snake","InkBottle","Nunchaku","Happy Flower","Tiny Chest","Toy Ornithopter","Torii","CeramicFish","Vajra","Pandora\u0027s Box","Red Mask","Dead Branch","Smiling Mask","War Paint","Strawberry","Cursed Key","TungstenRod","Tough Bandages","WingedGreaves","Akabeko","MawBank","Molten Egg 2","Bronze Scales","Pocketwatch"],"acts_visited":["Exordium","TheCity","TheBeyond","TheEnding"],"potions_floor_usage":[56],"damage_taken":[{"damage":3.0,"enemies":"Cultist","floor":1.0,"turns":5.0},{"damage":1.0,"enemies":"Jaw Worm","floor":2.0,"turns":4.0},{"damage":0.0,"enemies":"Small Slimes","floor":4.0,"turns":2.0},{"damage":4.0,"enemies":"Exordium Wildlife","floor":5.0,"turns":4.0},{"damage":23.0,"enemies":"Lagavulin","floor":6.0,"turns":8.0},{"damage":2.0,"enemies":"3 Sentries","floor":11.0,"turns":4.0},{"damage":2.0,"enemies":"2 Fungi Beasts","floor":12.0,"turns":3.0},{"damage":19.0,"enemies":"Gremlin Nob","floor":14.0,"turns":4.0},{"damage":21.0,"enemies":"The Guardian","floor":16.0,"turns":14.0},{"damage":7.0,"enemies":"Shell Parasite","floor":18.0,"turns":2.0},{"damage":0.0,"enemies":"Masked Bandits","floor":21.0,"turns":2.0},{"damage":0.0,"enemies":"3 Byrds","floor":22.0,"turns":3.0},{"damage":20.0,"enemies":"Book of Stabbing","floor":23.0,"turns":4.0},{"damage":0.0,"enemies":"Snake Plant","floor":25.0,"turns":1.0},{"damage":8.0,"enemies":"Snecko","floor":27.0,"turns":4.0},{"damage":0.0,"enemies":"Slavers","floor":30.0,"turns":1.0},{"damage":6.0,"enemies":"Centurion and Healer","floor":31.0,"turns":2.0},{"damage":17.0,"enemies":"Automaton","floor":33.0,"turns":5.0},{"damage":12.0,"enemies":"3 Darklings","floor":35.0,"turns":4.0},{"damage":0.0,"enemies":"3 Shapes","floor":37.0,"turns":1.0},{"damage":38.0,"enemies":"2 Orb Walkers","floor":38.0,"turns":4.0},{"damage":0.0,"enemies":"Giant Head","floor":40.0,"turns":4.0},{"damage":0.0,"enemies":"Reptomancer","floor":42.0,"turns":4.0},{"damage":0.0,"enemies":"Writhing Mass","floor":45.0,"turns":5.0},{"damage":0.0,"enemies":"Giant Head","floor":46.0,"turns":4.0},{"damage":0.0,"enemies":"Spire Growth","floor":47.0,"turns":3.0},{"damage":0.0,"enemies":"Nemesis","floor":48.0,"turns":7.0},{"damage":6.0,"enemies":"Awakened One","floor":50.0,"turns":8.0},{"damage":0.0,"enemies":"Time Eater","floor":51.0,"turns":13.0},{"damage":0.0,"enemies":"Shield and Spear","floor":55.0,"turns":4.0},{"damage":39,"enemies":"The Heart","floor":56,"turns":11}],"seed_played":"3306451944821315509","potions_obtained":[{"floor":2.0,"key":"Ancient Potion"},{"floor":5.0,"key":"Block Potion"},{"floor":11.0,"key":"SteroidPotion"},{"floor":12.0,"key":"DuplicationPotion"},{"floor":16.0,"key":"PowerPotion"},{"floor":23.0,"key":"Swift Potion"},{"floor":25.0,"key":"Poison Potion"},{"floor":33.0,"key":"SteroidPotion"},{"floor":40.0,"key":"Dexterity Potion"},{"floor":47.0,"key":"LiquidMemories"},{"floor":48.0,"key":"FairyPotion"}],"is_trial":false,"path_per_floor":["M","M","?","M","M","E","R","T","T","$","E","M","R","E","R","B",null,"M","T","?","?","M","E","T","M","T","M","?","$","E","M","R","B",null,"M","$","M","?","T","E","R","E","T","?","M","E","M","E","R","B","B",null,"R","$","E","B",null],"character_chosen":"THE_SILENT","items_purchased":["Panache","Terror","War Paint","Tactician","Bronze Scales","Eviscerate+1","Pocketwatch"],"campfire_rested":2,"item_purchase_floors":[10,29,29,36,54,54,54],"current_hp_per_floor":[56,55,55,55,51,28,28,28,28,28,26,24,24,5,24,8,52,45,45,45,50,50,30,30,35,35,27,27,27,34,33,33,16,59,47,47,47,14,14,14,14,14,14,5,10,10,10,10,10,4,4,56,73,73,73,39],"gold":37,"neow_bonus":"UPGRADE_CARD","is_daily":false,"chose_seed":false,"campfire_upgraded":4,"win_rate":0.0,"timestamp":1612392429,"path_taken":["M","?","?","M","M","E","R","?","T","?","E","?","R","E","R","BOSS","M","?","?","?","?","E","?","M","T","M","?","?","E","M","R","BOSS","M","$","M","?","?","E","R","E","T","?","M","E","?","E","R","BOSS","BOSS","R","$","E","BOSS"],"items_purchased_type":["Card","Card","Relic","Card","Relic","Card","Relic"],"build_version":"2020-12-22","purchased_purges":3,"victory":true,"max_hp_per_floor":[66,66,66,66,66,66,66,66,66,66,66,66,66,66,66,66,66,66,66,66,66,66,66,66,66,66,66,66,66,73,73,73,73,73,73,73,73,73,73,73,73,73,73,73,73,73,73,73,73,73,73,73,73,73,73,73],"relic_stats":{"Happy Flower":[28],"Torii":40,"counters":[31,144],"CeramicFish":288,"Dead Branch":[234],"War Paint":["Adrenaline","Survivor"],"Smiling Mask":150,"Cursed Key":2,"MawBank":96,"Nunchaku":[15],"Tough Bandages":[453],"Bronze Scales":[162],"Tiny Chest":3,"Pandora\u0027s Box":["Eviscerate","Bane","Expertise","Flying Knee","Masterful Stab","Prepared","Leg Sweep","Endless Agony","Night Terror","Crippling Poison"],"obtain_stats":[{"Torii":9,"Happy Flower":23,"CeramicFish":11,"Dead Branch":24,"Vajra":14,"War Paint":29,"Smiling Mask":26,"Cursed Key":34,"MawBank":46,"Akabeko":42,"Tough Bandages":39,"Nunchaku":43,"Strawberry":30,"Bronze Scales":54,"Tiny Chest":6,"Pandora\u0027s Box":17,"Molten Egg 2":48,"WingedGreaves":40,"Red Mask":21,"Toy Ornithopter":8,"TungstenRod":38,"InkBottle":55,"Ring of the Snake":0,"Pocketwatch":54},{"Torii":5,"Happy Flower":13,"CeramicFish":6,"Dead Branch":13,"Vajra":8,"War Paint":15,"Smiling Mask":14,"Cursed Key":18,"MawBank":25,"Akabeko":23,"Tough Bandages":21,"Nunchaku":23,"Strawberry":16,"Bronze Scales":29,"Tiny Chest":5,"Pandora\u0027s Box":9,"Molten Egg 2":27,"WingedGreaves":22,"Red Mask":11,"Toy Ornithopter":5,"TungstenRod":21,"InkBottle":30,"Ring of the Snake":0,"Pocketwatch":29},{"Torii":23,"Happy Flower":59,"CeramicFish":27,"Dead Branch":59,"Vajra":34,"War Paint":64,"Smiling Mask":60,"Cursed Key":72,"MawBank":98,"Akabeko":89,"Tough Bandages":81,"Nunchaku":89,"Strawberry":65,"Bronze Scales":129,"Tiny Chest":23,"Pandora\u0027s Box":48,"Molten Egg 2":108,"WingedGreaves":85,"Red Mask":52,"Toy Ornithopter":23,"TungstenRod":81,"InkBottle":133,"Ring of the Snake":0,"Pocketwatch":129}],"InkBottle":[5],"Toy Ornithopter":35,"TungstenRod":59,"Ring of the Snake":[64],"Pocketwatch":[12]},"card_choices":[{"not_picked":["Quick Slash","Prepared"],"picked":"All Out Attack","floor":1.0},{"not_picked":["Sucker Punch","All Out Attack","Outmaneuver"],"picked":"SKIP","floor":2.0},{"not_picked":["Escape Plan","Acrobatics"],"picked":"Masterful Stab","floor":4.0},{"not_picked":["Flechettes","Infinite Blades","Catalyst"],"picked":"SKIP","floor":5.0},{"not_picked":["Flechettes","Catalyst"],"picked":"Infinite Blades","floor":5.0},{"not_picked":["Quick Slash","Flying Knee"],"picked":"Slice","floor":6.0},{"not_picked":["A Thousand Cuts","Outmaneuver"],"picked":"Tools of the Trade","floor":11.0},{"not_picked":["Dash","Poisoned Stab"],"picked":"Underhanded Strike","floor":12.0},{"not_picked":["A Thousand Cuts","Well Laid Plans","Underhanded Strike"],"picked":"SKIP","floor":14.0},{"not_picked":["Bullet Time","Tools of the Trade"],"picked":"Adrenaline","floor":16.0},{"not_picked":["Dodge and Roll","Prepared","Slice"],"picked":"SKIP","floor":18.0},{"not_picked":["Poisoned Stab","Underhanded Strike+1"],"picked":"Backstab","floor":21.0},{"not_picked":["Accuracy","Caltrops"],"picked":"Tools of the Trade","floor":22.0},{"not_picked":["Crippling Poison","Prepared"],"picked":"Heel Hook","floor":23.0},{"not_picked":["Bouncing Flask","Dagger Spray","Outmaneuver"],"picked":"SKIP","floor":25.0},{"not_picked":["Catalyst","Quick Slash","Slice+1"],"picked":"SKIP","floor":27.0},{"not_picked":["Footwork+1","Caltrops"],"picked":"Phantasmal Killer","floor":30.0},{"not_picked":["Tactician","Terror"],"picked":"Acrobatics+1","floor":31.0},{"not_picked":["Corpse Explosion","Grand Finale"],"picked":"Wraith Form v2","floor":33.0},{"not_picked":["Flying Knee","Sucker Punch+1"],"picked":"Cloak And Dagger+1","floor":35.0},{"not_picked":["Underhanded Strike","Prepared","Skewer"],"picked":"SKIP","floor":37.0},{"not_picked":["Dash","Footwork"],"picked":"Leg Sweep","floor":40.0},{"not_picked":["Quick Slash","Deflect"],"picked":"Leg Sweep","floor":42.0},{"not_picked":["HandOfGreed","Metamorphosis"],"picked":"Purity","floor":44.0},{"not_picked":["Blind","Discovery"],"picked":"Purity","floor":44.0},{"not_picked":["Sadistic Nature","Mind Blast"],"picked":"Panacea","floor":44.0},{"not_picked":["All Out Attack","PiercingWail"],"picked":"Reflex+1","floor":45.0},{"not_picked":["Caltrops","Burst","Accuracy"],"picked":"SKIP","floor":46.0},{"not_picked":["Caltrops","Burst","Accuracy"],"picked":"SKIP","floor":46.0},{"not_picked":["Slice","Dagger Spray","Setup"],"picked":"SKIP","floor":47.0},{"not_picked":["Outmaneuver+1","Noxious Fumes"],"picked":"Tactician+1","floor":48.0},{"not_picked":["Poisoned Stab+1","Dodge and Roll","Underhanded Strike+1"],"picked":"SKIP","floor":55.0}],"player_experience":602589,"relics_obtained":[{"floor":6.0,"key":"Tiny Chest"},{"floor":8.0,"key":"Toy Ornithopter"},{"floor":9.0,"key":"Torii"},{"floor":11.0,"key":"CeramicFish"},{"floor":14.0,"key":"Vajra"},{"floor":21.0,"key":"Red Mask"},{"floor":23.0,"key":"Happy Flower"},{"floor":24.0,"key":"Dead Branch"},{"floor":26.0,"key":"Smiling Mask"},{"floor":30.0,"key":"Strawberry"},{"floor":38.0,"key":"TungstenRod"},{"floor":39.0,"key":"Tough Bandages"},{"floor":40.0,"key":"WingedGreaves"},{"floor":42.0,"key":"Akabeko"},{"floor":43.0,"key":"Nunchaku"},{"floor":46.0,"key":"MawBank"},{"floor":48.0,"key":"Molten Egg 2"},{"floor":55.0,"key":"InkBottle"}],"event_choices":[{"damage_healed":0.0,"max_hp_gain":0.0,"max_hp_loss":0.0,"gold_gain":0.0,"event_name":"Liars Game","player_choice":"Ignored","floor":3.0,"gold_loss":0.0,"damage_taken":0.0},{"damage_healed":0.0,"max_hp_gain":0.0,"max_hp_loss":0.0,"gold_gain":0.0,"event_name":"Vampires","player_choice":"Ignored","floor":20.0,"gold_loss":0.0,"damage_taken":0.0},{"damage_healed":0.0,"max_hp_gain":0.0,"max_hp_loss":0.0,"gold_gain":0.0,"event_name":"Masked Bandits","player_choice":"Fought Bandits","floor":21.0,"gold_loss":0.0,"damage_taken":0.0},{"damage_healed":0.0,"max_hp_gain":0.0,"max_hp_loss":0.0,"gold_gain":0.0,"event_name":"The Joust","player_choice":"Bet on Murderer","floor":28.0,"gold_loss":50.0,"damage_taken":0.0},{"damage_healed":0.0,"max_hp_gain":0.0,"max_hp_loss":0.0,"gold_gain":0.0,"event_name":"Mysterious Sphere","player_choice":"Fight","floor":38.0,"gold_loss":0.0,"damage_taken":0.0},{"damage_healed":0.0,"max_hp_gain":0.0,"max_hp_loss":0.0,"gold_gain":0.0,"event_name":"SensoryStone","player_choice":"Memory 3","floor":44.0,"gold_loss":0.0,"damage_taken":10.0}],"is_beta":false,"boss_relics":[{"not_picked":["Sozu","Tiny House"],"picked":"Pandora\u0027s Box"},{"not_picked":["Astrolabe","Busted Crown"],"picked":"Cursed Key"}],"items_purged_floors":[29,36,54],"is_endless":false,"potions_floor_spawned":[2,5,11,12,16,23,25,27,33,35,40,47,48],"ascension_level":20}}