{"host":"Ryley","time":1612372446,"event":{"mods":["BaseMod","Downfall","Minty Spire (QoL Compilation)","StSLib"],"gold_per_floor":[99,113,126,146,146,146,146,146,163,3,0,0,0,17,30,134,134,134,151,165,165,175,175,175,9,109,136,136,153,153,164,178,178,178,178],"floor_reached":33,"language":"ENG","playtime":1580,"items_purged":[],"score":259,"play_id":"d689ebee-ce26-4990-b39d-80b018683caa","local_time":"20210203111406","is_ascension_mode":false,"campfire_choices":[{"data":"sneckomod:QuickMove","floor":18,"key":"SMITH"},{"data":"sneckomod:UnknownClassSLIMEBOUND","floor":23,"key":"SMITH"},{"floor":30,"key":"REST"}],"circlet_count":0,"master_deck":["sneckomod:Strike+1","sneckomod:Strike+1","sneckomod:Strike+1","sneckomod:Defend+1","sneckomod:Defend+1","sneckomod:Defend+1","sneckomod:TailWhip","sneckomod:SnekBite","Swivel","sneckomod:IronFang","sneckomod:QuickMove+1","WreathOfFlame","sneckomod:QuickBite+1","sneckomod:IronFang+1","sneckomod:UnknownRareAttack+1","Brilliance+1","sneckomod:DangerNoodle+1","Thunderclap+1","sneckomod:SlitherStrike+1","sneckomod:UnknownClassSLIMEBOUND+1","Clothesline+1","sneckomod:Nope+1","Dual Wield","sneckomod:SoulCleanse"],"relics":["sneckomod:SuperSneckoSoul","War Paint","Molten Egg 2","White Beast Statue","Happy Flower","Ancient Tea Set","Boot","Shuriken"],"acts_visited":["Exordium","TheCity"],"potions_floor_usage":[16,19,33,33,33],"damage_taken":[{"damage":0,"enemies":"Cultist","floor":2,"turns":4},{"damage":1,"enemies":"Small Slimes","floor":3,"turns":4},{"damage":0,"enemies":"Jaw Worm","floor":4,"turns":4},{"damage":4,"enemies":"Red Slaver","floor":9,"turns":4},{"damage":0,"enemies":"downfall:FleeingMerchant","floor":10,"turns":4},{"damage":2,"enemies":"downfall:FleeingMerchant","floor":11,"turns":4},{"damage":2,"enemies":"Exordium Wildlife","floor":14,"turns":3},{"damage":5,"enemies":"Exordium Thugs","floor":15,"turns":2},{"damage":27,"enemies":"WA_ARCHETYPE_RETAIN","floor":16,"turns":7},{"damage":18,"enemies":"3 Byrds","floor":19,"turns":6},{"damage":0,"enemies":"Snecko","floor":20,"turns":3},{"damage":9,"enemies":"Cultist and Chosen","floor":22,"turns":4},{"damage":0,"enemies":"downfall:FleeingMerchant","floor":25,"turns":4},{"damage":12,"enemies":"Slavers","floor":27,"turns":4},{"damage":7,"enemies":"Sentry and Sphere","floor":29,"turns":2},{"damage":0,"enemies":"Snecko","floor":31,"turns":2},{"damage":15,"enemies":"Shelled Parasite and Fungi","floor":32,"turns":5},{"damage":61,"enemies":"DF_ARCHETYPE_CLAW","floor":33,"turns":6}],"seed_played":"746225843563679814","potions_obtained":[{"floor":2,"key":"SteroidPotion"},{"floor":9,"key":"sneckomod:DiceRollPotion"},{"floor":10,"key":"Dexterity Potion"},{"floor":11,"key":"Fire Potion"},{"floor":16,"key":"PowerPotion"},{"floor":19,"key":"sneckomod:OffclassReductionPotion"},{"floor":27,"key":"PowerPotion"}],"is_trial":false,"path_per_floor":["R","M","M","M","?","?","T","R","M","$","$","?","R","M","M","B",null,"R","M","M","?","M","R","T","$","?","E","?","M","R","M","M","B"],"character_chosen":"THE_SNECKO","items_purchased":["Happy Flower","Boot"],"campfire_rested":1,"item_purchase_floors":[10,25],"current_hp_per_floor":[90,90,89,89,89,89,89,89,85,85,83,83,83,81,76,49,90,90,72,72,72,63,63,63,63,63,55,55,48,76,76,61,0,0,0],"gold":178,"neow_bonus":"RANDOM_COMMON_RELIC","is_daily":false,"chose_seed":false,"campfire_upgraded":2,"win_rate":0.0,"timestamp":1612372446,"path_taken":["R","M","?","M","?","?","T","R","M","?","$","?","R","?","M","BOSS","R","M","M","?","M","R","T","?","?","E","?","M","R","?","M","BOSS"],"items_purchased_type":["Relic","Relic"],"build_version":"2020-12-18","purchased_purges":0,"victory":false,"max_hp_per_floor":[90,90,90,90,90,90,90,90,90,90,90,90,90,90,90,90,90,90,90,90,90,90,90,90,90,90,94,94,94,94,94,94,94,94,94],"card_choices":[{"not_picked":["sneckomod:Unknown1Cost","sneckomod:UnknownCommonSkill"],"picked":"sneckomod:UnknownUncommonSkill","floor":2},{"not_picked":["sneckomod:UnknownDraw","sneckomod:RainOfDice"],"picked":"sneckomod:IronFang","floor":3},{"not_picked":["sneckomod:QuickBite","sneckomod:Rotation"],"picked":"sneckomod:QuickMove","floor":4},{"not_picked":["sneckomod:TrashToTreasure","sneckomod:SoulDraw"],"picked":"sneckomod:QuickBite+1","floor":9},{"not_picked":["sneckomod:UnknownCommonSkill","sneckomod:UnknownBlock"],"picked":"sneckomod:UnknownRareAttack+1","floor":10},{"not_picked":["sneckomod:CheapStock","sneckomod:SerpentMind"],"picked":"sneckomod:IronFang+1","floor":11},{"not_picked":["sneckomod:DiceCrush+1","sneckomod:Rotation"],"picked":"sneckomod:UnknownCommonAttack+1","floor":14},{"not_picked":["sneckomod:Rotation","sneckomod:DiceCrush+1","sneckomod:QuickBite+1"],"picked":"SKIP","floor":15},{"not_picked":["sneckomod:Cheat","sneckomod:Mudshield"],"picked":"sneckomod:DangerNoodle+1","floor":16},{"not_picked":["sneckomod:Unknown2Cost","sneckomod:SerpentIdol"],"picked":"sneckomod:SlitherStrike+1","floor":19},{"not_picked":["sneckomod:DiceCrush+1","sneckomod:Memorize"],"picked":"sneckomod:UnknownWeak","floor":20},{"not_picked":["sneckomod:UnknownClassRED","sneckomod:DiceCrush+1"],"picked":"sneckomod:UnknownClassSLIMEBOUND","floor":22},{"not_picked":["sneckomod:Unknown1Cost","sneckomod:UnknownClassPURPLE","sneckomod:UnknownCommonSkill"],"picked":"SKIP","floor":25},{"not_picked":["sneckomod:DangerNoodle+1","sneckomod:SnekBeam+1","sneckomod:MasterEye+1"],"picked":"SKIP","floor":27},{"not_picked":["sneckomod:UnknownCommonAttack+1","sneckomod:Rotation+1"],"picked":"sneckomod:Nope+1","floor":29},{"not_picked":["sneckomod:DiceBlock","sneckomod:Unknown1Cost","sneckomod:MasterEye"],"picked":"SKIP","floor":31},{"not_picked":["sneckomod:QuickBite+1","sneckomod:UnknownBlock"],"picked":"sneckomod:SoulCleanse","floor":32}],"player_experience":375573,"relics_obtained":[{"floor":7,"key":"White Beast Statue"},{"floor":24,"key":"Ancient Tea Set"},{"floor":27,"key":"Shuriken"}],"event_choices":[{"damage_healed":0,"gold_gain":0,"player_choice":"Ignored","damage_taken":0,"max_hp_gain":0,"max_hp_loss":0,"event_name":"NoteForYourself","floor":21,"gold_loss":0}],"is_beta":true,"boss_relics":[{"not_picked":["Runic Pyramid","Astrolabe"],"picked":"sneckomod:SuperSneckoSoul"}],"items_purged_floors":[],"is_endless":false,"potions_floor_spawned":[2,9,10,11,14,15,16,19,20,22,25,27,29,31,32],"killed_by":"DF_ARCHETYPE_CLAW","ascension_level":0}}