{"host":"y7b1p9nkx4idorr2","time":1612353879,"event":{"mods":["AchievementEnabler","Act Like it!","BaseMod","Colored Map","Downfall","GifTheSpireLib","Googly Eyes","Highlight Path","Mimic Mod","Minty Spire (QoL Compilation)","Shop Mod","Spicy Shops","StSLib","Unceasing Turn Reminder"],"gold_per_floor":[99,99,99,99,109,109,109,181,220,241,141,162,162,188,210,314,314,314,342,342,362,382,0,0,0,9,38,75,75,75,113,139,243,243,143,169,178,21,40,60,87,87,109,129,29,65,65,82,102,102,102,137,37,37,37,37],"floor_reached":57,"language":"ENG","playtime":3531,"items_purged":["bronze:Strike","bronze:Strike"],"score":1274,"play_id":"b5f50cd6-c02f-462d-b381-b70d53e209ae","local_time":"20210203060439","is_ascension_mode":false,"campfire_choices":[{"floor":1,"key":"RECALL"},{"floor":11,"key":"REST"},{"floor":13,"key":"REST"},{"data":"bronze:Iterate","floor":18,"key":"SMITH"},{"data":"bronze:BugBarrage","floor":25,"key":"SMITH"},{"data":"bronze:BugBarrage","floor":30,"key":"SMITH"},{"data":"bronze:ShipIt","floor":35,"key":"SMITH"},{"data":"bronze:MaxOutput","floor":42,"key":"SMITH"},{"data":"expansioncontent:Chronoboost","floor":45,"key":"SMITH"},{"data":"bronze:Repulsor","floor":47,"key":"SMITH"},{"data":"bronze:ThunderWave","floor":54,"key":"SMITH"}],"circlet_count":0,"master_deck":["bronze:Defend","bronze:Defend","bronze:Defend","bronze:Defend","bronze:Replicate","bronze:Goto","bronze:DelayedSlice","bronze:DelayedGuard","bronze:Return","bronze:FineTuning","bronze:Flail","bronze:Overheat","bronze:FollowUp","bronze:Iterate+1","bronze:Iterate","bronze:FineTuning","bronze:ShipIt+1","bronze:ForLoop","bronze:BugBarrage","bronze:BugBarrage+1","bronze:Deprecate","bronze:BugBarrage+1","bronze:MaxOutput+1","bronze:BuggyMess+1","bronze:ChildClass","bronze:Iterate+1","bronze:ThunderWave+1","bronze:ItsAFeature","expansioncontent:Chronoboost+1","bronze:ItsAFeature","bronze:Repulsor+1","bronze:OilSpill+1","bronze:Invalidate+1","bronze:OilSpill","bronze:Shield+1","bronze:Optimize+1","bronze:ClassDefault"],"relics":["bronze:PlatinumCore","downfall:HeartsMalice","CeramicFish","Calipers","Kunai","Gremlin Horn","downfall:HeartBlessingRed","Philosopher\u0027s Stone","PreservedInsect","ClockworkSouvenir","Bronze Scales","hexamod:BolsterEngine","downfall:HeartBlessingGreen","OrangePellets","Bird Faced Urn","bronze:ProtectiveGoggles","downfall:HeartBlessingBlue","Oddly Smooth Stone","Bottled Lightning"],"acts_visited":["Exordium","TheCity","TheBeyond","TheEnding"],"potions_floor_usage":[8,16,23,23,33,43,46,56,56,56],"damage_taken":[{"damage":0,"enemies":"Jaw Worm","floor":2,"turns":1},{"damage":0,"enemies":"Small Slimes","floor":3,"turns":1},{"damage":0,"enemies":"Cultist","floor":4,"turns":1},{"damage":7,"enemies":"Red Slaver","floor":5,"turns":5},{"damage":13,"enemies":"3 Sentries","floor":8,"turns":3},{"damage":9,"enemies":"3 Sentries","floor":9,"turns":4},{"damage":17,"enemies":"Large Slime","floor":10,"turns":3},{"damage":0,"enemies":"2 Fungi Beasts","floor":12,"turns":2},{"damage":0,"enemies":"Blue Slaver","floor":14,"turns":1},{"damage":11,"enemies":"Exordium Thugs","floor":15,"turns":3},{"damage":16,"enemies":"SI_SHIV_ARCHETYPE","floor":16,"turns":6},{"damage":6,"enemies":"Spheric Guardian","floor":19,"turns":3},{"damage":2,"enemies":"Cultist and Chosen","floor":21,"turns":3},{"damage":0,"enemies":"Shelled Parasite and Fungi","floor":22,"turns":3},{"damage":2,"enemies":"downfall:FleeingMerchant","floor":23,"turns":4},{"damage":9,"enemies":"downfall:FleeingMerchant","floor":26,"turns":4},{"damage":7,"enemies":"Centurion and Healer","floor":27,"turns":3},{"damage":0,"enemies":"Gremlin Leader","floor":28,"turns":3},{"damage":23,"enemies":"Slavers","floor":31,"turns":2},{"damage":0,"enemies":"Snake Plant","floor":32,"turns":2},{"damage":1,"enemies":"WA_ARCHETYPE_CALM","floor":33,"turns":5},{"damage":10,"enemies":"Orb Walker","floor":36,"turns":2},{"damage":2,"enemies":"downfall:FleeingMerchant","floor":38,"turns":3},{"damage":25,"enemies":"3 Darklings","floor":39,"turns":4},{"damage":11,"enemies":"Sphere and 2 Shapes","floor":40,"turns":4},{"damage":18,"enemies":"Jaw Worm Horde","floor":43,"turns":3},{"damage":0,"enemies":"Transient","floor":44,"turns":5},{"damage":0,"enemies":"Giant Head","floor":46,"turns":4},{"damage":0,"enemies":"Maw","floor":48,"turns":5},{"damage":0,"enemies":"4 Shapes","floor":49,"turns":3},{"damage":46,"enemies":"DF_ARCHETYPE_ORBS","floor":50,"turns":6},{"damage":1,"enemies":"downfall:CharBossMerchant","floor":52,"turns":4},{"damage":14,"enemies":"downfall:NeowBoss","floor":55,"turns":10},{"damage":79,"enemies":"downfall:NeowBossFinal","floor":56,"turns":7}],"seed_played":"3105453639482134754","potions_obtained":[{"floor":5,"key":"ColorlessPotion"},{"floor":10,"key":"champ:CounterPotion"},{"floor":12,"key":"Swift Potion"},{"floor":15,"key":"Energy Potion"},{"floor":27,"key":"FearPotion"},{"floor":28,"key":"Strength Potion"},{"floor":31,"key":"sneckomod:MuddlingPotion"},{"floor":33,"key":"BlessingOfTheForge"},{"floor":43,"key":"FearPotion"},{"floor":46,"key":"FearPotion"},{"floor":52,"key":"bronze:FreeFunctionsPotion"}],"is_trial":false,"path_per_floor":["R","M","M","M","M","?","T","?","E","M","R","M","R","M","M","B",null,"R","M","?","M","M","$","T","R","$","M","E","?","R","E","M","B",null,"R","M","?","$","M","M","T","R","M","M","R","E","R","M","M","B",null,"E","$","R","B","B",null],"character_chosen":"THE_AUTOMATON","items_purchased":["PreservedInsect","ClockworkSouvenir","bronze:Repulsor","OrangePellets","Bird Faced Urn"],"campfire_rested":2,"item_purchase_floors":[23,23,38,38,38],"current_hp_per_floor":[70,70,70,70,63,45,45,32,23,6,27,27,48,48,37,21,70,70,64,64,62,62,60,60,60,51,44,44,44,44,21,21,20,70,70,60,60,58,41,40,40,40,30,38,48,54,54,64,66,30,80,80,80,80,78,9],"gold":37,"neow_bonus":"THREE_ENEMY_KILL","is_daily":false,"chose_seed":false,"campfire_upgraded":8,"win_rate":0.0,"timestamp":1612353879,"path_taken":["R","M","M","M","M","?","T","?","E","M","R","M","R","M","M","BOSS","R","M","?","M","M","$","T","R","?","?","E","?","R","E","M","BOSS","R","M","?","$","M","M","T","R","M","M","R","E","R","M","M","BOSS","E","$","R","BOSS","BOSS"],"items_purchased_type":["Relic","Relic","Card","Relic","Relic"],"build_version":"2020-12-22","purchased_purges":2,"victory":true,"max_hp_per_floor":[70,70,70,70,70,70,70,70,70,70,70,70,70,70,70,70,70,70,70,70,70,70,70,70,70,70,70,70,70,70,70,70,70,70,70,70,70,70,70,70,70,70,70,70,80,80,80,80,80,80,80,80,80,80,80,80],"card_choices":[{"not_picked":["bronze:CutThrough","bronze:ForLoop"],"picked":"bronze:DelayedSlice","floor":2},{"not_picked":["bronze:BronzeArmor","bronze:WhirlingStrike"],"picked":"bronze:DelayedGuard","floor":3},{"not_picked":["bronze:Overload","bronze:Deprecate"],"picked":"bronze:Return","floor":4},{"not_picked":["bronze:Branch","bronze:HardenedForm"],"picked":"bronze:FineTuning","floor":5},{"not_picked":["bronze:WhirlingStrike","bronze:Deprecate"],"picked":"bronze:Flail","floor":8},{"not_picked":["bronze:Deprecate","bronze:DelayedSlice"],"picked":"bronze:Overheat","floor":9},{"not_picked":["bronze:ItsAFeature","bronze:NullPointer"],"picked":"bronze:FollowUp","floor":10},{"not_picked":["bronze:DelayedGuard","bronze:ForceShield"],"picked":"bronze:Iterate","floor":12},{"not_picked":["bronze:Overheat","bronze:DelayedGuard"],"picked":"bronze:Iterate","floor":14},{"not_picked":["bronze:BronzeArmor","bronze:Turbo"],"picked":"bronze:FineTuning","floor":15},{"not_picked":["bronze:Virus","bronze:HyperBeam"],"picked":"bronze:ShipIt","floor":16},{"not_picked":["bronze:ChildClass","bronze:ChosenStrike"],"picked":"bronze:ForLoop","floor":19},{"not_picked":["bronze:Fortify","bronze:DelayedGuard"],"picked":"bronze:BugBarrage","floor":21},{"not_picked":["bronze:BronzeArmor","bronze:WildBeam"],"picked":"bronze:BugBarrage","floor":22},{"not_picked":["bronze:Branch","bronze:DigitalCarnage"],"picked":"bronze:Deprecate","floor":23},{"not_picked":["bronze:RecursiveStrike","bronze:ForLoop"],"picked":"bronze:BugBarrage","floor":26},{"not_picked":["bronze:DelayedGuard","bronze:Overheat"],"picked":"bronze:MaxOutput","floor":27},{"not_picked":["bronze:OilSpill","bronze:DigitalCarnage"],"picked":"bronze:BuggyMess+1","floor":28},{"not_picked":["bronze:OilSpill","bronze:Repair"],"picked":"bronze:ChildClass","floor":31},{"not_picked":["bronze:Overheat","bronze:ClassDefault+1"],"picked":"bronze:Iterate+1","floor":32},{"not_picked":["bronze:CleanCode","bronze:HardenedForm"],"picked":"bronze:ThunderWave","floor":33},{"not_picked":["bronze:Fortify+1","bronze:CutThrough+1"],"picked":"bronze:ItsAFeature","floor":36},{"not_picked":["expansioncontent:YouAreMine","expansioncontent:LastStand"],"picked":"expansioncontent:Chronoboost","floor":37},{"not_picked":["bronze:CloningBeam","bronze:WhirlingStrike+1"],"picked":"bronze:ItsAFeature","floor":38},{"not_picked":["bronze:Branch+1","bronze:ForceShield","bronze:Backtrace"],"picked":"SKIP","floor":39},{"not_picked":["bronze:CutThrough+1","bronze:BuggyMess"],"picked":"bronze:OilSpill+1","floor":40},{"not_picked":["bronze:CloningBeam","bronze:Safeguard"],"picked":"bronze:Invalidate+1","floor":43},{"not_picked":["bronze:BitShift","bronze:DigitalCarnage+1"],"picked":"bronze:OilSpill","floor":44},{"not_picked":["bronze:DarkDash","bronze:Iterate+1"],"picked":"bronze:Shield+1","floor":46},{"not_picked":["bronze:Frontload","bronze:DarkDash","bronze:FindAndReplace"],"picked":"SKIP","floor":48},{"not_picked":["bronze:BugBarrage","bronze:CutThrough+1"],"picked":"bronze:Optimize+1","floor":49},{"not_picked":["bronze:Branch+1","bronze:Iterate"],"picked":"bronze:ClassDefault","floor":52}],"player_experience":2275696,"relics_obtained":[{"floor":7,"key":"Calipers"},{"floor":8,"key":"Kunai"},{"floor":9,"key":"Gremlin Horn"},{"floor":28,"key":"Bronze Scales"},{"floor":31,"key":"hexamod:BolsterEngine"},{"floor":41,"key":"bronze:ProtectiveGoggles"},{"floor":46,"key":"Oddly Smooth Stone"},{"floor":52,"key":"Bottled Lightning"}],"event_choices":[{"damage_healed":0,"gold_gain":0,"player_choice":"Success","damage_taken":18,"relics_obtained":["CeramicFish"],"max_hp_gain":0,"max_hp_loss":0,"event_name":"Scrap Ooze","floor":6,"gold_loss":0}],"is_beta":false,"boss_relics":[{"not_picked":["Astrolabe","Runic Pyramid"],"picked":"Philosopher\u0027s Stone"},{"not_picked":["Empty Cage","Coffee Dripper"],"picked":"bronze:PlatinumCore"}],"items_purged_floors":[23,53],"is_endless":false,"potions_floor_spawned":[5,10,12,15,27,28,31,32,33,43,44,46,52],"ascension_level":0}}