{"host":"4gr5irrdjh39ysed","time":1612379268,"event":{"mods":["AchievementEnabler","BaseMod","Colored Map","Downfall","Hermit","Minty Spire (QoL Compilation)","Random Character Button","StSLib","The Construct","The Cursed","The Disciple","The Hierophant","The Mystic","The Necromancer","The Runesmith"],"gold_per_floor":[99,99,99,99,99,49,49,49,59,59,86,186,200,264,281,386,386,86,105,123,173,323,385,412,412,462,492,507,527,130,158,172,267,267,267,279,82,93,143,193,216,31,31,44,76,76,136,186,200,200,200,231,73,73,73,73],"floor_reached":57,"language":"ENG","playtime":3364,"items_purged":["hexamod:PowerFromBeyond","Clumsy","hexamod:Hexaguard"],"score":1367,"play_id":"678db9ee-64fa-406a-b06a-46d95b486339","local_time":"20210203120748","is_ascension_mode":true,"campfire_choices":[{"floor":1,"key":"RECALL"},{"data":"hexamod:TimeWarp","floor":18,"key":"SMITH"},{"data":"hexamod:UnlimitedPower","floor":25,"key":"SMITH"},{"data":"hexamod:ForkedFlame","floor":35,"key":"SMITH"},{"data":"hexamod:SearingWound","floor":43,"key":"SMITH"},{"data":"hexamod:Incineration","floor":46,"key":"SMITH"},{"data":"hexamod:HeatCrush","floor":54,"key":"SMITH"}],"circlet_count":0,"master_deck":["hexamod:Sear","hexamod:Float","hexamod:Firestarter","hexamod:ChargedBarrage","hexamod:GhostflameBarrier+1","hexamod:SoulSteal","hexamod:Incineration+1","hexamod:UnlimitedPower+1","hexamod:DynamicBlow+1","hexamod:HeatMetal+1","hexamod:SpectralAdrenaline","hexamod:EmpoweredFlame","hexamod:TimeWarp+1","hexamod:PhantomFireball+1","hexamod:DynamicBlow+1","hexamod:Sear+1","hexamod:VolcanoVisage","Impatience","hexamod:DynamicBlow","hexamod:ThermalTransfer+1","Ghostly","Ghostly","Ghostly+1","hexamod:CouncilsJustice","hexamod:CouncilsJustice","hexamod:CouncilsJustice","hexamod:ThermalTransfer+1","hexamod:GhostOfSpirePast+1","hexamod:Incineration+1","hexamod:HeatMetal+1","expansioncontent:PrepareCrush","hexamod:EmpoweredFlame","hexamod:FastForward+1","hexamod:ForkedFlame+1","hexamod:BacktrackSmack+1","hexamod:SixthSeal","hexamod:SearingWound+1","hexamod:EtherealExpedition+1","hexamod:HeatCrush+1","hexamod:GhostLash+1","hexamod:SoulSteal+1","expansioncontent:LastStand","hexamod:BurningTouch","hexamod:GhostflameBarrier+1","hexamod:Incineration"],"relics":["hexamod:SpiritBrand","downfall:HeartsMalice","downfall:CloakOfManyFaces","CultistMask","FaceOfCleric","NlothsMask","GremlinMask","SsserpentHead","Sozu","downfall:HeartBlessingRed","downfall:HeartBlessingGreen","downfall:HeartBlessingBlue","downfall:RedIOU","downfall:GremlinSack","Ancient Tea Set","Vajra","Eternal Feather","SlaversCollar","Blue Candle","Bag of Marbles","construct:BoolHorns","Mummified Hand","MealTicket","Pen Nib"],"acts_visited":["Exordium","TheCity","TheBeyond","TheEnding"],"potions_floor_usage":[16,55,56],"damage_taken":[{"damage":0,"enemies":"2 Louse","floor":2,"turns":1},{"damage":0,"enemies":"Small Slimes","floor":3,"turns":1},{"damage":0,"enemies":"Cultist","floor":4,"turns":1},{"damage":5,"enemies":"downfall:FleeingMerchant","floor":6,"turns":4},{"damage":24,"enemies":"Exordium Wildlife","floor":9,"turns":4},{"damage":75,"enemies":"Gremlin Nob","floor":11,"turns":6},{"damage":22,"enemies":"downfall:FaceTrader","floor":12,"turns":9},{"damage":27,"enemies":"Exordium Thugs","floor":13,"turns":3},{"damage":8,"enemies":"Large Slime","floor":14,"turns":3},{"damage":8,"enemies":"Exordium Wildlife","floor":15,"turns":4},{"damage":51,"enemies":"WA_ARCHETYPE_RETAIN","floor":16,"turns":7},{"damage":25,"enemies":"Spheric Guardian","floor":19,"turns":4},{"damage":25,"enemies":"Shell Parasite","floor":20,"turns":4},{"damage":18,"enemies":"Shell Parasite","floor":22,"turns":4},{"damage":32,"enemies":"Centurion and Healer","floor":23,"turns":4},{"damage":40,"enemies":"Book of Stabbing","floor":27,"turns":5},{"damage":0,"enemies":"3 Cultists","floor":28,"turns":5},{"damage":1,"enemies":"Snecko","floor":29,"turns":4},{"damage":2,"enemies":"downfall:FleeingMerchant","floor":30,"turns":4},{"damage":41,"enemies":"Gremlin Leader","floor":31,"turns":7},{"damage":1,"enemies":"Snake Plant","floor":32,"turns":3},{"damage":51,"enemies":"DF_ARCHETYPE_CLAW","floor":33,"turns":7},{"damage":0,"enemies":"Orb Walker","floor":36,"turns":2},{"damage":0,"enemies":"downfall:FleeingMerchant","floor":37,"turns":4},{"damage":4,"enemies":"3 Shapes","floor":38,"turns":3},{"damage":0,"enemies":"downfall:FleeingMerchant","floor":42,"turns":1},{"damage":23,"enemies":"Maw","floor":44,"turns":6},{"damage":19,"enemies":"Giant Head","floor":45,"turns":7},{"damage":15,"enemies":"Writhing Mass","floor":47,"turns":3},{"damage":12,"enemies":"Sphere and 2 Shapes","floor":49,"turns":3},{"damage":86,"enemies":"SI_POISON_ARCHETYPE","floor":50,"turns":7},{"damage":156,"enemies":"downfall:CharBossMerchant","floor":52,"turns":9},{"damage":79,"enemies":"downfall:NeowBoss","floor":55,"turns":14},{"damage":207,"enemies":"downfall:NeowBossFinal","floor":56,"turns":10}],"seed_played":"5388410085950362279","potions_obtained":[{"floor":11,"key":"champ:CounterPotion"},{"floor":12,"key":"Strength Potion"},{"floor":13,"key":"Explosive Potion"}],"is_trial":false,"path_per_floor":["R","M","M","M","?","$","T","?","M","?","E","?","M","M","M","B",null,"R","M","M","?","?","M","T","R","?","E","M","M","$","E","M","B",null,"R","M","$","M","?","?","T","$","R","M","E","R","M","?","M","B",null,"E","$","R","B","B",null],"character_chosen":"THE_SPIRIT","items_purchased":["hexamod:Incineration","expansioncontent:PrepareCrush","Vajra","hexamod:EmpoweredFlame","hexamod:SearingWound","construct:BoolHorns","Mummified Hand","hexamod:Incineration"],"campfire_rested":0,"item_purchase_floors":[6,30,30,30,37,42,42,53],"current_hp_per_floor":[2070,2070,2070,2070,2075,2070,2070,2070,2046,2046,1971,1949,1923,1916,1909,1859,2079,2089,2065,2041,2041,2024,1993,1993,1993,1046,1007,1008,1008,1007,967,967,917,1053,1053,1054,1055,1052,1047,1039,1039,1040,1057,1035,1017,1041,1027,1027,1016,931,1062,907,922,949,871,665],"gold":73,"neow_bonus":"THREE_ENEMY_KILL","is_daily":false,"chose_seed":false,"campfire_upgraded":6,"win_rate":0.0,"timestamp":1612379268,"path_taken":["R","M","M","M","?","$","T","?","M","?","E","?","M","?","M","BOSS","R","M","M","?","?","?","T","R","?","E","M","M","$","E","M","BOSS","R","M","$","M","?","?","T","$","R","M","E","R","?","?","M","BOSS","E","$","R","BOSS","BOSS"],"items_purchased_type":["Card","Card","Relic","Card","Card","Relic","Relic","Card"],"build_version":"2020-12-22","purchased_purges":3,"victory":true,"max_hp_per_floor":[2070,2070,2070,2070,2075,2075,2075,2075,2075,2075,2075,2075,2076,2077,2078,2079,2079,2089,2090,2091,2091,2092,2093,2093,2093,1046,1047,1048,1049,1050,1051,1052,1053,1053,1053,1054,1055,1056,1056,1056,1056,1057,1057,1058,1059,1059,1060,1060,1061,1062,1062,1063,1063,1063,1064,1065],"card_choices":[{"not_picked":["hexamod:InspiringFlames","hexamod:AdvancingGuard"],"picked":"hexamod:Firestarter","floor":2},{"not_picked":["hexamod:NightmareStrike","hexamod:PhantomFireball"],"picked":"hexamod:ChargedBarrage","floor":3},{"not_picked":["hexamod:InspiringFlames","hexamod:ShieldOfDarkness"],"picked":"hexamod:GhostflameBarrier","floor":4},{"not_picked":["hexamod:RetreatToShadows","hexamod:GhostShield"],"picked":"hexamod:SoulSteal","floor":6},{"not_picked":["hexamod:HeatMetal","hexamod:PowerFromBeyond"],"picked":"hexamod:UnlimitedPower","floor":9},{"not_picked":["hexamod:AdvancingGuard","hexamod:NightmareGuise"],"picked":"hexamod:DynamicBlow","floor":11},{"not_picked":["hexamod:Hexaguard","hexamod:FastForward"],"picked":"hexamod:HeatMetal","floor":12},{"not_picked":["hexamod:AdvancingGuard","hexamod:InspiringFlames","hexamod:NightmareGuise"],"picked":"SKIP","floor":13},{"not_picked":["hexamod:NightmareGuise","hexamod:SwordOfDarkness"],"picked":"hexamod:SpectralAdrenaline","floor":14},{"not_picked":["hexamod:ShieldOfDarkness","hexamod:AdvancingGuard"],"picked":"hexamod:EmpoweredFlame","floor":15},{"not_picked":["hexamod:ParanormalForm","hexamod:GhostflameInferno"],"picked":"hexamod:TimeWarp","floor":16},{"not_picked":["hexamod:BurningTouch","hexamod:ShieldOfDarkness+1"],"picked":"hexamod:PhantomFireball","floor":19},{"not_picked":["hexamod:FlamesFromBeyond+1","hexamod:ThermalTransfer"],"picked":"hexamod:DynamicBlow+1","floor":20},{"not_picked":["hexamod:ShieldOfDarkness","hexamod:GhostflameBarrier"],"picked":"hexamod:DynamicBlow","floor":22},{"not_picked":["hexamod:GhostShield+1","hexamod:HeatMetal"],"picked":"hexamod:ThermalTransfer+1","floor":23},{"not_picked":["hexamod:HeatShield","hexamod:AdvancingGuard+1"],"picked":"hexamod:ThermalTransfer+1","floor":27},{"not_picked":["hexamod:HeatMetal","hexamod:NightmareStrike"],"picked":"hexamod:GhostOfSpirePast","floor":28},{"not_picked":["hexamod:PhantomFireball","hexamod:FourthSeal"],"picked":"hexamod:Incineration","floor":29},{"not_picked":["hexamod:RetreatToShadows","hexamod:ThermalTransfer+1"],"picked":"hexamod:HeatMetal+1","floor":30},{"not_picked":["hexamod:GhostOfSpirePast","hexamod:HeatMetal","hexamod:SwordOfDarkness"],"picked":"SKIP","floor":31},{"not_picked":["hexamod:Hexaguard","hexamod:ShieldOfDarkness+1"],"picked":"hexamod:FastForward+1","floor":32},{"not_picked":["hexamod:ParanormalForm","hexamod:TurnItUp"],"picked":"hexamod:ForkedFlame","floor":33},{"not_picked":["hexamod:ShieldOfDarkness+1","hexamod:PhantomCloak+1"],"picked":"hexamod:BacktrackSmack","floor":36},{"not_picked":["hexamod:ShieldOfDarkness","hexamod:HauntingEcho+1"],"picked":"hexamod:SixthSeal","floor":37},{"not_picked":["hexamod:HeatMetal","hexamod:SpectersWail+1"],"picked":"hexamod:EtherealExpedition+1","floor":38},{"not_picked":["hexamod:FifthSeal","hexamod:StepThrough+1"],"picked":"hexamod:HeatCrush","floor":42},{"not_picked":["hexamod:ShieldOfDarkness","hexamod:NightmareGuise+1","hexamod:InspiringFlames+1"],"picked":"SKIP","floor":44},{"not_picked":["hexamod:FourthSeal","hexamod:PhantomCloak"],"picked":"hexamod:GhostLash+1","floor":45},{"not_picked":["hexamod:BacktrackSmack+1","hexamod:HeatMetal+1"],"picked":"hexamod:SoulSteal+1","floor":47},{"not_picked":["expansioncontent:PrepareCrush","expansioncontent:InvincibleStrength"],"picked":"expansioncontent:LastStand","floor":48},{"not_picked":["hexamod:Hexaguard+1","hexamod:SecondSeal"],"picked":"hexamod:BurningTouch","floor":49},{"not_picked":["hexamod:InspiringFlames","hexamod:PowerFromBeyond+1"],"picked":"hexamod:GhostflameBarrier+1","floor":52}],"player_experience":301541,"relics_obtained":[{"floor":11,"key":"Runesmith:AutoHammer"},{"floor":12,"key":"downfall:CloakOfManyFaces"},{"floor":22,"key":"downfall:GremlinSack"},{"floor":27,"key":"Ancient Tea Set"},{"floor":31,"key":"Eternal Feather"},{"floor":41,"key":"Bag of Marbles"},{"floor":45,"key":"MealTicket"},{"floor":52,"key":"Pen Nib"}],"event_choices":[{"damage_healed":0,"gold_gain":0,"player_choice":"Donut","damage_taken":0,"max_hp_gain":5,"max_hp_loss":0,"event_name":"Big Fish","floor":5,"gold_loss":0}],"is_beta":false,"boss_relics":[{"not_picked":["hexamod:IceCube","Cursed Key"],"picked":"Sozu"},{"not_picked":["Busted Crown","Philosopher\u0027s Stone"],"picked":"SlaversCollar"}],"items_purged_floors":[30,37,53],"is_endless":false,"potions_floor_spawned":[11,12,13,14,19,23,29,31,36,38,44,47,52],"ascension_level":1}}