{"host":"92wx9z21c4p52du4","time":1612322783,"event":{"mods":["BaseMod","Downfall","Hermit","Minty Spire (QoL Compilation)","Reliquary","StSLib","The Hierophant"],"gold_per_floor":[99,99,154,166,188,200,212,224,254,266,294,318,330,381,422,540,611,623,663,693,728,486,486,486,495,158,167,167,209,209,249,269,383,383,383,412,476,494,494,494,520,340,364,384,404,444,444,466,495,495,495,495],"floor_reached":50,"language":"ENG","playtime":4142,"items_purged":["downfall:Malfunctioning","downfall:Bewildered"],"score":533,"play_id":"3ad4165e-ac58-451c-a7d7-3da76bc0b3eb","local_time":"20210202212623","is_ascension_mode":false,"campfire_choices":[{"data":"Guardian:TwinSlam","floor":1,"key":"SMITH"},{"data":"Guardian:Repulse","floor":10,"key":"SMITH"},{"data":"Guardian:SentryBeam","floor":13,"key":"SMITH"},{"data":"Guardian:Emergency","floor":18,"key":"SMITH"},{"data":"Guardian:TimeSifter","floor":28,"key":"SMITH"},{"data":"Guardian:StasisField","floor":30,"key":"SMITH"},{"data":"Guardian:StasisStrike","floor":35,"key":"SMITH"},{"data":"Jack Of All Trades","floor":40,"key":"SMITH"},{"floor":47,"key":"REST"}],"circlet_count":0,"master_deck":["Guardian:Strike_Guardian+1","Guardian:Defend_Guardian+1","Guardian:CurlUp+1","Guardian:TwinSlam+1","Guardian:PiercingHide","Guardian:Reroute","Guardian:Clone","Guardian:Repulse+1","Guardian:SentryBeam+1","Guardian:TimeBomb","Guardian:FloatingOrbs","Guardian:Emergency+1","Guardian:StasisField+1","Guardian:Preprogram","Guardian:BronzeOrb+1","Guardian:BaubleBeam","Guardian:Recover","Guardian:TimeCapacitor","Guardian:FloatingOrbs+1","Guardian:TimeCapacitor","Guardian:TimeSifter+1","Guardian:BronzeOrb","Guardian:StasisStrike+1","Guardian:Incinerate+1","Guardian:Preprogram","Jack Of All Trades+1","Guardian:ArmoredProtocol","Guardian:MultiBeam","Guardian:BronzeOrb","Guardian:ShieldCharger+1","Guardian:Reroute+1","Guardian:FastForward"],"relics":["Guardian:ModeShifter","downfall:HeartsMalice","MawBank","WingedGreaves","CeramicFish","Tiny House","Juzu Bracelet","Boot","Bronze Scales","Mummified Hand","TungstenRod","reliquary:RedCape","Dead Branch","reliquary:Firecrackers","reliquary:Boomerang","Medical Kit","Pen Nib"],"acts_visited":["Exordium","TheCity","TheBeyond"],"potions_floor_usage":[11,14,15,16,26,32,33,42,45,45,49],"damage_taken":[{"damage":0,"enemies":"Small Slimes","floor":2,"turns":1},{"damage":0,"enemies":"Lagavulin Event","floor":3,"turns":1},{"damage":0,"enemies":"Jaw Worm","floor":4,"turns":1},{"damage":1,"enemies":"Cultist","floor":5,"turns":4},{"damage":2,"enemies":"Blue Slaver","floor":9,"turns":4},{"damage":3,"enemies":"Lots of Slimes","floor":11,"turns":5},{"damage":9,"enemies":"Exordium Thugs","floor":12,"turns":4},{"damage":17,"enemies":"3 Sentries","floor":14,"turns":5},{"damage":11,"enemies":"Exordium Wildlife","floor":15,"turns":5},{"damage":36,"enemies":"WA_ARCHETYPE_RETAIN","floor":16,"turns":13},{"damage":3,"enemies":"Shell Parasite","floor":19,"turns":9},{"damage":0,"enemies":"3 Byrds","floor":21,"turns":2},{"damage":3,"enemies":"downfall:FleeingMerchant","floor":22,"turns":4},{"damage":8,"enemies":"downfall:FleeingMerchant","floor":26,"turns":4},{"damage":3,"enemies":"Book of Stabbing","floor":29,"turns":5},{"damage":11,"enemies":"Slavers","floor":31,"turns":6},{"damage":11,"enemies":"Centurion and Healer","floor":32,"turns":3},{"damage":19,"enemies":"IC_MUSHROOM_ARCHETYPE","floor":33,"turns":9},{"damage":21,"enemies":"3 Darklings","floor":36,"turns":3},{"damage":28,"enemies":"2 Orb Walkers","floor":37,"turns":5},{"damage":2,"enemies":"downfall:FleeingMerchant","floor":42,"turns":4},{"damage":8,"enemies":"3 Shapes","floor":43,"turns":5},{"damage":0,"enemies":"Transient","floor":44,"turns":5},{"damage":0,"enemies":"Spire Growth","floor":45,"turns":4},{"damage":13,"enemies":"Giant Head","floor":46,"turns":7},{"damage":10,"enemies":"3 Darklings","floor":48,"turns":4},{"damage":2,"enemies":"Writhing Mass","floor":49,"turns":3},{"damage":28,"enemies":"DF_ARCHETYPE_ORBS","floor":50,"turns":2}],"seed_played":"8171693978310055133","potions_obtained":[{"floor":5,"key":"LiquidMemories"},{"floor":8,"key":"downfall:CursedFountainPotion"},{"floor":12,"key":"ColorlessPotion"},{"floor":14,"key":"AttackPotion"},{"floor":16,"key":"BlessingOfTheForge"},{"floor":17,"key":"DistilledChaos"},{"floor":29,"key":"sneckomod:MuddlingPotion"},{"floor":31,"key":"ColorlessPotion"},{"floor":37,"key":"DuplicationPotion"},{"floor":44,"key":"Regen Potion"},{"floor":46,"key":"SteroidPotion"},{"floor":49,"key":"Strength Potion"}],"is_trial":false,"path_per_floor":["R","M","?","M","M","?","T","?","M","R","M","M","R","E","M","B",null,"R","M","?","M","$","?","T","?","$","?","R","E","R","E","M","B",null,"R","M","?","?","?","R","T","$","M","M","M","E","R","M","M","B"],"character_chosen":"GUARDIAN","items_purchased":["Juzu Bracelet","Guardian:Gem_Yellow","Bronze Scales","Guardian:TimeCapacitor","Medical Kit","Guardian:ArmoredProtocol"],"campfire_rested":1,"item_purchase_floors":[22,22,26,26,42,42],"current_hp_per_floor":[80,80,80,80,79,79,79,79,77,77,74,65,65,48,37,1,85,85,82,82,82,79,71,71,71,63,63,63,60,60,49,38,19,85,85,64,36,36,36,36,36,34,26,26,26,13,38,28,26,0,0,0],"gold":495,"neow_bonus":"THREE_ENEMY_KILL","is_daily":false,"chose_seed":false,"campfire_upgraded":8,"win_rate":0.0,"timestamp":1612322783,"path_taken":["R","M","?","M","M","?","T","?","M","R","M","?","R","E","M","BOSS","R","M","?","M","$","?","T","?","?","?","R","E","R","E","M","BOSS","R","M","?","?","?","R","T","$","M","M","M","E","R","M","M","BOSS"],"items_purchased_type":["Relic","Card","Relic","Card","Relic","Card"],"build_version":"2020-12-22","purchased_purges":2,"victory":false,"max_hp_per_floor":[80,80,80,80,80,80,80,80,80,80,80,80,80,80,80,80,85,85,85,85,85,85,85,85,85,85,85,85,85,85,85,85,85,85,85,85,85,85,85,85,85,85,85,85,85,85,85,85,85,85,85,85],"card_choices":[{"not_picked":["Guardian:CrystalBeam","Guardian:ChargeCore"],"picked":"Guardian:PiercingHide","floor":2},{"not_picked":["Guardian:RollAttack","Guardian:Incinerate"],"picked":"Guardian:Gem_White","floor":3},{"not_picked":["Guardian:TemporalStrike","Guardian:Incinerate"],"picked":"Guardian:Reroute","floor":4},{"not_picked":["Guardian:ShieldCharger","Guardian:TemporalStrike"],"picked":"Guardian:Clone","floor":5},{"not_picked":["Guardian:TemporalShield","Guardian:VentSteam"],"picked":"Guardian:Repulse","floor":9},{"not_picked":["Guardian:ArmoredProtocol","Guardian:PolyBeam"],"picked":"Guardian:SentryBeam","floor":11},{"not_picked":["Guardian:ArmoredProtocol","Guardian:Gem_Lightblue"],"picked":"Guardian:TimeBomb","floor":12},{"not_picked":["Guardian:RollAttack","Guardian:ArmoredProtocol"],"picked":"Guardian:FloatingOrbs","floor":14},{"not_picked":["Guardian:HyperBeam_Guardian","Guardian:CrystalBeam"],"picked":"Guardian:Emergency","floor":15},{"not_picked":["Guardian:HyperBeam_Guardian","Guardian:RevengeProtocol"],"picked":"Guardian:StasisField","floor":16},{"not_picked":["Guardian:Gem_Green","Guardian:ChargeCore"],"picked":"Guardian:Preprogram","floor":17},{"not_picked":["Guardian:Planning","Guardian:WalkerClaw"],"picked":"Guardian:BronzeOrb","floor":19},{"not_picked":["Guardian:Repulse","Guardian:Gem_Lightblue"],"picked":"Guardian:TimeCapacitor","floor":21},{"not_picked":["Guardian:ShieldCharger","Guardian:Incinerate"],"picked":"Guardian:FloatingOrbs+1","floor":22},{"not_picked":["Guardian:Incinerate","Guardian:Recover","Guardian:ShieldSpikes"],"picked":"SKIP","floor":26},{"not_picked":["Guardian:PolyBeam","Guardian:RollAttack+1"],"picked":"Guardian:BronzeOrb","floor":29},{"not_picked":["Guardian:Emergency","Guardian:BronzeOrb"],"picked":"Guardian:Gem_Crimson","floor":31},{"not_picked":["Guardian:RefractedBeam","Guardian:Recover"],"picked":"Guardian:Gem_Crimson","floor":32},{"not_picked":["Guardian:FastForward","Guardian:ConstructionForm"],"picked":"Guardian:StasisStrike","floor":33},{"not_picked":["Guardian:TimeCapacitor","Guardian:WalkerClaw"],"picked":"Guardian:Incinerate+1","floor":36},{"not_picked":["Guardian:WalkerClaw+1","Guardian:Gem_Purple"],"picked":"Guardian:Gem_Yellow","floor":37},{"not_picked":["Guardian:TemporalStrike+1","Guardian:PrismaticBeam+1"],"picked":"Guardian:Gem_Fragmented","floor":42},{"not_picked":["Guardian:SentryBeam","Guardian:Emergency"],"picked":"Guardian:MultiBeam","floor":43},{"not_picked":["Guardian:ChargeCore+1","Guardian:TemporalShield+1"],"picked":"Guardian:Gem_Yellow","floor":44},{"not_picked":["Guardian:Suspension+1","Guardian:Recover+1"],"picked":"Guardian:BronzeOrb","floor":45},{"not_picked":["Guardian:BronzeOrb+1","Guardian:SpikerProtocol"],"picked":"Guardian:ShieldCharger+1","floor":46},{"not_picked":["Guardian:Suspension","Guardian:VentSteam"],"picked":"Guardian:Reroute+1","floor":48},{"not_picked":["Guardian:PrismaticBeam","Guardian:TemporalShield"],"picked":"Guardian:FastForward","floor":49}],"player_experience":222490,"relics_obtained":[{"floor":7,"key":"WingedGreaves"},{"floor":14,"key":"CeramicFish"},{"floor":24,"key":"Boot"},{"floor":29,"key":"Mummified Hand"},{"floor":31,"key":"TungstenRod"},{"floor":37,"key":"Dead Branch"},{"floor":39,"key":"reliquary:Firecrackers"},{"floor":41,"key":"reliquary:Boomerang"},{"floor":46,"key":"Pen Nib"}],"event_choices":[{"damage_healed":0,"gold_gain":0,"cards_transformed":["Guardian:Strike_Guardian","Guardian:Defend_Guardian"],"player_choice":"Became Test Subject","damage_taken":0,"max_hp_gain":0,"max_hp_loss":0,"event_name":"Drug Dealer","floor":20,"gold_loss":0,"cards_obtained":["Guardian:BaubleBeam","Guardian:Recover"]},{"damage_healed":0,"gold_gain":0,"player_choice":"Read","damage_taken":0,"max_hp_gain":0,"max_hp_loss":0,"event_name":"The Library","floor":27,"gold_loss":0,"cards_obtained":["Guardian:TimeSifter"]},{"damage_healed":0,"gold_gain":0,"player_choice":"Fight","damage_taken":0,"max_hp_gain":0,"max_hp_loss":0,"event_name":"Mysterious Sphere","floor":37,"gold_loss":0},{"damage_healed":0,"gold_gain":0,"player_choice":"Relic","damage_taken":0,"max_hp_gain":0,"max_hp_loss":0,"event_name":"Wheel of Change","floor":39,"gold_loss":0}],"is_beta":false,"boss_relics":[{"not_picked":["Busted Crown","Philosopher\u0027s Stone"],"picked":"Tiny House"},{"not_picked":["reliquary:WritOfMandamus","reliquary:Ember"],"picked":"reliquary:RedCape"}],"items_purged_floors":[22,26],"is_endless":false,"potions_floor_spawned":[5,12,14,16,29,31,37,44,46,49],"killed_by":"DF_ARCHETYPE_ORBS","ascension_level":0}}