{"host":"i391n33tccqevi90","time":1612376145,"event":{"mods":["2.2 Compatiblity","AchievementEnabler","AlwaysNeverKeys","BaseMod","Better Third Choice","Conspire","Emptier Cage","Filter the Spire","Good Game Mod","Grow up Mod","Minty Spire (QoL Compilation)","Remove Card Discount Mod","Spicy Shops","StSLib"],"gold_per_floor":[139,174,174,205,13,38,96,180,233,261,261,306,306,348,348,478,478,497,279,291,127,136,200,273,381,415,415,460,544,585,216,216,392,392,448,568,669,396,444,619,619,637,720,720,768,149,247,366,366,366,366,366,134,169,230],"floor_reached":56,"language":"ENG","playtime":7619,"items_purged":["Normality","Doubt","Strike_B","Strike_B","Defend_B","Doubt","Decay","Bite","Defend_B","Defend_B","Defend_B","Regret"],"score":1798,"play_id":"8a72fc60-7c2b-4fb6-a404-35c35eb7b554","local_time":"20210203121545","is_ascension_mode":true,"campfire_choices":[{"data":"White Noise","floor":11,"key":"SMITH"},{"data":"Storm","floor":13,"key":"SMITH"},{"floor":15,"key":"REST"},{"floor":27,"key":"REST"},{"floor":32,"key":"DIG"},{"floor":41,"key":"DIG"},{"floor":44,"key":"DIG"},{"floor":49,"key":"DIG"},{"floor":52,"key":"DIG"}],"circlet_count":0,"master_deck":["Zap","Dualcast","HandOfGreed","Hologram","Capacitor","BootSequence","Storm+1","White Noise+1","Coolheaded","Double Energy","Chill","Thunder Strike","Defragment","Ball Lightning","conspire:SpireCoStock+1","conspire:SpireCoStock+1","conspire:SpireCoStock+1","conspire:SpireCoStock+1","Cold Snap","Meteor Strike","Bite","Bite","Bite","Bite","Ball Lightning+1","Loop","Seek+1","Conserve Battery+1","Seek+1","Turbo+1","Loop","Aggregate+1","Madness+1","Madness+1","Amplify+1","White Noise+1","Storm+1","Capacitor+1","Coolheaded+1","Glacier+1","Storm+1","Defragment+1"],"relics":["FrozenCore","REME:ComplimentaryCards","conspire:IceCreamScoop","Membership Card","White Beast Statue","Question Card","CeramicFish","Kunai","Happy Flower","Cursed Key","Toxic Egg 2","Centennial Puzzle","Regal Pillow","DataDisk","Shovel","Tiny Chest","Lizard Tail","conspire:TopHat","HandDrill","PreservedInsect","OrangePellets","Symbiotic Virus","Strange Spoon","Sundial","TheAbacus","Bronze Scales","Cables","Meat on the Bone","Anchor","Blood Vial","Turnip","Prayer Wheel","DollysMirror","Bottled Lightning","Mercury Hourglass","Strawberry","Orichalcum","Mummified Hand","conspire:Dentures","conspire:BottledYoYo","Orrery","Nunchaku"],"acts_visited":["Exordium","TheCity","TheBeyond","TheEnding"],"potions_floor_usage":[6,7,12,14,16,23,24,25,25,29,33,35,40,45,55],"damage_taken":[{"damage":1,"enemies":"Cultist","floor":1,"turns":4},{"damage":14,"enemies":"Jaw Worm","floor":2,"turns":5},{"damage":8,"enemies":"2 Louse","floor":4,"turns":3},{"damage":35,"enemies":"Lagavulin","floor":6,"turns":7},{"damage":32,"enemies":"conspire:MimicChest","floor":7,"turns":6},{"damage":27,"enemies":"3 Sentries","floor":8,"turns":5},{"damage":4,"enemies":"Red Slaver","floor":10,"turns":3},{"damage":8,"enemies":"Blue Slaver","floor":12,"turns":4},{"damage":11,"enemies":"Exordium Wildlife","floor":14,"turns":4},{"damage":29,"enemies":"The Guardian","floor":16,"turns":10},{"damage":0,"enemies":"Chosen","floor":18,"turns":4},{"damage":6,"enemies":"Spheric Guardian","floor":20,"turns":3},{"damage":48,"enemies":"Book of Stabbing","floor":23,"turns":5},{"damage":17,"enemies":"3 Cultists","floor":24,"turns":5},{"damage":56,"enemies":"Gremlin Leader","floor":25,"turns":8},{"damage":42,"enemies":"conspire:Head Lice","floor":29,"turns":8},{"damage":27,"enemies":"Centurion and Healer","floor":30,"turns":5},{"damage":78,"enemies":"Collector","floor":33,"turns":9},{"damage":28,"enemies":"Orb Walker","floor":35,"turns":4},{"damage":12,"enemies":"3 Shapes","floor":36,"turns":5},{"damage":17,"enemies":"Jaw Worm Horde","floor":37,"turns":4},{"damage":12,"enemies":"Spire Growth","floor":39,"turns":4},{"damage":3,"enemies":"Giant Head","floor":40,"turns":6},{"damage":28,"enemies":"Nemesis","floor":45,"turns":3},{"damage":24,"enemies":"Sphere and 2 Shapes","floor":47,"turns":3},{"damage":4,"enemies":"Giant Head","floor":48,"turns":4},{"damage":52,"enemies":"Time Eater","floor":50,"turns":4},{"damage":13,"enemies":"Shield and Spear","floor":54,"turns":2},{"damage":92,"enemies":"The Heart","floor":55,"turns":5}],"seed_played":"-6208872166719074469","potions_obtained":[{"floor":2,"key":"SpeedPotion"},{"floor":6,"key":"SkillPotion"},{"floor":7,"key":"SteroidPotion"},{"floor":8,"key":"FocusPotion"},{"floor":10,"key":"PowerPotion"},{"floor":12,"key":"Block Potion"},{"floor":14,"key":"FairyPotion"},{"floor":16,"key":"LiquidBronze"},{"floor":23,"key":"FocusPotion"},{"floor":24,"key":"Fire Potion"},{"floor":25,"key":"BlessingOfTheForge"},{"floor":29,"key":"PotionOfCapacity"},{"floor":30,"key":"FairyPotion"},{"floor":33,"key":"PowerPotion"},{"floor":35,"key":"DuplicationPotion"},{"floor":40,"key":"AttackPotion"},{"floor":45,"key":"FearPotion"},{"floor":54,"key":"DuplicationPotion"}],"is_trial":false,"path_per_floor":["M","M","?","M","$","E","?","E","T","M","R","M","R","M","R","B",null,"M","$","M","?","?","E","M","E","T","R","?","E","M","$","R","B",null,"M","M","M","$","M","E","R","?","T","R","E","$","M","E","R","B",null,"R","$","E","B",null],"character_chosen":"DEFECT","items_purchased":["Membership Card","White Beast Statue","Defragment","Ball Lightning","Toxic Egg 2","Tiny Chest","Loop","Lizard Tail","conspire:TopHat","HandDrill","PreservedInsect","OrangePellets","Strange Spoon","Sundial","TheAbacus","Turnip","Prayer Wheel","DollysMirror","Bottled Lightning","Mercury Hourglass","conspire:Dentures","conspire:BottledYoYo","Orrery"],"campfire_rested":2,"item_purchase_floors":[5,5,19,19,19,31,31,31,31,31,31,31,38,38,38,46,46,46,46,46,53,53,53],"current_hp_per_floor":[87,83,93,95,105,80,58,41,51,57,67,69,79,78,155,136,228,238,248,252,262,272,234,227,181,191,319,258,233,220,230,240,184,287,269,275,274,284,290,303,313,274,284,294,282,292,282,299,309,269,441,451,461,460,380],"gold":230,"neow_bonus":"ONE_RARE_RELIC","is_daily":false,"chose_seed":false,"campfire_upgraded":2,"win_rate":0.0,"timestamp":1612376145,"path_taken":["M","?","?","M","$","E","?","E","T","M","R","?","R","M","R","BOSS","M","$","M","?","?","E","M","E","T","R","?","E","M","?","R","BOSS","M","M","M","$","M","E","R","?","T","R","E","$","M","E","R","BOSS","R","$","E","BOSS"],"items_purchased_type":["Relic","Relic","Card","Card","Relic","Relic","Card","Relic","Relic","Relic","Relic","Relic","Relic","Relic","Relic","Relic","Relic","Relic","Relic","Relic","Relic","Relic","Relic"],"build_version":"2020-12-22","purchased_purges":12,"victory":true,"max_hp_per_floor":[95,105,115,125,135,145,155,165,175,185,195,205,215,225,235,245,255,265,275,285,295,305,315,325,335,345,355,258,268,278,288,298,308,318,328,338,348,358,368,378,388,398,408,418,428,438,448,465,475,485,495,505,515,525,535],"card_choices":[{"not_picked":["Redo","Steam"],"picked":"Hologram","floor":1},{"not_picked":["Gash","Sweeping Beam"],"picked":"Capacitor","floor":2},{"not_picked":["Reprogram","Leap"],"picked":"BootSequence","floor":4},{"not_picked":["Hologram","Steam","Gash"],"picked":"SKIP","floor":6},{"not_picked":["Beam Cell","Rebound","Redo"],"picked":"Storm","floor":7},{"not_picked":["conspire:SharedLibrary","Auto Shields","Gash"],"picked":"White Noise","floor":8},{"not_picked":["Machine Learning","Chaos","Steam"],"picked":"Coolheaded","floor":10},{"not_picked":["Darkness","Beam Cell","Reinforced Body"],"picked":"Double Energy","floor":12},{"not_picked":["BootSequence","Go for the Eyes","Ball Lightning"],"picked":"Chill","floor":14},{"not_picked":["Multi-Cast","All For One","Buffer"],"picked":"Thunder Strike","floor":16},{"not_picked":["Coolheaded","Go for the Eyes","Redo","Beam Cell"],"picked":"SKIP","floor":18},{"not_picked":["Steam+1","Beam Cell","Redo+1","Rip and Tear"],"picked":"SKIP","floor":20},{"not_picked":["Heatsinks","Undo+1","Streamline"],"picked":"Cold Snap","floor":23},{"not_picked":["Steam+1","Cold Snap+1","Compile Driver+1","Barrage"],"picked":"SKIP","floor":24},{"not_picked":["Auto Shields+1","Ball Lightning","Turbo+1"],"picked":"Meteor Strike","floor":25},{"not_picked":["Redo+1","Cold Snap","Beam Cell+1"],"picked":"Ball Lightning+1","floor":29},{"not_picked":["Stack+1","Scrape","Beam Cell","Gash"],"picked":"SKIP","floor":30},{"not_picked":["All For One","Buffer","Machine Learning"],"picked":"Seek+1","floor":33},{"not_picked":["Streamline+1","Coolheaded+1","Leap+1"],"picked":"Conserve Battery+1","floor":35},{"not_picked":["Ball Lightning+1","Steam Power+1","Rebound"],"picked":"Seek+1","floor":36},{"not_picked":["Go for the Eyes","Genetic Algorithm+1","Skim+1"],"picked":"Turbo+1","floor":37},{"not_picked":["Auto Shields+1","Double Energy+1","Turbo+1"],"picked":"Loop","floor":39},{"not_picked":["Cold Snap","Genetic Algorithm+1","Ball Lightning"],"picked":"Aggregate+1","floor":40},{"not_picked":["Beam Cell+1","Glacier+1","Stack+1"],"picked":"Amplify+1","floor":45},{"not_picked":["Reinforced Body+1","Gash+1","Doom and Gloom"],"picked":"Storm+1","floor":47},{"not_picked":["Sunder+1","Steam+1","Barrage+1"],"picked":"Capacitor+1","floor":47},{"not_picked":["Leap+1","Ball Lightning+1","Aggregate+1","Sweeping Beam"],"picked":"SKIP","floor":48},{"not_picked":["BootSequence+1","Rainbow+1","Hello World+1"],"picked":"Coolheaded+1","floor":53},{"not_picked":["Sweeping Beam+1","Chaos+1","Genetic Algorithm+1"],"picked":"Glacier+1","floor":53},{"not_picked":["Cold Snap+1","Turbo+1","Rebound"],"picked":"Storm+1","floor":53},{"not_picked":["Turbo+1","Force Field+1","Streamline"],"picked":"Defragment+1","floor":54}],"player_experience":587479,"relics_obtained":[{"floor":6,"key":"Question Card"},{"floor":7,"key":"CeramicFish"},{"floor":8,"key":"Kunai"},{"floor":9,"key":"Happy Flower"},{"floor":23,"key":"Centennial Puzzle"},{"floor":25,"key":"Regal Pillow"},{"floor":26,"key":"DataDisk"},{"floor":29,"key":"Shovel"},{"floor":32,"key":"Symbiotic Virus"},{"floor":40,"key":"Bronze Scales"},{"floor":41,"key":"Cables"},{"floor":43,"key":"Meat on the Bone"},{"floor":44,"key":"Anchor"},{"floor":45,"key":"Blood Vial"},{"floor":48,"key":"Strawberry"},{"floor":49,"key":"Orichalcum"},{"floor":52,"key":"Mummified Hand"},{"floor":54,"key":"Nunchaku"}],"event_choices":[{"damage_healed":0,"gold_gain":0,"player_choice":"Leave","damage_taken":0,"max_hp_gain":0,"max_hp_loss":0,"event_name":"The Cleric","floor":3,"gold_loss":0},{"damage_healed":0,"gold_gain":0,"player_choice":"Invest 4","damage_taken":0,"max_hp_gain":0,"max_hp_loss":0,"event_name":"conspire:Investor","floor":21,"gold_loss":0},{"damage_healed":0,"gold_gain":0,"player_choice":"Smashed Altar","damage_taken":0,"max_hp_gain":0,"max_hp_loss":0,"event_name":"Forgotten Altar","floor":22,"gold_loss":0,"cards_obtained":["Decay"]},{"damage_healed":0,"gold_gain":0,"player_choice":"Became a vampire","damage_taken":0,"max_hp_gain":0,"max_hp_loss":107,"event_name":"Vampires","floor":28,"gold_loss":0,"cards_obtained":["Bite","Bite","Bite","Bite","Bite"]},{"damage_healed":0,"gold_gain":0,"player_choice":"Embrace Madness","damage_taken":49,"max_hp_gain":0,"max_hp_loss":0,"event_name":"Winding Halls","floor":42,"gold_loss":0,"cards_obtained":["Madness","Madness"]}],"is_beta":false,"boss_relics":[{"not_picked":["conspire:SlowCooker","Runic Pyramid"],"picked":"Cursed Key"},{"not_picked":["Sozu","Busted Crown"],"picked":"FrozenCore"}],"items_purged_floors":[5,5,19,19,19,31,31,31,31,31,31,46],"is_endless":false,"potions_floor_spawned":[2,6,7,8,10,12,14,16,18,20,23,24,25,29,30,33,35,36,37,39,40,45,47,48,54],"ascension_level":7}}