{"host":"e1pm3b7xpcm97e5w","time":1612375728,"event":{"mods":["BaseMod","Better Skull","Googly Eyes","Minty Spire (QoL Compilation)","Relic Stats","Shop Mod","Spicy Shops","StSLib"],"gold_per_floor":[114,39,39,57,57,57,88,88,88,88,88],"floor_reached":10,"language":"ENG","playtime":463,"items_purged":["Clumsy"],"score":125,"play_id":"f7c5e01e-12e3-4fdd-be56-1a6565c1c93c","local_time":"20210203130848","is_ascension_mode":true,"campfire_choices":[{"data":"Neutralize","floor":6,"key":"SMITH"},{"data":"Survivor","floor":8,"key":"SMITH"}],"circlet_count":0,"master_deck":["AscendersBane","Strike_G","Strike_G","Strike_G","Strike_G","Defend_G","Defend_G","Defend_G","Defend_G","Defend_G","Survivor+1","Neutralize+1","Backflip"],"relics":["Ring of the Snake","Pocketwatch","Vajra","TungstenRod"],"acts_visited":["Exordium"],"potions_floor_usage":[10],"damage_taken":[{"damage":1,"enemies":"2 Louse","floor":1,"turns":3},{"damage":5,"enemies":"Small Slimes","floor":4,"turns":3},{"damage":18,"enemies":"3 Sentries","floor":7,"turns":17},{"damage":31,"enemies":"Lagavulin","floor":10,"turns":8}],"seed_played":"8472164607372954650","potions_obtained":[{"floor":4,"key":"LiquidBronze"}],"is_trial":false,"path_per_floor":["M","$","?","M","?","R","E","R","T","E"],"character_chosen":"THE_SILENT","items_purchased":[],"campfire_rested":0,"item_purchase_floors":[],"current_hp_per_floor":[58,58,58,53,46,46,28,28,28,0,0],"gold":88,"neow_bonus":"ONE_RARE_RELIC","is_daily":false,"chose_seed":false,"campfire_upgraded":2,"win_rate":0.0,"timestamp":1612375728,"path_taken":["M","$","?","M","?","R","E","R","T","E"],"items_purchased_type":[],"build_version":"2020-12-22","purchased_purges":1,"victory":false,"max_hp_per_floor":[66,66,66,66,66,66,66,66,66,66,66],"relic_stats":{"counters":[4,31],"obtain_stats":[{"Vajra":7,"TungstenRod":9,"Ring of the Snake":0,"Pocketwatch":0},{"Vajra":3,"TungstenRod":3,"Ring of the Snake":0,"Pocketwatch":0},{"Vajra":23,"TungstenRod":23,"Ring of the Snake":0,"Pocketwatch":0}],"TungstenRod":4,"Ring of the Snake":[8],"Pocketwatch":[45]},"card_choices":[{"not_picked":["Blade Dance","Blur"],"picked":"Backflip","floor":1},{"not_picked":["Poisoned Stab","Dagger Spray","Grand Finale"],"picked":"SKIP","floor":4},{"not_picked":["Flying Knee","Slice","Dagger Throw"],"picked":"SKIP","floor":7}],"player_experience":694731,"relics_obtained":[{"floor":7,"key":"Vajra"},{"floor":9,"key":"TungstenRod"}],"event_choices":[{"damage_healed":0,"gold_gain":0,"player_choice":"Ignored","damage_taken":0,"max_hp_gain":0,"max_hp_loss":0,"event_name":"Liars Game","floor":3,"gold_loss":0},{"cards_removed":["Strike_G"],"damage_healed":0,"gold_gain":0,"player_choice":"Card Removal","damage_taken":7,"max_hp_gain":0,"max_hp_loss":0,"event_name":"Golden Wing","floor":5,"gold_loss":0}],"is_beta":false,"boss_relics":[],"items_purged_floors":[2],"is_endless":false,"potions_floor_spawned":[4],"killed_by":"Lagavulin","ascension_level":19}}