{"host":"v380u9jqfq8325l5","time":1612377083,"event":{"mods":["BaseMod","Bestiary","BetterRewards","Colored Map","Colored Powertips","Curses Come First","Evolution","Halation","Hubris","Infinite Spire","Minty Spire (QoL Compilation)","Reliquary","Spire Arcade","StSLib","SuperFastMode"],"gold_per_floor":[110,128,143,143,153,153,165,181,256,256,274,302,302,327,327,403,403,420,420,420,420,440,471,482,514,514,545,545,564,577,271,271,346,346,366,379,390,390,402,427,427,455,531,549,549,576,576,178,178,178,178,178,178,14,45,45,45],"floor_reached":56,"language":"ENG","playtime":1340,"items_purged":["Strike_R","Defend_R","Defend_R","Pommel Strike","Defend_R","Defend_R","Iron Wave+1"],"score":2943,"play_id":"e646d83a-56c7-4161-b878-803076b51d53","local_time":"20210203213123","is_ascension_mode":true,"campfire_choices":[{"data":"Intimidate","floor":6.0,"key":"SMITH"},{"floor":10.0,"key":"RECALL"},{"data":"Bash","floor":15.0,"key":"SMITH"},{"data":"Master of Strategy","floor":28.0,"key":"SMITH"},{"data":"Pommel Strike","floor":32.0,"key":"SMITH"},{"floor":41,"key":"REST"},{"floor":49,"key":"REST"},{"floor":53,"key":"REST"}],"circlet_count":0,"master_deck":["AscendersBane","Pommel Strike+1","Pommel Strike+1","Pommel Strike+1","Bash+1","infinitespire:OneForAll+1","Master of Strategy+1","Clash+1","Clash+1","Clash+1","Intimidate+1","Clash+1","Clash+1","Clash+1","Clash+1"],"relics":["Burning Blood","EVO:Axolotl","Membership Card","Bag of Marbles","Bird Faced Urn","infinitespire:Magic Flask","Molten Egg 2","infinitespire:Lychee Nut","Pocketwatch","Brimstone","Ornamental Fan","Unceasing Top","reliquary:Buckler","halation:KoshaPiece","hubris:Towel","halation:LoveArrow","infinitespire:Cupcake","Omamori","hubris:GlazedTorus","Juzu Bracelet","reliquary:JackalopeAntler","reliquary:TuningFork","infinitespire:PuzzleCube","Matryoshka","reliquary:RedCape","Blue Candle","hubris:MedicalManual","Strawberry","Mercury Hourglass","halation:EternalFortune","hubris:PeanutButter","Eternal Feather","hubris:MysteriousPyramids","Ice Cream","Nunchaku"],"acts_visited":["Exordium","TheCity","TheBeyond","TheEnding"],"potions_floor_usage":[],"damage_taken":[{"damage":4.0,"enemies":"2 Louse","floor":1.0,"turns":2.0},{"damage":0.0,"enemies":"Cultist","floor":2.0,"turns":1.0},{"damage":0.0,"enemies":"Small Slimes","floor":3.0,"turns":1.0},{"damage":2.0,"enemies":"Exordium Wildlife","floor":5.0,"turns":2.0},{"damage":8.0,"enemies":"3 Louse","floor":7.0,"turns":2.0},{"damage":0.0,"enemies":"Exordium Thugs","floor":8.0,"turns":1.0},{"damage":0.0,"enemies":"Lots of Slimes","floor":11.0,"turns":3.0},{"damage":12.0,"enemies":"3 Sentries","floor":12.0,"turns":4.0},{"damage":0.0,"enemies":"Gremlin Nob","floor":14.0,"turns":1.0},{"damage":45.0,"enemies":"The Guardian","floor":16.0,"turns":4.0},{"damage":16.0,"enemies":"3 Byrds","floor":18.0,"turns":3.0},{"damage":0.0,"enemies":"Chosen","floor":22.0,"turns":2.0},{"damage":7.0,"enemies":"Book of Stabbing","floor":23.0,"turns":2.0},{"damage":0.0,"enemies":"Centurion and Healer","floor":24.0,"turns":2.0},{"damage":15.0,"enemies":"Slavers","floor":25.0,"turns":2.0},{"damage":7.0,"enemies":"Book of Stabbing","floor":27.0,"turns":2.0},{"damage":0.0,"enemies":"Chosen and Byrds","floor":29.0,"turns":2.0},{"damage":0.0,"enemies":"Sentry and Sphere","floor":30.0,"turns":2.0},{"damage":0.0,"enemies":"Collector","floor":33.0,"turns":2.0},{"damage":0,"enemies":"Orb Walker","floor":35,"turns":1},{"damage":0,"enemies":"3 Darklings","floor":36,"turns":2},{"damage":0,"enemies":"Sphere and 2 Shapes","floor":37,"turns":2},{"damage":0,"enemies":"Maw","floor":39,"turns":2},{"damage":6,"enemies":"Giant Head","floor":40,"turns":2},{"damage":1,"enemies":"Nemesis","floor":42,"turns":1},{"damage":1,"enemies":"Transient","floor":44,"turns":4},{"damage":1,"enemies":"Reptomancer","floor":46,"turns":1},{"damage":1,"enemies":"hubris:GrandSnecko","floor":50,"turns":2},{"damage":24,"enemies":"infinitespire:MassOfShapes","floor":51,"turns":1},{"damage":0,"enemies":"Shield and Spear","floor":55,"turns":2},{"damage":78,"enemies":"The Heart","floor":56,"turns":3}],"seed_played":"4042337062995833007","potions_obtained":[{"floor":1.0,"key":"ColorlessPotion"},{"floor":3.0,"key":"Fruit Juice"},{"floor":8.0,"key":"Fire Potion"}],"is_trial":false,"path_per_floor":["M","M","M","?","M","R","M","M","T","R","M","E","?","E","R","B",null,"M","?","AVR","?","M","E","M","E","T","E","R","M","M","$","R","B",null,"M","M","M","AVR","M","E","R","E","T","M","?","E","?","$","R","B","B",null,"R","$","E","B"],"character_chosen":"IRONCLAD","items_purchased":["Membership Card","Bag of Marbles","Bird Faced Urn","Molten Egg 2","infinitespire:OneForAll+1","infinitespire:Lychee Nut","Master of Strategy","Brimstone","Ornamental Fan","Clash+1","reliquary:Buckler","infinitespire:PuzzleCube","Matryoshka","Eternal Feather","hubris:MysteriousPyramids","Clash+1","Ice Cream"],"campfire_rested":3,"item_purchase_floors":[0,0,0,0,0,0,0,0,0,0,0,31,31,48,48,48,54],"current_hp_per_floor":[56,56,56,48,55,55,54,61,61,61,61,56,56,61,61,25,52,47,47,47,47,56,58,61,52,52,54,54,61,61,61,61,61,61,61,61,61,61,61,61,61,61,68,68,71,71,71,71,71,71,53,67,71,71,71,0,0],"gold":45,"neow_bonus":"","is_daily":false,"chose_seed":false,"campfire_upgraded":4,"win_rate":0.0,"timestamp":1612377083,"path_taken":["M","M","M","?","M","R","M","M","T","R","?","E","?","E","R","BOSS","M","?","AVR","?","?","E","M","E","T","E","R","M","M","$","R","BOSS","M","M","M","AVR","M","E","R","E","T","M","?","E","?","$","R","BOSS","BOSS","R","$","E","BOSS"],"items_purchased_type":["Relic","Relic","Relic","Relic","Card","Relic","Card","Relic","Relic","Card","Relic","Relic","Relic","Relic","Relic","Card","Relic"],"build_version":"2020-12-22","purchased_purges":7,"victory":false,"max_hp_per_floor":[56,56,56,56,56,56,56,61,61,61,61,61,61,61,61,61,61,61,61,61,61,61,61,61,61,61,61,61,61,61,61,61,61,61,61,61,61,61,61,61,61,61,68,68,71,71,71,71,71,71,71,71,71,71,71,71,71],"card_choices":[{"not_picked":["Body Slam+1","Thunderclap+1","Rupture"],"picked":"SKIP","floor":1.0},{"not_picked":["Dark Embrace","Warcry"],"picked":"Clash+1","floor":2.0},{"not_picked":["Spot Weakness","Iron Wave+1"],"picked":"Clash+1","floor":3.0},{"not_picked":["Infernal Blade","Perfected Strike+1"],"picked":"Intimidate","floor":5.0},{"not_picked":["True Grit","Cleave+1","Headbutt+1"],"picked":"SKIP","floor":7.0},{"not_picked":["Armaments","Shockwave","Disarm"],"picked":"SKIP","floor":8.0},{"not_picked":["Metallicize","Combust","Sword Boomerang+1"],"picked":"SKIP","floor":11.0},{"not_picked":["Power Through","Sever Soul+1","Armaments"],"picked":"SKIP","floor":12.0},{"not_picked":["Ghostly Armor","Warcry","Power Through"],"picked":"SKIP","floor":14.0},{"not_picked":["Shrug It Off+1","Carnage+1","Perfected Strike+1"],"picked":"SKIP","floor":18.0},{"not_picked":["Armaments+1","Rampage+1","Wild Strike+1"],"picked":"SKIP","floor":22.0},{"not_picked":["Wild Strike+1","Intimidate","True Grit"],"picked":"SKIP","floor":23.0},{"not_picked":["Havoc","Wild Strike+1"],"picked":"Clash+1","floor":24.0},{"not_picked":["Sentinel+1","Twin Strike+1","Searing Blow+1"],"picked":"SKIP","floor":25.0},{"not_picked":["Twin Strike+1","Brutality","Barricade"],"picked":"SKIP","floor":27.0},{"not_picked":["Flame Barrier","Dual Wield","Anger+1"],"picked":"SKIP","floor":29.0},{"not_picked":["Anger+1","Flex","Body Slam+1"],"picked":"SKIP","floor":30.0},{"not_picked":["Ghostly Armor","Havoc"],"picked":"Clash+1","floor":35},{"not_picked":["Power Through","Cleave+1","Infernal Blade"],"picked":"SKIP","floor":36},{"not_picked":["Iron Wave+1","hubris:ReadiedAction+1","Heavy Blade+1"],"picked":"SKIP","floor":37},{"not_picked":["Pommel Strike+1","Dark Embrace"],"picked":"Clash+1","floor":39},{"not_picked":["Disarm+1","Body Slam+1","Dual Wield"],"picked":"SKIP","floor":40},{"not_picked":["Warcry","hubris:SharpeningStone","Feel No Pain"],"picked":"SKIP","floor":42},{"not_picked":["Thunderclap+1","Sentinel","True Grit"],"picked":"SKIP","floor":44},{"not_picked":["Thunderclap+1","Sentinel","True Grit"],"picked":"SKIP","floor":44},{"not_picked":["Headbutt+1","Sword Boomerang+1","Bludgeon+1"],"picked":"SKIP","floor":46},{"not_picked":["Double Tap","Warcry","Headbutt+1"],"picked":"SKIP","floor":55}],"player_experience":225016,"relics_obtained":[{"floor":12.0,"key":"halation:KoshaPiece"},{"floor":14.0,"key":"reliquary:FerryPass"},{"floor":23.0,"key":"Omamori"},{"floor":24.0,"key":"hubris:GlazedTorus"},{"floor":25.0,"key":"Juzu Bracelet"},{"floor":26.0,"key":"reliquary:JackalopeAntler"},{"floor":27.0,"key":"reliquary:TuningFork"},{"floor":40,"key":"Blue Candle"},{"floor":42,"key":"hubris:MedicalManual"},{"floor":43,"key":"Strawberry"},{"floor":43,"key":"Mercury Hourglass"},{"floor":46,"key":"hubris:PeanutButter"},{"floor":55,"key":"Nunchaku"}],"event_choices":[{"damage_healed":0.0,"max_hp_gain":0.0,"max_hp_loss":0.0,"gold_gain":0.0,"event_name":"Wheel of Change","player_choice":"Damaged","floor":4.0,"gold_loss":0.0,"damage_taken":8.0},{"damage_healed":0.0,"max_hp_gain":0.0,"max_hp_loss":0.0,"gold_gain":0.0,"event_name":"The Library","player_choice":"Read","floor":21.0,"gold_loss":0.0,"damage_taken":0.0,"cards_obtained":["Iron Wave"]},{"damage_healed":0,"gold_gain":0,"player_choice":"Ignored","damage_taken":0,"max_hp_gain":0,"max_hp_loss":0,"event_name":"SecretPortal","floor":47,"gold_loss":0}],"is_beta":false,"boss_relics":[{"not_picked":["Runic Pyramid","halation:Prosthetics"],"picked":"halation:LoveArrow"},{"not_picked":["infinitespire:Burning Sword","halation:CatFaceCupcake"],"picked":"reliquary:RedCape"}],"items_purged_floors":[0,0,0,0,20,31,48],"is_endless":false,"potions_floor_spawned":[1,3,7,8,12,16,25,27,29,35,37,42,44],"killed_by":"The Heart","ascension_level":20}}