{"host":"3myjev3vgyev1bh2","time":1612344351,"event":{"mods":["BaseMod","Better Third Choice","Block Reminder","Ekko","Fireblade Mod","Hermit","Infinite Spire","Luminous","Minty Spire (QoL Compilation)","Quick Restart","RNG Fix","Rare Cards Sparkle","Relic Stats","Replay The Spire","Spicy Shops","StSLib","The Alterego","The Necromancer","The Servant 0.9.4","TheSwordswoman","UnlockEverythingMod"],"gold_per_floor":[115,129,129,143,161,161,194,194,194,68,97,113,113,113,113,113,113],"floor_reached":16,"language":"ENG","playtime":1249,"items_purged":["alterego_mod:Defend"],"score":102,"play_id":"3bbfc966-280d-4685-9914-3188f399ed08","local_time":"20210203042551","is_ascension_mode":false,"campfire_choices":[{"data":"alterego_mod:Punishment","floor":6,"key":"SMITH"},{"data":"alterego_mod:Impale","floor":8,"key":"SMITH"},{"floor":15,"key":"REST"}],"circlet_count":0,"master_deck":["alterego_mod:Strike","alterego_mod:Strike","alterego_mod:Strike","alterego_mod:Strike","alterego_mod:Defend","alterego_mod:Defend","alterego_mod:Defend","alterego_mod:Impale+1","alterego_mod:BigMeatyClaws","alterego_mod:BrynhildrsRune","alterego_mod:Punishment+1","alterego_mod:Undulate","alterego_mod:Crossover","alterego_mod:Maid","alterego_mod:ClassAdvantage","alterego_mod:Cooking","alterego_mod:Schoolgirl","alterego_mod:Birthday","Hallucinations","Languid","infinitespire:Collect"],"relics":["alterego_mod:MasochisticConstitution","NeowsBlessing","ReplayTheSpireMod:Ring of Challenge","ReplayTheSpireMod:Ring of Exchange","Turnip","StrikeDummy","Gremlin Horn"],"acts_visited":["Exordium"],"potions_floor_usage":[11],"damage_taken":[{"damage":2,"enemies":"Small Slimes","floor":1,"turns":2},{"damage":0,"enemies":"Cultist","floor":2,"turns":2},{"damage":3,"enemies":"Jaw Worm","floor":4,"turns":2},{"damage":3,"enemies":"2 Fungi Beasts","floor":5,"turns":3},{"damage":12,"enemies":"Looter","floor":7,"turns":3},{"damage":15,"enemies":"Gremlin Nob","floor":11,"turns":5},{"damage":16,"enemies":"Red Slaver","floor":12,"turns":4},{"damage":5,"enemies":"Fading Forest","floor":16,"turns":4}],"seed_played":"454313453403550427","potions_obtained":[{"floor":4,"key":"Block Potion"},{"floor":7,"key":"Elixir"},{"floor":11,"key":"Explosive Potion"},{"floor":12,"key":"ColorlessPotion"}],"is_trial":false,"path_per_floor":["M","M","?","M","M","R","M","R","T","$","E","M","?","?","R","B"],"character_chosen":"The_Alterego","items_purchased":["alterego_mod:Cooking"],"campfire_rested":1,"item_purchase_floors":[10],"current_hp_per_floor":[71,71,71,72,70,70,59,59,59,59,48,36,36,36,58,59,59],"gold":113,"neow_bonus":"THREE_ENEMY_KILL","is_daily":false,"chose_seed":false,"campfire_upgraded":2,"win_rate":0.0,"timestamp":1612344351,"path_taken":["M","M","?","M","M","R","M","R","T","$","E","M","?","?","R","BOSS"],"items_purchased_type":["Card"],"build_version":"2020-12-22","purchased_purges":1,"victory":false,"max_hp_per_floor":[71,71,71,72,73,73,74,74,74,74,75,76,76,76,76,76,76],"relic_stats":{"Gremlin Horn":[0,0],"counters":[8,25],"Turnip":[0],"obtain_stats":[{"ReplayTheSpireMod:Ring of Exchange":3,"alterego_mod:MasochisticConstitution":0,"NeowsBlessing":0,"Gremlin Horn":13,"Turnip":9,"ReplayTheSpireMod:Ring of Challenge":3,"StrikeDummy":11},{"ReplayTheSpireMod:Ring of Exchange":2,"alterego_mod:MasochisticConstitution":0,"NeowsBlessing":0,"Gremlin Horn":7,"Turnip":5,"ReplayTheSpireMod:Ring of Challenge":2,"StrikeDummy":6},{"ReplayTheSpireMod:Ring of Exchange":4,"alterego_mod:MasochisticConstitution":0,"NeowsBlessing":0,"Gremlin Horn":21,"Turnip":12,"ReplayTheSpireMod:Ring of Challenge":4,"StrikeDummy":17}]},"card_choices":[{"not_picked":["alterego_mod:Smother","alterego_mod:Rip"],"picked":"alterego_mod:Punishment","floor":1},{"not_picked":["alterego_mod:Bunnysuit","alterego_mod:Cushion"],"picked":"alterego_mod:Undulate","floor":2},{"not_picked":["alterego_mod:Santa","alterego_mod:Skirt"],"picked":"alterego_mod:Crossover","floor":4},{"not_picked":["alterego_mod:Crossover","alterego_mod:Skirt"],"picked":"alterego_mod:Maid","floor":5},{"not_picked":["alterego_mod:Birthday","alterego_mod:Pet"],"picked":"alterego_mod:ClassAdvantage","floor":7},{"not_picked":["alterego_mod:IdEs","alterego_mod:PerceptionDisorder"],"picked":"alterego_mod:Schoolgirl","floor":11},{"not_picked":["alterego_mod:PurpleHair","alterego_mod:BoobPocket"],"picked":"alterego_mod:Birthday","floor":12},{"not_picked":["infinitespire:UltimateForm","infinitespire:Punishment"],"picked":"infinitespire:Collect","floor":14}],"player_experience":85090,"relics_obtained":[{"floor":3,"key":"ReplayTheSpireMod:Ring of Challenge"},{"floor":3,"key":"ReplayTheSpireMod:Ring of Exchange"},{"floor":9,"key":"Turnip"},{"floor":11,"key":"StrikeDummy"}],"event_choices":[{"damage_healed":0,"gold_gain":0,"player_choice":"Gave Potion","damage_taken":0,"relics_obtained":["Gremlin Horn"],"max_hp_gain":0,"max_hp_loss":0,"event_name":"WeMeetAgain","floor":13,"gold_loss":0}],"is_beta":false,"boss_relics":[],"items_purged_floors":[10],"is_endless":false,"potions_floor_spawned":[4,7,11,12],"killed_by":"Fading Forest","ascension_level":0}}