{"host":"eemx8njkng76fu5x","time":1612350553,"event":{"mods":["2.2 Compatiblity","BaseMod","Colored Map","Downfall","Minty Spire (QoL Compilation)","Permanent Neow","StSLib","Unceasing Turn Reminder","Unknown Chances"],"gold_per_floor":[99,99,99,99,99,130,156,66,66,166,184,194,94,119,138,240,240,40,54,74,84,84,84,84,102,130,130,130,15,49,67,84,188,188,188,202,477,495,355,389,389,422,472,472,501,168,188,308,318,318,318,353,12,12,12,12],"floor_reached":57,"language":"ENG","playtime":3910,"items_purged":["Pain","Injury","Regret","hexamod:Sear","hexamod:SixthSeal"],"score":1965,"play_id":"be4d678f-61aa-485e-ae68-f318a0a466c5","local_time":"20210203190913","is_ascension_mode":true,"campfire_choices":[{"floor":1.0,"key":"RECALL"},{"floor":9.0,"key":"REST"},{"data":"hexamod:GhostLash","floor":13.0,"key":"SMITH"},{"data":"hexamod:GiftsFromTheDead","floor":18.0,"key":"SMITH"},{"data":"hexamod:GhostShield","floor":23.0,"key":"SMITH"},{"data":"hexamod:ShieldOfDarkness","floor":27.0,"key":"SMITH"},{"data":"hexamod:ParanormalForm","floor":35.0,"key":"SMITH"},{"floor":44,"key":"REST"},{"data":"expansioncontent:Chronoboost","floor":54,"key":"SMITH"}],"circlet_count":0,"master_deck":["hexamod:Strike+1","hexamod:Strike+1","hexamod:Strike+1","hexamod:Defend+1","hexamod:Defend+1","hexamod:Defend+1","hexamod:Defend+1","hexamod:Float","hexamod:GhostLash+1","hexamod:SpectersWail+1","hexamod:NightmareStrike+1","hexamod:NightmareStrike+1","hexamod:ThirdSeal","hexamod:ShieldOfDarkness+1","hexamod:PowerFromBeyond+1","hexamod:NightmareGuise+1","hexamod:SpectersWail+1","hexamod:GiftsFromTheDead+1","hexamod:Hexaguard+1","hexamod:GhostShield+1","hexamod:Hexaguard+1","hexamod:GhostShield+1","hexamod:NightmareGuise+1","hexamod:NightmareStrike+1","hexamod:PowerFromBeyond+1","hexamod:GhostLash+1","hexamod:NightmareGuise+1","hexamod:FirstSeal","hexamod:ThermalTransfer+1","hexamod:ParanormalForm+1","hexamod:FlameSwitch+1","hexamod:GhostLash+1","hexamod:EtherealExpedition+1","hexamod:PhantomCloak+1","hexamod:GhostLash+1","hexamod:NightmareGuise+1","hexamod:RecurringNightmare+1","hexamod:Hexaguard+1","hexamod:NightmareGuise+1","hexamod:NightmareGuise+1","hexamod:EtherealExpedition+1","expansioncontent:Chronoboost+1"],"relics":["hexamod:SpiritBrand","downfall:HeartsMalice","WarpedTongs","bronze:BronzeIdol","downfall:HeartBlessingBlue","Unceasing Top","Cursed Key","downfall:HeartBlessingGreen","downfall:HeartBlessingRed","Prayer Wheel","Juzu Bracelet","hexamod:CandleOfCauterizing","expansioncontent:StudyCardRelic","Letter Opener","Nunchaku","StoneCalendar","hexamod:InflammatoryLetter","Membership Card","champ:DeflectingBracers","Guardian:PocketSentry","Eternal Feather"],"acts_visited":["Exordium","TheCity","TheBeyond","TheEnding"],"potions_floor_usage":[42,45,52,52,56],"damage_taken":[{"damage":0.0,"enemies":"Jaw Worm","floor":2.0,"turns":1.0},{"damage":0.0,"enemies":"Cultist","floor":4.0,"turns":1.0},{"damage":0.0,"enemies":"2 Louse","floor":5.0,"turns":1.0},{"damage":26.0,"enemies":"Lagavulin","floor":6.0,"turns":7.0},{"damage":11.0,"enemies":"downfall:FleeingMerchant","floor":8.0,"turns":4.0},{"damage":6.0,"enemies":"Gremlin Gang","floor":11.0,"turns":5.0},{"damage":0.0,"enemies":"3 Louse","floor":12.0,"turns":2.0},{"damage":1.0,"enemies":"3 Sentries","floor":14.0,"turns":6.0},{"damage":10.0,"enemies":"Lots of Slimes","floor":15.0,"turns":3.0},{"damage":17.0,"enemies":"WA_ARCHETYPE_RETAIN","floor":16.0,"turns":6.0},{"damage":7.0,"enemies":"Chosen","floor":19.0,"turns":4.0},{"damage":1.0,"enemies":"Spheric Guardian","floor":20.0,"turns":5.0},{"damage":1.0,"enemies":"3 Cultists","floor":21.0,"turns":5.0},{"damage":12.0,"enemies":"Chosen and Byrds","floor":25.0,"turns":6.0},{"damage":0.0,"enemies":"Book of Stabbing","floor":26.0,"turns":6.0},{"damage":0.0,"enemies":"downfall:FleeingMerchant","floor":29.0,"turns":4.0},{"damage":14.0,"enemies":"Slavers","floor":30.0,"turns":5.0},{"damage":0.0,"enemies":"Sentry and Sphere","floor":31.0,"turns":4.0},{"damage":0.0,"enemies":"Centurion and Healer","floor":32.0,"turns":4.0},{"damage":0.0,"enemies":"IC_MUSHROOM_ARCHETYPE","floor":33.0,"turns":7.0},{"damage":0.0,"enemies":"Orb Walker","floor":36.0,"turns":3.0},{"damage":0.0,"enemies":"3 Shapes","floor":38.0,"turns":3.0},{"damage":4.0,"enemies":"downfall:FleeingMerchant","floor":39.0,"turns":4.0},{"damage":0.0,"enemies":"Reptomancer","floor":40.0,"turns":6.0},{"damage":46,"enemies":"Giant Head","floor":42,"turns":9},{"damage":0,"enemies":"Giant Head","floor":43,"turns":5},{"damage":5,"enemies":"Nemesis","floor":45,"turns":7},{"damage":2,"enemies":"3 Darklings","floor":47,"turns":5},{"damage":0,"enemies":"downfall:FleeingMerchant","floor":48,"turns":2},{"damage":11,"enemies":"4 Shapes","floor":49,"turns":3},{"damage":12,"enemies":"SI_POISON_ARCHETYPE","floor":50,"turns":7},{"damage":19,"enemies":"downfall:CharBossMerchant","floor":52,"turns":9},{"damage":0,"enemies":"downfall:NeowBoss","floor":55,"turns":10},{"damage":43,"enemies":"downfall:NeowBossFinal","floor":56,"turns":10}],"seed_played":"-2715433018353699184","potions_obtained":[{"floor":6.0,"key":"Strength Potion"},{"floor":12.0,"key":"BlessingOfTheForge"},{"floor":14.0,"key":"Ancient Potion"},{"floor":19.0,"key":"AttackPotion"},{"floor":26.0,"key":"Guardian:BlockOnCardUsePotion"},{"floor":31.0,"key":"Guardian:BlockOnCardUsePotion"},{"floor":33.0,"key":"hexamod:EctoCoolerPotion"},{"floor":42,"key":"Block Potion"},{"floor":43,"key":"hexamod:EctoCoolerPotion"},{"floor":49,"key":"Guardian:BlockOnCardUsePotion"}],"is_trial":false,"path_per_floor":["R","M","?","M","M","E","T","$","R","?","M","M","R","E","M","B",null,"R","M","M","M","?","R","T","M","E","R","?","$","E","M","M","B",null,"R","M","?","M","$","E","T","E","?","R","E","?","M","$","M","B",null,"E","$","R","B","B",null],"character_chosen":"THE_SPIRIT","items_purchased":["Membership Card","Guardian:PocketSentry","Eternal Feather","expansioncontent:Chronoboost"],"campfire_rested":2,"item_purchase_floors":[48,53,53,53],"current_hp_per_floor":[63,63,63,63,63,37,37,26,47,47,41,41,51,50,40,23,66,66,59,58,57,49,49,49,37,37,37,63,63,49,49,49,56,74,74,74,74,74,70,70,70,31,38,62,64,90,90,90,79,67,84,72,72,90,90,54],"gold":12,"neow_bonus":"THREE_ENEMY_KILL","is_daily":false,"chose_seed":false,"campfire_upgraded":6,"win_rate":0.0,"timestamp":1612350553,"path_taken":["R","M","?","?","M","E","T","$","R","?","M","M","R","E","M","BOSS","R","M","M","M","?","R","T","M","E","R","?","$","E","M","M","BOSS","R","M","?","M","$","E","T","E","?","R","E","?","M","$","M","BOSS","E","$","R","BOSS","BOSS"],"items_purchased_type":["Relic","Relic","Relic","Card"],"build_version":"2020-12-22","purchased_purges":5,"victory":true,"max_hp_per_floor":[70,70,70,70,70,70,70,70,70,70,70,70,80,80,80,80,80,80,80,80,80,80,80,80,80,80,80,80,80,80,80,80,80,80,80,80,80,80,80,80,80,80,80,80,80,90,90,90,90,90,90,90,90,90,90,90],"card_choices":[{"not_picked":["hexamod:DynamicBlow","hexamod:HeatShield"],"picked":"hexamod:GhostLash","floor":2.0},{"not_picked":["hexamod:SwordOfDarkness","hexamod:NecessarySacrifice"],"picked":"hexamod:SpectersWail","floor":4.0},{"not_picked":["hexamod:ChargedBarrage","hexamod:HeatMetal"],"picked":"hexamod:NightmareStrike","floor":5.0},{"not_picked":["hexamod:WildfireWeapon","hexamod:HexaLevel"],"picked":"hexamod:NightmareStrike","floor":6.0},{"not_picked":["hexamod:SuperheatedStrike","hexamod:ThermalTransfer","hexamod:BurningTouch"],"picked":"SKIP","floor":8.0},{"not_picked":["hexamod:NightmareStrike","hexamod:HeatMetal"],"picked":"hexamod:ThirdSeal","floor":11.0},{"not_picked":["hexamod:BurningTouch","hexamod:AdvancingGuard"],"picked":"hexamod:ShieldOfDarkness","floor":12.0},{"not_picked":["hexamod:RetreatToShadows","hexamod:BacktrackSmack","hexamod:BurningTouch"],"picked":"SKIP","floor":12.0},{"not_picked":["hexamod:ThirdSeal","hexamod:EmpoweredFlame"],"picked":"hexamod:PowerFromBeyond","floor":14.0},{"not_picked":["hexamod:BacktrackSmack","hexamod:InspiringFlames"],"picked":"hexamod:NightmareGuise","floor":14.0},{"not_picked":["hexamod:HeatMetal","hexamod:SwordOfDarkness"],"picked":"hexamod:SpectersWail","floor":15.0},{"not_picked":["hexamod:TimeWarp","hexamod:FifthSeal"],"picked":"hexamod:GiftsFromTheDead","floor":16.0},{"not_picked":["hexamod:TimeWarp","hexamod:ForkedFlame"],"picked":"hexamod:SixthSeal","floor":16.0},{"not_picked":["hexamod:GhostShield","hexamod:StepThrough"],"picked":"hexamod:Hexaguard+1","floor":19.0},{"not_picked":["hexamod:NecessarySacrifice","hexamod:NightmareStrike"],"picked":"hexamod:GhostShield+1","floor":19.0},{"not_picked":["hexamod:GhostflameBarrier","hexamod:ThermalTransfer+1"],"picked":"hexamod:Hexaguard","floor":20.0},{"not_picked":["hexamod:SuperheatedStrike","hexamod:SwordOfDarkness","hexamod:BurningTouch"],"picked":"SKIP","floor":20.0},{"not_picked":["hexamod:BacktrackSmack","hexamod:GhostOfSpirePast+1"],"picked":"hexamod:GhostShield","floor":21.0},{"not_picked":["hexamod:Rewind","hexamod:Firestarter","hexamod:ChargedBarrage+1"],"picked":"SKIP","floor":21.0},{"not_picked":["hexamod:FlamesFromBeyond","hexamod:Firestarter"],"picked":"hexamod:NightmareGuise","floor":25.0},{"not_picked":["hexamod:GhostLash","hexamod:HexaLevel"],"picked":"hexamod:NightmareStrike","floor":25.0},{"not_picked":["hexamod:HauntingEcho","hexamod:BurningTouch+1","hexamod:FastForward+1"],"picked":"SKIP","floor":25.0},{"not_picked":["hexamod:FlamesFromBeyond+1","hexamod:ThirdSeal"],"picked":"hexamod:PowerFromBeyond+1","floor":26.0},{"not_picked":["hexamod:CatchUp+1","hexamod:GhostOfSpirePresent","hexamod:PowerFromBeyond"],"picked":"SKIP","floor":26.0},{"not_picked":["hexamod:SpectralSpark","hexamod:FlamesFromBeyond","hexamod:SpectersWail"],"picked":"SKIP","floor":29.0},{"not_picked":["hexamod:GhostflameBarrier","hexamod:PowerFromBeyond","hexamod:EmpoweredFlame+1"],"picked":"SKIP","floor":29.0},{"not_picked":["hexamod:Again","hexamod:WildfireWeapon"],"picked":"hexamod:GhostLash","floor":30.0},{"not_picked":["hexamod:Incineration","hexamod:PhantomFireball","hexamod:GhostflameBarrier+1"],"picked":"SKIP","floor":30.0},{"not_picked":["hexamod:Incineration","hexamod:PhantomFireball","hexamod:GhostflameBarrier+1"],"picked":"SKIP","floor":30.0},{"not_picked":["hexamod:SpectersWail","hexamod:Firestarter+1"],"picked":"hexamod:NightmareGuise","floor":31.0},{"not_picked":["hexamod:ThirdSeal","hexamod:GhostShield","hexamod:EmpoweredFlame"],"picked":"SKIP","floor":31.0},{"not_picked":["hexamod:HeatMetal+1","hexamod:UnlimitedPower","hexamod:AdvancingGuard"],"picked":"SKIP","floor":31.0},{"not_picked":["hexamod:ExtraCrispy","hexamod:Hexaguard"],"picked":"hexamod:FirstSeal","floor":32.0},{"not_picked":["hexamod:Hexaguard","hexamod:Rewind+1"],"picked":"hexamod:ThermalTransfer+1","floor":32.0},{"not_picked":["hexamod:HauntingEcho","hexamod:FourthSeal","hexamod:HeatMetal"],"picked":"SKIP","floor":32.0},{"not_picked":["hexamod:Toasty","hexamod:HexaLevel"],"picked":"hexamod:ParanormalForm","floor":33.0},{"not_picked":["hexamod:GhostflameInferno","hexamod:HexaLevel"],"picked":"hexamod:FlameSwitch","floor":33.0},{"not_picked":["hexamod:ShieldOfDarkness","hexamod:RadiantFlame+1"],"picked":"hexamod:GhostLash+1","floor":36.0},{"not_picked":["hexamod:SkipABeat+1","hexamod:GhostOfSpirePast+1","hexamod:AdvancingGuard"],"picked":"SKIP","floor":36.0},{"not_picked":["hexamod:UnleashSpirits","hexamod:ShieldOfDarkness"],"picked":"hexamod:EtherealExpedition+1","floor":38.0},{"not_picked":["hexamod:DynamicBlow","hexamod:AdvancingGuard"],"picked":"hexamod:PhantomCloak+1","floor":38.0},{"not_picked":["hexamod:SpectralSpark","hexamod:SwordOfDarkness","hexamod:InspiringFlames+1"],"picked":"SKIP","floor":38.0},{"not_picked":["hexamod:Firestarter+1","hexamod:InspiringFlames+1","hexamod:SpectralAdrenaline"],"picked":"SKIP","floor":39.0},{"not_picked":["hexamod:SuperheatedStrike","hexamod:SpectersWail+1"],"picked":"hexamod:GhostLash+1","floor":40.0},{"not_picked":["hexamod:SpectralSpark+1","hexamod:GhostOfSpireFuture","hexamod:Incineration"],"picked":"SKIP","floor":42},{"not_picked":["hexamod:ThermalTransfer","hexamod:NecessarySacrifice","hexamod:HauntingEcho"],"picked":"SKIP","floor":42},{"not_picked":["hexamod:RetreatToShadows+1","hexamod:FastForward+1"],"picked":"hexamod:NightmareGuise","floor":45},{"not_picked":["hexamod:DynamicBlow","hexamod:BacktrackSmack+1","hexamod:FirstSeal"],"picked":"SKIP","floor":45},{"not_picked":["hexamod:BurningTouch","hexamod:RainOfEmbers+1"],"picked":"hexamod:RecurringNightmare","floor":47},{"not_picked":["hexamod:FirstSeal","hexamod:FlamesFromBeyond+1","hexamod:VolcanoVisage"],"picked":"SKIP","floor":47},{"not_picked":["hexamod:DynamicBlow","hexamod:RetreatToShadows","hexamod:NightmareStrike"],"picked":"SKIP","floor":47},{"not_picked":["hexamod:HeatMetal+1","hexamod:HauntingEcho"],"picked":"hexamod:Hexaguard+1","floor":48},{"not_picked":["hexamod:CatchUp","hexamod:GhostOfSpireFuture+1"],"picked":"hexamod:NightmareGuise+1","floor":49},{"not_picked":["hexamod:GhostLash+1","hexamod:ThermalTransfer+1","hexamod:ShieldOfDarkness"],"picked":"SKIP","floor":49},{"not_picked":["hexamod:ShieldOfDarkness","hexamod:PhantomCloak","hexamod:HeatMetal+1"],"picked":"SKIP","floor":49},{"not_picked":["hexamod:FastForward+1","hexamod:SwordOfDarkness"],"picked":"hexamod:NightmareGuise+1","floor":52},{"not_picked":["hexamod:ShieldOfDarkness","hexamod:ThermalTransfer+1"],"picked":"hexamod:EtherealExpedition+1","floor":52}],"player_experience":537443,"relics_obtained":[{"floor":6.0,"key":"bronze:BronzeIdol"},{"floor":14.0,"key":"Unceasing Top"},{"floor":24.0,"key":"Prayer Wheel"},{"floor":26.0,"key":"Juzu Bracelet"},{"floor":30.0,"key":"hexamod:CandleOfCauterizing"},{"floor":40.0,"key":"Letter Opener"},{"floor":42,"key":"Nunchaku"},{"floor":43,"key":"StoneCalendar"},{"floor":45,"key":"hexamod:InflammatoryLetter"},{"floor":52,"key":"champ:DeflectingBracers"}],"event_choices":[{"damage_healed":0.0,"max_hp_gain":0.0,"max_hp_loss":0.0,"gold_gain":0.0,"event_name":"Accursed Blacksmith","player_choice":"Rummage","floor":3.0,"gold_loss":0.0,"damage_taken":0.0,"relics_obtained":["WarpedTongs"],"cards_obtained":["Pain"]},{"damage_healed":26.0,"max_hp_gain":0.0,"max_hp_loss":0.0,"gold_gain":0.0,"event_name":"The Library","player_choice":"Heal","floor":28.0,"gold_loss":0.0,"damage_taken":0.0}],"is_beta":false,"boss_relics":[{"not_picked":["Empty Cage","Busted Crown"],"picked":"Cursed Key"},{"not_picked":["Snecko Eye","hexamod:IceCube"],"picked":"expansioncontent:StudyCardRelic"}],"items_purged_floors":[8,29,39,48,53],"is_endless":false,"potions_floor_spawned":[6,12,14,19,26,31,33,42,43,49],"ascension_level":8}}