{"host":"iv8ljmz7si0xetfh","time":1612360273,"event":{"mods":["100% Spire Juice","BaseMod","Bestiary","Better Note","Colored Map","Colored Powertips","Dark Map","DeckTracker","Displayed Cursed Tome","Downfall","Highlight Path","Minty Spire (QoL Compilation)","Prisma Mod","Rare Cards Sparkle","Relic Stats","StSLib","The Alterego","Unceasing Turn Reminder"],"gold_per_floor":[117,117,136,136,146,146,176,58,58,58,58,77,94,104,104,201,81,94,111,111,3,3,3,38,38,38,49,77,87,87,87,87,187,187,204,204,34,52,52,52,65,65,65,65,79,91,101,101,101,101],"floor_reached":51,"language":"ENG","playtime":5958,"items_purged":["Moonworks:Strike","downfall:Bewildered"],"score":671,"play_id":"b5bcec64-de35-4c12-b429-ea5a74b2f2ac","local_time":"20210203135113","is_ascension_mode":true,"campfire_choices":[{"data":"Moonworks:LuckyCharm","floor":6,"key":"SMITH"},{"floor":10,"key":"REST"},{"floor":15,"key":"REST"},{"data":"Moonworks:OutOfAmmo","floor":23,"key":"SMITH"},{"floor":25,"key":"REST"},{"data":"Moonworks:TacticalRetreat","floor":30,"key":"SMITH"},{"data":"Moonworks:RedAndBlue","floor":32,"key":"SMITH"},{"data":"Moonworks:Dash","floor":40,"key":"SMITH"},{"data":"Moonworks:AccelHyper","floor":44,"key":"SMITH"},{"floor":49,"key":"DIG"}],"circlet_count":0,"master_deck":["Moonworks:Strike+1","Moonworks:Defend+1","Moonworks:Defend","Moonworks:Defend","Moonworks:Ambush","Moonworks:LongDistanceShot","Moonworks:LuckyCharm+1","Moonworks:EvilSpyWorkPreparation","Moonworks:ForcedRevival","Moonworks:FullSpeedAlicianrone+1","Moonworks:TacticalRetreat+1","Moonworks:RedAndBlue+1","Moonworks:AwakeningOfTalent+1","Moonworks:AnotherUltimateWeapon+1","Moonworks:SweetBattle+1","Moonworks:TreasureThief+1","Moonworks:WindyEnchantment","Moonworks:CompletionReward+1","Moonworks:UnluckyCharm","Moonworks:CookingTime+1","Moonworks:x16BigRocket+1","Moonworks:Dinner","Moonworks:ShieldCounter","CurseOfTheBell","Moonworks:Dash+1","Moonworks:ExtendedPhotonRifle+1","Moonworks:AccelHyper+1","Madness","Madness"],"relics":["Moonworks:BrokenBomb","Moonworks:Homemark","Smiling Mask","Molten Egg 2","Incense Burner","Astrolabe","sneckomod:BabySnecko","Enchiridion","InkBottle","Pantograph","StoneCalendar","Calling Bell","MealTicket","Letter Opener","Shovel","Unceasing Top","Lantern"],"acts_visited":["Exordium","TheCity","TheBeyond"],"potions_floor_usage":[12,14,16,21,24,27,50],"damage_taken":[{"damage":6,"enemies":"Jaw Worm","floor":1,"turns":3},{"damage":0,"enemies":"Small Slimes","floor":3,"turns":3},{"damage":1,"enemies":"Cultist","floor":5,"turns":3},{"damage":23,"enemies":"Lagavulin","floor":7,"turns":8},{"damage":27,"enemies":"Exordium Thugs","floor":12,"turns":5},{"damage":6,"enemies":"Lots of Slimes","floor":13,"turns":5},{"damage":0,"enemies":"Looter","floor":14,"turns":2},{"damage":16,"enemies":"Slime Boss","floor":16,"turns":9},{"damage":0,"enemies":"Spheric Guardian","floor":18,"turns":3},{"damage":0,"enemies":"Chosen","floor":19,"turns":5},{"damage":0,"enemies":"Snecko","floor":21,"turns":4},{"damage":16,"enemies":"Book of Stabbing","floor":24,"turns":4},{"damage":1,"enemies":"Centurion and Healer","floor":27,"turns":5},{"damage":18,"enemies":"Gremlin Leader","floor":28,"turns":9},{"damage":0,"enemies":"3 Cultists","floor":29,"turns":4},{"damage":34,"enemies":"Champ","floor":33,"turns":9},{"damage":0,"enemies":"Orb Walker","floor":35,"turns":4},{"damage":9,"enemies":"3 Shapes","floor":38,"turns":4},{"damage":0,"enemies":"Maw","floor":41,"turns":6},{"damage":9,"enemies":"3 Darklings","floor":45,"turns":3},{"damage":0,"enemies":"Transient","floor":46,"turns":5},{"damage":24,"enemies":"Jaw Worm Horde","floor":47,"turns":2},{"damage":22,"enemies":"Awakened One","floor":50,"turns":5}],"seed_played":"4714486070722363274","potions_obtained":[{"floor":0,"key":"AttackPotion"},{"floor":0,"key":"LiquidBronze"},{"floor":0,"key":"SkillPotion"},{"floor":1,"key":"LiquidMemories"},{"floor":5,"key":"Ancient Potion"},{"floor":13,"key":"Block Potion"},{"floor":16,"key":"DuplicationPotion"},{"floor":18,"key":"Slimebound:ThreeZeroPotion"},{"floor":21,"key":"Block Potion"},{"floor":27,"key":"Guardian:BlockOnCardUsePotion"},{"floor":38,"key":"Strength Potion"}],"is_trial":false,"path_per_floor":["M","?","M","?","M","R","E","$","T","R","T","M","M","M","R","B",null,"M","M","?","M","?","R","E","R","T","M","E","M","R","?","R","B",null,"M","?","$","M","?","R","M","?","T","R","M","M","M","?","R","B",null],"character_chosen":"THE_STARBREAKER","items_purchased":["Moonworks:OutOfAmmo"],"campfire_rested":3,"item_purchase_floors":[8],"current_hp_per_floor":[54,42,42,42,41,41,18,18,18,36,36,14,13,13,31,20,60,60,60,60,60,44,44,33,51,51,59,49,59,59,59,59,29,59,59,59,59,56,56,56,59,59,59,59,50,59,40,33,33,37],"gold":101,"neow_bonus":"THREE_SMALL_POTIONS","is_daily":false,"chose_seed":false,"campfire_upgraded":6,"win_rate":0.0,"timestamp":1612360273,"path_taken":["M","?","M","?","?","R","E","$","T","R","?","M","M","M","R","BOSS","M","?","?","M","?","R","E","R","T","M","E","M","R","?","R","BOSS","M","?","$","?","?","R","M","?","T","R","?","M","M","?","R","BOSS"],"items_purchased_type":["Card"],"build_version":"2020-12-22","purchased_purges":2,"victory":true,"max_hp_per_floor":[60,60,60,60,60,60,60,60,60,60,60,60,60,60,60,60,60,60,60,60,60,60,60,60,60,60,60,59,59,59,59,59,59,59,59,59,59,59,59,59,59,59,59,59,59,59,59,59,59,59],"relic_stats":{"Shovel":1,"counters":[23,110],"Astrolabe":["Moonworks:AwakeningOfTalent","Moonworks:AnotherUltimateWeapon","Moonworks:SweetBattle"],"Pantograph":25,"StoneCalendar":[52],"MealTicket":0,"Letter Opener":[124],"Smiling Mask":75,"obtain_stats":[{"Lantern":49,"Astrolabe":17,"Enchiridion":22,"StoneCalendar":28,"Incense Burner":11,"Letter Opener":34,"Smiling Mask":7,"Calling Bell":34,"sneckomod:BabySnecko":20,"Shovel":34,"Moonworks:Homemark":0,"Pantograph":26,"Molten Egg 2":9,"MealTicket":34,"InkBottle":24,"Unceasing Top":43,"Moonworks:BrokenBomb":0},{"Lantern":22,"Astrolabe":8,"Enchiridion":11,"StoneCalendar":14,"Incense Burner":4,"Letter Opener":16,"Smiling Mask":4,"Calling Bell":16,"sneckomod:BabySnecko":10,"Shovel":16,"Moonworks:Homemark":0,"Pantograph":12,"Molten Egg 2":4,"MealTicket":16,"InkBottle":12,"Unceasing Top":19,"Moonworks:BrokenBomb":0},{"Lantern":105,"Astrolabe":38,"Enchiridion":50,"StoneCalendar":68,"Incense Burner":17,"Letter Opener":81,"Smiling Mask":17,"Calling Bell":81,"sneckomod:BabySnecko":46,"Shovel":81,"Moonworks:Homemark":0,"Pantograph":54,"Molten Egg 2":17,"MealTicket":81,"InkBottle":54,"Unceasing Top":95,"Moonworks:BrokenBomb":0}],"InkBottle":[25],"Unceasing Top":[1]},"card_choices":[{"not_picked":["Moonworks:Dash","Moonworks:MixPhenomenon"],"picked":"Moonworks:Assault","floor":1},{"not_picked":["Moonworks:StiffCrystal","Moonworks:ForcedRevival"],"picked":"Moonworks:LuckyCharm","floor":3},{"not_picked":["Moonworks:BeyondHell","Moonworks:ImmovableObject"],"picked":"Moonworks:EvilSpyWorkPreparation","floor":5},{"not_picked":["Moonworks:DevilHand","Moonworks:MiracleWalker"],"picked":"Moonworks:ForcedRevival","floor":7},{"not_picked":["Moonworks:LulusLuckyEgg","Moonworks:AwakeningOfTalent+1"],"picked":"Moonworks:FullSpeedAlicianrone+1","floor":12},{"not_picked":["Moonworks:FullSpeedAlicianrone+1","Moonworks:SakisCookie"],"picked":"Moonworks:TacticalRetreat","floor":13},{"not_picked":["Moonworks:DeployBits","Moonworks:NicePresent"],"picked":"Moonworks:RedAndBlue","floor":14},{"not_picked":["Moonworks:StarBlastingFuse","Moonworks:Encore"],"picked":"Moonworks:AnotherUltimateWeapon","floor":16},{"not_picked":["Moonworks:TacticalRetreat","Moonworks:Assault+1"],"picked":"Moonworks:TreasureThief+1","floor":18},{"not_picked":["Moonworks:EvilSpyWorkPreparation+1","Moonworks:Bloodlust"],"picked":"Moonworks:WindyEnchantment","floor":19},{"not_picked":["Moonworks:AwakeningOfTalent+1","Moonworks:EvilSpyWorkPreparation+1"],"picked":"Moonworks:CompletionReward+1","floor":21},{"not_picked":["Moonworks:ImOnFire+1","Moonworks:RagingMadness","Moonworks:LulusLuckyEgg+1"],"picked":"SKIP","floor":24},{"not_picked":["Moonworks:ForcedRevival","Moonworks:BigMagnum"],"picked":"Moonworks:Heat300Percent","floor":27},{"not_picked":["Moonworks:ImOnFire","Moonworks:ForcedRevival"],"picked":"Moonworks:UnluckyCharm","floor":28},{"not_picked":["Moonworks:JonathanRush+1","Moonworks:IndiscriminateFireSupport+1"],"picked":"Moonworks:CookingTime+1","floor":29},{"not_picked":["Moonworks:Wanted","Moonworks:StarBlastingFuse"],"picked":"Moonworks:ShieldCounter","floor":33},{"not_picked":["Moonworks:CompletionReward+1","Moonworks:Poppoformation+1","Moonworks:IndiscriminateFireSupport+1"],"picked":"SKIP","floor":35},{"not_picked":["Moonworks:WindyEnchantment+1","Moonworks:BigMagnum"],"picked":"Moonworks:Dash","floor":38},{"not_picked":["Moonworks:SakisCookie+1","Moonworks:IndiscriminateFireSupport+1"],"picked":"Moonworks:ExtendedPhotonRifle+1","floor":41},{"not_picked":["Moonworks:Dash+1","Moonworks:CloudOfSeagulls+1","Moonworks:ImOnFire+1"],"picked":"SKIP","floor":45},{"not_picked":["Moonworks:MiracleWalker","Moonworks:SelfDestruct+1","Moonworks:MiracleRedBeanIceCream"],"picked":"SKIP","floor":46},{"not_picked":["Moonworks:BindingChains","Moonworks:DevilHand+1","Moonworks:DeployBits"],"picked":"SKIP","floor":47}],"player_experience":358332,"relics_obtained":[{"floor":7,"key":"Smiling Mask"},{"floor":9,"key":"Molten Egg 2"},{"floor":11,"key":"Incense Burner"},{"floor":24,"key":"InkBottle"},{"floor":26,"key":"Pantograph"},{"floor":28,"key":"StoneCalendar"},{"floor":34,"key":"MealTicket"},{"floor":34,"key":"Letter Opener"},{"floor":34,"key":"Shovel"},{"floor":43,"key":"Unceasing Top"},{"floor":49,"key":"Lantern"}],"event_choices":[{"damage_healed":0,"gold_gain":0,"player_choice":"Entered Light","damage_taken":12,"max_hp_gain":0,"max_hp_loss":0,"event_name":"Shining Light","floor":2,"gold_loss":0,"cards_upgraded":["Moonworks:Strike","Moonworks:Defend"]},{"damage_healed":0,"gold_gain":0,"player_choice":"Bought 0 Potions","damage_taken":0,"max_hp_gain":0,"max_hp_loss":0,"event_name":"The Woman in Blue","floor":4,"gold_loss":0},{"damage_healed":0,"gold_gain":0,"player_choice":"Obtained Book","damage_taken":16,"max_hp_gain":0,"max_hp_loss":0,"event_name":"Cursed Tome","floor":22,"gold_loss":0},{"damage_healed":0,"gold_gain":0,"cards_transformed":["Moonworks:OutOfAmmo","Moonworks:Heat300Percent"],"player_choice":"Became Test Subject","damage_taken":0,"max_hp_gain":0,"max_hp_loss":0,"event_name":"Drug Dealer","floor":31,"gold_loss":0,"cards_obtained":["Moonworks:x16BigRocket","Moonworks:Dinner"]},{"damage_healed":0,"gold_gain":0,"player_choice":"0 cards matched","damage_taken":0,"max_hp_gain":0,"max_hp_loss":0,"event_name":"Match and Keep!","floor":36,"gold_loss":0,"cards_obtained":[]},{"cards_removed":["Moonworks:AnotherUltimateWeapon"],"damage_healed":0,"gold_gain":0,"player_choice":"Removed Power","damage_taken":0,"max_hp_gain":0,"max_hp_loss":0,"event_name":"Falling","floor":39,"gold_loss":0},{"damage_healed":0,"gold_gain":0,"cards_transformed":["Moonworks:Defend"],"player_choice":"Transformed","damage_taken":0,"max_hp_gain":0,"max_hp_loss":0,"event_name":"Transmorgrifier","floor":42,"gold_loss":0,"cards_obtained":["Moonworks:AccelHyper"]},{"damage_healed":0,"gold_gain":0,"player_choice":"Embrace Madness","damage_taken":7,"max_hp_gain":0,"max_hp_loss":0,"event_name":"Winding Halls","floor":48,"gold_loss":0,"cards_obtained":["Madness","Madness"]}],"is_beta":false,"boss_relics":[{"not_picked":["Empty Cage","Runic Dome"],"picked":"Astrolabe"},{"not_picked":["Coffee Dripper","Tiny House"],"picked":"Calling Bell"}],"items_purged_floors":[8,37],"is_endless":false,"potions_floor_spawned":[1,5,13,16,18,19,21,27,38,47],"ascension_level":1}}