{"host":"lblchrha3vh2nram","time":1612319644,"event":{"mods":["BaseMod","Bestiary","Better Altar","Better Skull","Better Third Choice","ChefMod","Downfall","Evolution","Hermit","Highlight Path","Mad Scientist","Minty Spire (QoL Compilation)","Potionbrewer","Shade Mod","Spicy Shops","StSLib","The Blue Laboratory","The Bug Knight","The Dragon Tamer","The Elementalist","The Hierophant","The Kombatant","The Marked","????"],"gold_per_floor":[116,127,141,216,216,216,229,229,229,264,264,274,309,321,321,321,321],"floor_reached":16,"language":"ENG","playtime":938,"items_purged":[],"score":112,"play_id":"2228dc81-f865-4897-bce8-624a71fd7128","local_time":"20210202213404","is_ascension_mode":false,"campfire_choices":[{"data":"MadScienceMod:Bayonet","floor":6,"key":"SMITH"},{"data":"MadScienceMod:HideBehindJunk","floor":8,"key":"SMITH"},{"floor":15,"key":"REST"}],"circlet_count":0,"master_deck":["MadScienceMod:Strike_MadScience","MadScienceMod:Strike_MadScience","MadScienceMod:Strike_MadScience","MadScienceMod:Strike_MadScience+1","MadScienceMod:Defend_MadScience","MadScienceMod:Defend_MadScience","MadScienceMod:Defend_MadScience","MadScienceMod:Defend_MadScience","MadScienceMod:PoweredStrike","MadScienceMod:HideBehindJunk+1","MadScienceMod:SoftenUp+1","MadScienceMod:Bayonet+1","MadScienceMod:AssemblyLine","Regret","MadScienceMod:RadioactiveSword","MadScienceMod:OilDrum","MadScienceMod:RecyclingStation","MadScienceMod:FlameCannon","MadScienceMod:FlameCannon"],"relics":["MadScienceMod:FuelTank","EVO:Axolotl","NeowsBlessing","Meat on the Bone","PlaceholderMod:DeVermisMysteriis","HollowMod:PaleOreRelic","Pantograph","Whetstone"],"acts_visited":["Exordium"],"potions_floor_usage":[10,12,13,13],"damage_taken":[{"damage":0,"enemies":"2 Louse","floor":1,"turns":1},{"damage":0,"enemies":"Jaw Worm","floor":2,"turns":1},{"damage":0,"enemies":"Small Slimes","floor":3,"turns":1},{"damage":10,"enemies":"Red Slaver","floor":7,"turns":3},{"damage":15,"enemies":"HollowMod:MossKnight","floor":10,"turns":8},{"damage":2,"enemies":"3 Louse","floor":12,"turns":3},{"damage":22,"enemies":"Lagavulin","floor":13,"turns":5},{"damage":3,"enemies":"Looter","floor":14,"turns":2},{"damage":78,"enemies":"Hexaghost","floor":16,"turns":9}],"seed_played":"-931767672893036138","potions_obtained":[{"floor":1,"key":"blueLaboratory:FrostheartPotion"},{"floor":2,"key":"champ:CounterPotion"},{"floor":3,"key":"potionbrewer:AcidPotion"},{"floor":10,"key":"Strength Potion"},{"floor":14,"key":"blueLaboratory:Moonshine"}],"is_trial":false,"path_per_floor":["M","M","M","?","?","R","M","R","T","E","T","M","E","M","R","B"],"character_chosen":"MAD_SCIENTIST","items_purchased":[],"campfire_rested":1,"item_purchase_floors":[],"current_hp_per_floor":[75,75,75,64,64,64,54,54,54,39,39,49,39,48,70,0,0],"gold":321,"neow_bonus":"THREE_ENEMY_KILL","is_daily":false,"chose_seed":false,"campfire_upgraded":2,"win_rate":0.0,"timestamp":1612319644,"path_taken":["M","M","M","?","?","R","M","R","T","E","?","?","E","M","R","BOSS"],"items_purchased_type":[],"build_version":"2020-12-22","purchased_purges":0,"victory":false,"max_hp_per_floor":[75,75,75,75,75,75,75,75,75,75,75,75,75,75,75,75,75],"card_choices":[{"not_picked":["MadScienceMod:ParticleBeam","MadScienceMod:MinatureWeapons"],"picked":"MadScienceMod:SoftenUp","floor":1},{"not_picked":["MadScienceMod:FlexibleSpear","MadScienceMod:ShrinkRay"],"picked":"MadScienceMod:Bayonet","floor":2},{"not_picked":["MadScienceMod:SoftenUp","MadScienceMod:ExploreOptions"],"picked":"MadScienceMod:AssemblyLine","floor":3},{"not_picked":["MadScienceMod:Virus","MadScienceMod:Poke"],"picked":"MadScienceMod:RadioactiveSword","floor":7},{"not_picked":["MadScienceMod:BandageBot","MadScienceMod:FlammableWall"],"picked":"MadScienceMod:OilDrum","floor":10},{"not_picked":["MadScienceMod:FlexibleSpear","MadScienceMod:FragmentationGrenade"],"picked":"MadScienceMod:RecyclingStation","floor":12},{"not_picked":["MadScienceMod:AntimatterBomb","MadScienceMod:Automate"],"picked":"MadScienceMod:FlameCannon","floor":13},{"not_picked":["MadScienceMod:EnergyBarrier","MadScienceMod:Browse"],"picked":"MadScienceMod:FlameCannon","floor":14}],"player_experience":66053,"relics_obtained":[{"floor":9,"key":"PlaceholderMod:DeVermisMysteriis"},{"floor":10,"key":"HollowMod:PaleOreRelic"},{"floor":11,"key":"Pantograph"},{"floor":13,"key":"Whetstone"}],"event_choices":[{"damage_healed":0,"gold_gain":75,"player_choice":"Gold","damage_taken":11,"max_hp_gain":0,"max_hp_loss":0,"event_name":"betterThird:BetterGoop","floor":4,"gold_loss":0},{"damage_healed":0,"gold_gain":0,"player_choice":"Box","damage_taken":0,"relics_obtained":["Meat on the Bone"],"max_hp_gain":0,"max_hp_loss":0,"event_name":"Big Fish","floor":5,"gold_loss":0,"cards_obtained":["Regret"]}],"is_beta":false,"boss_relics":[],"items_purged_floors":[],"is_endless":false,"potions_floor_spawned":[1,2,3,10,14],"killed_by":"Hexaghost","ascension_level":0}}