{"host":"bxn2em57qlx5u4i0","time":1612319945,"event":{"mods":["BaseMod","Colored Map","Colored Powertips","Highlight Path","Minty Spire (QoL Compilation)","Random Character Button","Relic Sorter","Relic Stats","StSLib","SuperFastMode"],"gold_per_floor":[115,115,134,5,21,53,53,1,1,26,41,55,55,82,82,156,156,175,10,10,26,26,60,60,94,94,94,144,144,171,187,187,264,264,280,280,299,299,318,344,344,344,344,370,370,30,55,73,73,73,73,73,73,45,76,76],"floor_reached":57,"language":"ENG","playtime":3099,"items_purged":[],"score":3053,"play_id":"ce09318f-af6f-4af5-b77c-13547fb75489","local_time":"20210202213905","is_ascension_mode":true,"campfire_choices":[{"data":"Noxious Fumes","floor":7.0,"key":"SMITH"},{"data":"Glass Knife","floor":13,"key":"SMITH"},{"data":"Neutralize","floor":15,"key":"SMITH"},{"data":"Wraith Form v2","floor":24,"key":"SMITH"},{"data":"Backflip","floor":27,"key":"SMITH"},{"data":"Backflip","floor":29,"key":"SMITH"},{"data":"All Out Attack","floor":32,"key":"SMITH"},{"floor":42,"key":"RECALL"},{"data":"Flying Knee","floor":45,"key":"PURGE"},{"data":"Quick Slash","floor":49,"key":"PURGE"},{"data":"Backflip+1","floor":53,"key":"PURGE"}],"circlet_count":0,"master_deck":["AscendersBane","Survivor+1","Neutralize+1","Backflip+1","Noxious Fumes+1","Deflect+1","Glass Knife+1","Backflip+1","Bouncing Flask+1","Prepared+1","PiercingWail+1","Malaise+1","Leg Sweep+1","All Out Attack+1","Acrobatics+1","Adrenaline+1","Concentrate+1","Backflip+1","Adrenaline+1","Wraith Form v2+1","Bullet Time+1","Acrobatics+1","Bullet Time+1","Night Terror+1","Reflex+1","Adrenaline+1","Bandage Up+1","Madness+1","Deflect+1","Prepared+1","Deadly Poison+1","Bouncing Flask+1"],"relics":["Ring of the Snake","NeowsBlessing","Paper Crane","Oddly Smooth Stone","Toxic Egg 2","Eternal Feather","Pandora\u0027s Box","DollysMirror","Sundial","Ice Cream","War Paint","Shuriken","Runic Pyramid","InkBottle","Peace Pipe","Letter Opener","Medical Kit","Bronze Scales","Unceasing Top","HornCleat"],"acts_visited":["Exordium","TheCity","TheBeyond","TheEnding"],"potions_floor_usage":[10,14,56],"damage_taken":[{"damage":0.0,"enemies":"Cultist","floor":1.0,"turns":1.0},{"damage":0.0,"enemies":"Jaw Worm","floor":3.0,"turns":1.0},{"damage":0.0,"enemies":"Small Slimes","floor":5.0,"turns":1.0},{"damage":12.0,"enemies":"3 Sentries","floor":6.0,"turns":7.0},{"damage":26,"enemies":"Gremlin Nob","floor":10,"turns":4},{"damage":0,"enemies":"Red Slaver","floor":11,"turns":3},{"damage":1,"enemies":"Blue Slaver","floor":12,"turns":4},{"damage":16,"enemies":"3 Sentries","floor":14,"turns":7},{"damage":1,"enemies":"Hexaghost","floor":16,"turns":8},{"damage":0,"enemies":"Chosen","floor":18,"turns":5},{"damage":0,"enemies":"Shell Parasite","floor":21,"turns":4},{"damage":0,"enemies":"Slavers","floor":23,"turns":6},{"damage":0,"enemies":"Book of Stabbing","floor":25,"turns":7},{"damage":1,"enemies":"Gremlin Leader","floor":30,"turns":6},{"damage":0,"enemies":"3 Cultists","floor":31,"turns":4},{"damage":11,"enemies":"Champ","floor":33,"turns":12},{"damage":0,"enemies":"3 Darklings","floor":35,"turns":6},{"damage":0,"enemies":"Orb Walker","floor":37,"turns":4},{"damage":0,"enemies":"Sphere and 2 Shapes","floor":39,"turns":6},{"damage":0,"enemies":"Nemesis","floor":40,"turns":5},{"damage":1,"enemies":"Giant Head","floor":44,"turns":8},{"damage":0,"enemies":"Nemesis","floor":47,"turns":5},{"damage":0,"enemies":"Spire Growth","floor":48,"turns":5},{"damage":10,"enemies":"Awakened One","floor":50,"turns":27},{"damage":3,"enemies":"Time Eater","floor":51,"turns":13},{"damage":0,"enemies":"Shield and Spear","floor":55,"turns":8},{"damage":42,"enemies":"The Heart","floor":56,"turns":11}],"seed_played":"303106982192779684","potions_obtained":[{"floor":1.0,"key":"Explosive Potion"},{"floor":11,"key":"AttackPotion"},{"floor":25,"key":"Explosive Potion"},{"floor":30,"key":"FearPotion"},{"floor":33,"key":"Energy Potion"},{"floor":39,"key":"GhostInAJar"}],"is_trial":false,"path_per_floor":["M","?","M","$","M","E","R","$","T","E","M","M","R","E","R","B",null,"M","$","T","M","$","E","R","E","T","R","?","R","E","M","R","B",null,"M","?","M","?","M","E","?","R","T","E","R","$","E","M","R","B","B",null,"R","$","E","B",null],"character_chosen":"THE_SILENT","items_purchased":["Noxious Fumes","Poison Potion","Backflip","DollysMirror","Medical Kit","Bronze Scales","Deadly Poison+1"],"campfire_rested":0,"item_purchase_floors":[4,4,8,19,46,46,54],"current_hp_per_floor":[59,59,59,59,59,47,47,47,47,21,21,20,20,4,16,15,53,53,53,53,53,53,53,66,66,66,66,66,66,65,65,66,55,63,63,63,63,63,63,63,53,66,66,65,66,66,66,66,66,58,61,65,66,66,66,30],"gold":76,"neow_bonus":"THREE_ENEMY_KILL","is_daily":false,"chose_seed":false,"campfire_upgraded":7,"win_rate":0.0,"timestamp":1612319945,"path_taken":["M","?","?","$","M","E","R","?","T","E","?","M","R","E","R","BOSS","M","$","?","M","?","E","R","E","T","R","?","R","E","?","R","BOSS","M","?","?","?","M","E","?","R","T","E","R","$","E","M","R","BOSS","BOSS","R","$","E","BOSS"],"items_purchased_type":["Card","Potion","Card","Relic","Relic","Relic","Card"],"build_version":"2020-12-22","purchased_purges":0,"victory":true,"max_hp_per_floor":[66,66,66,66,66,66,66,66,66,66,66,66,66,66,66,66,66,66,66,66,66,66,66,66,66,66,66,66,66,66,66,66,66,66,66,66,66,66,66,66,66,66,66,66,66,66,66,66,66,66,66,66,66,66,66,66],"relic_stats":{"counters":[27,178],"Eternal Feather":41,"Letter Opener":[347],"War Paint":["Survivor","Deflect"],"Medical Kit":[13],"Peace Pipe":3,"Sundial":[30],"Shuriken":[16],"Bronze Scales":[403],"Pandora\u0027s Box":["Flying Knee","Expertise","Leg Sweep","All Out Attack","Acrobatics","Unload","Adrenaline","Concentrate","Backflip"],"obtain_stats":[{"Ice Cream":23,"NeowsBlessing":0,"Oddly Smooth Stone":9,"Eternal Feather":14,"Letter Opener":44,"Paper Crane":6,"War Paint":25,"Medical Kit":46,"Peace Pipe":43,"HornCleat":55,"DollysMirror":19,"Sundial":20,"Shuriken":30,"Bronze Scales":46,"Pandora\u0027s Box":17,"Toxic Egg 2":10,"InkBottle":40,"Unceasing Top":47,"Ring of the Snake":0,"Runic Pyramid":34},{"Ice Cream":12,"NeowsBlessing":0,"Oddly Smooth Stone":4,"Eternal Feather":8,"Letter Opener":21,"Paper Crane":4,"War Paint":13,"Medical Kit":21,"Peace Pipe":20,"HornCleat":26,"DollysMirror":10,"Sundial":10,"Shuriken":14,"Bronze Scales":21,"Pandora\u0027s Box":9,"Toxic Egg 2":5,"InkBottle":20,"Unceasing Top":22,"Ring of the Snake":0,"Runic Pyramid":16},{"Ice Cream":51,"NeowsBlessing":0,"Oddly Smooth Stone":10,"Eternal Feather":28,"Letter Opener":109,"Paper Crane":10,"War Paint":58,"Medical Kit":109,"Peace Pipe":101,"HornCleat":167,"DollysMirror":41,"Sundial":41,"Shuriken":64,"Bronze Scales":109,"Pandora\u0027s Box":36,"Toxic Egg 2":14,"InkBottle":101,"Unceasing Top":114,"Ring of the Snake":0,"Runic Pyramid":80}],"InkBottle":[30],"Unceasing Top":[0],"Ring of the Snake":[54]},"card_choices":[{"not_picked":["Endless Agony","Flying Knee"],"picked":"Backflip","floor":1.0},{"not_picked":["Endless Agony","Sucker Punch"],"picked":"Quick Slash","floor":3.0},{"not_picked":["Quick Slash","Acrobatics"],"picked":"Deflect","floor":5.0},{"not_picked":["Prepared","Backstab"],"picked":"Glass Knife","floor":6.0},{"not_picked":["Deadly Poison+1","Choke"],"picked":"Bouncing Flask+1","floor":10},{"not_picked":["Sucker Punch","Endless Agony","Flying Knee"],"picked":"SKIP","floor":11},{"not_picked":["Sucker Punch","Prepared+1","Slice"],"picked":"SKIP","floor":12},{"not_picked":["Sucker Punch","Slice"],"picked":"Prepared+1","floor":12},{"not_picked":["Underhanded Strike","Infinite Blades"],"picked":"PiercingWail+1","floor":14},{"not_picked":["Unload","Envenom"],"picked":"Malaise+1","floor":16},{"not_picked":["Deadly Poison+1","Outmaneuver+1"],"picked":"Backflip+1","floor":18},{"not_picked":["Leg Sweep+1","Choke","Bane"],"picked":"SKIP","floor":21},{"not_picked":["Dagger Throw","Eviscerate"],"picked":"Wraith Form v2","floor":23},{"not_picked":["Outmaneuver+1","Dagger Spray"],"picked":"Bullet Time+1","floor":25},{"not_picked":["Prepared+1","Dagger Spray"],"picked":"Acrobatics+1","floor":30},{"not_picked":["Quick Slash","Dagger Spray"],"picked":"Bullet Time+1","floor":31},{"not_picked":["Phantasmal Killer+1","Adrenaline+1"],"picked":"Night Terror+1","floor":33},{"not_picked":["Choke","Cloak And Dagger+1"],"picked":"Reflex+1","floor":35},{"not_picked":["Riddle With Holes","Sucker Punch","Quick Slash+1"],"picked":"SKIP","floor":37},{"not_picked":["Endless Agony","Bane","PiercingWail+1"],"picked":"SKIP","floor":39},{"not_picked":["Calculated Gamble+1","Dash+1"],"picked":"Adrenaline+1","floor":40},{"not_picked":["Chrysalis+1","Blind+1"],"picked":"Bandage Up+1","floor":41},{"not_picked":["Dramatic Entrance","Jack Of All Trades+1"],"picked":"Madness+1","floor":41},{"not_picked":["Backflip+1","Underhanded Strike+1"],"picked":"Deflect+1","floor":44},{"not_picked":["Outmaneuver+1","Flechettes+1"],"picked":"Prepared+1","floor":47},{"not_picked":["Predator+1","Cloak And Dagger+1","Deflect+1"],"picked":"SKIP","floor":48},{"not_picked":["Quick Slash","Endless Agony"],"picked":"Bouncing Flask+1","floor":55}],"player_experience":2992433,"relics_obtained":[{"floor":6.0,"key":"Paper Crane"},{"floor":9.0,"key":"Oddly Smooth Stone"},{"floor":10,"key":"Toxic Egg 2"},{"floor":14,"key":"Eternal Feather"},{"floor":20,"key":"Sundial"},{"floor":23,"key":"Ice Cream"},{"floor":25,"key":"War Paint"},{"floor":30,"key":"Shuriken"},{"floor":40,"key":"InkBottle"},{"floor":43,"key":"Peace Pipe"},{"floor":44,"key":"Letter Opener"},{"floor":47,"key":"Unceasing Top"},{"floor":55,"key":"HornCleat"}],"event_choices":[{"cards_removed":["Defend_G"],"damage_healed":0.0,"max_hp_gain":0.0,"max_hp_loss":0.0,"gold_gain":0.0,"event_name":"Purifier","player_choice":"Purged","floor":2.0,"gold_loss":0.0,"damage_taken":0.0},{"damage_healed":0,"gold_gain":100,"player_choice":"Bet on Murderer","damage_taken":0,"max_hp_gain":0,"max_hp_loss":0,"event_name":"The Joust","floor":28,"gold_loss":50},{"cards_removed":["Expertise"],"damage_healed":0,"gold_gain":0,"player_choice":"Purged","damage_taken":0,"max_hp_gain":0,"max_hp_loss":0,"event_name":"Purifier","floor":36,"gold_loss":0},{"cards_removed":["Unload"],"damage_healed":0,"gold_gain":0,"player_choice":"Removed Attack","damage_taken":0,"max_hp_gain":0,"max_hp_loss":0,"event_name":"Falling","floor":38,"gold_loss":0},{"damage_healed":0,"gold_gain":0,"player_choice":"Memory 3","damage_taken":10,"max_hp_gain":0,"max_hp_loss":0,"event_name":"SensoryStone","floor":41,"gold_loss":0}],"is_beta":false,"boss_relics":[{"not_picked":["Tiny House","Philosopher\u0027s Stone"],"picked":"Pandora\u0027s Box"},{"not_picked":["Calling Bell","Busted Crown"],"picked":"Runic Pyramid"}],"items_purged_floors":[],"is_endless":false,"potions_floor_spawned":[1,11,25,30,33,39,40,44,48,55],"ascension_level":20}}