{"host":"928gv66myv2vlnsd","time":1612385839,"event":{"mods":["BaseMod","Highlight Path","Minty Spire (QoL Compilation)","StSLib"],"gold_per_floor":[117,127,145,22,22,48,48,83,138,88,101,101,129,149,149,245,245,265,55,55,70,81,81,112,112,136,161,161,161,187,200,200,296,296,315,315,334,178,178,212,212,242,242,242,270,348,365,415,415,415,415,415,37,62,62,62],"floor_reached":55,"language":"ENG","playtime":3484,"items_purged":["Meteor Strike","Strike_B","Shame"],"score":1244,"play_id":"003baf9a-4e18-42a8-b1b4-56a46385a473","local_time":"20210203155719","is_ascension_mode":true,"campfire_choices":[{"data":"Go for the Eyes","floor":7,"key":"SMITH"},{"floor":15,"key":"REST"},{"floor":23,"key":"REST"},{"floor":25,"key":"REST"},{"data":"Redo","floor":29,"key":"SMITH"},{"data":"Redo","floor":32,"key":"SMITH"},{"floor":41,"key":"REST"},{"data":"Seek","floor":44,"key":"SMITH"},{"floor":49,"key":"RECALL"},{"data":"Coolheaded","floor":52,"key":"SMITH"}],"circlet_count":0,"master_deck":["AscendersBane","Defend_B","Defend_B","Defend_B+1","Defend_B","Zap+1","Dualcast","FTL","Go for the Eyes+1","Tempest","Conserve Battery","Coolheaded+1","Doom and Gloom","Genetic Algorithm","Redo+1","Core Surge","Genetic Algorithm","Self Repair+1","Glacier","Defragment+1","Self Repair+1","Seek+1","Defragment+1","Electrodynamics+1","Redo+1","Biased Cognition+1","Biased Cognition+1","Loop+1"],"relics":["FrozenCore","Frozen Egg 2","Anchor","Nunchaku","TungstenRod","Matryoshka","Oddly Smooth Stone","MealTicket","Tiny Chest","Centennial Puzzle","War Paint","Busted Crown","DollysMirror","CaptainsWheel","Bag of Marbles","Bronze Scales","Lantern","Mummified Hand","Thread and Needle","Pear","Bottled Lightning"],"acts_visited":["Exordium","TheCity","TheBeyond","TheEnding"],"potions_floor_usage":[8,24,27,30,55],"damage_taken":[{"damage":0,"enemies":"2 Louse","floor":1,"turns":3},{"damage":0,"enemies":"Small Slimes","floor":2,"turns":2},{"damage":3,"enemies":"Cultist","floor":3,"turns":4},{"damage":30,"enemies":"3 Sentries","floor":6,"turns":7},{"damage":5,"enemies":"Lagavulin","floor":8,"turns":7},{"damage":8,"enemies":"Exordium Wildlife","floor":11,"turns":4},{"damage":19,"enemies":"Gremlin Nob","floor":13,"turns":4},{"damage":0,"enemies":"2 Fungi Beasts","floor":14,"turns":4},{"damage":19,"enemies":"The Guardian","floor":16,"turns":13},{"damage":14,"enemies":"Chosen","floor":18,"turns":7},{"damage":16,"enemies":"Shell Parasite","floor":21,"turns":16},{"damage":5,"enemies":"Centurion and Healer","floor":22,"turns":12},{"damage":49,"enemies":"Gremlin Leader","floor":24,"turns":10},{"damage":16,"enemies":"Slavers","floor":27,"turns":10},{"damage":21,"enemies":"Gremlin Leader","floor":30,"turns":11},{"damage":5,"enemies":"3 Cultists","floor":31,"turns":3},{"damage":1,"enemies":"Champ","floor":33,"turns":15},{"damage":0,"enemies":"Orb Walker","floor":35,"turns":9},{"damage":4,"enemies":"3 Darklings","floor":37,"turns":3},{"damage":55,"enemies":"Giant Head","floor":40,"turns":12},{"damage":28,"enemies":"Nemesis","floor":42,"turns":8},{"damage":0,"enemies":"Reptomancer","floor":45,"turns":5},{"damage":11,"enemies":"Spire Growth","floor":47,"turns":6},{"damage":15,"enemies":"Mind Bloom Boss Battle","floor":48,"turns":8},{"damage":40,"enemies":"Awakened One","floor":50,"turns":20},{"damage":39,"enemies":"Shield and Spear","floor":54,"turns":8},{"damage":81,"enemies":"The Heart","floor":55,"turns":11}],"seed_played":"-240788347099280047","potions_obtained":[{"floor":6,"key":"Ancient Potion"},{"floor":8,"key":"LiquidBronze"},{"floor":13,"key":"PowerPotion"},{"floor":24,"key":"SteroidPotion"},{"floor":33,"key":"FairyPotion"},{"floor":37,"key":"SpeedPotion"},{"floor":40,"key":"BlessingOfTheForge"}],"is_trial":false,"path_per_floor":["M","M","M","$","?","E","R","E","T","?","M","?","E","M","R","B",null,"M","$","?","M","M","R","E","R","T","E","?","R","E","M","R","B",null,"M","?","M","$","?","E","R","E","T","R","E","T","M","?","R","B",null,"R","$","E","B"],"character_chosen":"DEFECT","items_purchased":["PowerPotion","Self Repair+1","Glacier","DollysMirror","Pear"],"campfire_rested":4,"item_purchase_floors":[4,19,19,38,53],"current_hp_per_floor":[68,68,65,65,65,35,35,30,30,30,22,22,3,3,23,4,52,38,38,38,32,37,57,28,48,48,52,52,52,51,46,46,65,67,68,68,68,68,65,30,49,41,41,41,61,61,65,65,65,45,60,60,75,56,0,0],"gold":62,"neow_bonus":"TRANSFORM_TWO_CARDS","is_daily":false,"chose_seed":false,"campfire_upgraded":5,"win_rate":0.0,"timestamp":1612385839,"path_taken":["M","M","M","$","?","E","R","E","T","?","M","?","E","M","R","BOSS","M","$","?","M","M","R","E","R","T","E","?","R","E","M","R","BOSS","M","?","M","$","?","E","R","E","T","R","E","?","M","?","R","BOSS","R","$","E","BOSS"],"items_purchased_type":["Potion","Card","Card","Relic","Relic"],"build_version":"2020-12-22","purchased_purges":3,"victory":false,"max_hp_per_floor":[68,68,68,68,68,68,68,68,68,68,68,68,68,68,68,68,68,68,68,68,68,68,68,68,68,68,68,68,68,68,68,68,68,68,68,68,68,68,65,65,65,65,65,65,65,65,65,65,65,65,65,65,75,75,75,75],"card_choices":[{"not_picked":["Rebound","Steam"],"picked":"Go for the Eyes","floor":1},{"not_picked":["Rebound","Force Field"],"picked":"Tempest","floor":2},{"not_picked":["FTL","Go for the Eyes"],"picked":"Conserve Battery","floor":3},{"not_picked":["Streamline","Meteor Strike"],"picked":"Coolheaded","floor":6},{"not_picked":["Aggregate","Stack"],"picked":"Doom and Gloom","floor":8},{"not_picked":["Gash","Streamline"],"picked":"Genetic Algorithm","floor":11},{"not_picked":["Coolheaded","Streamline","Tempest"],"picked":"SKIP","floor":13},{"not_picked":["Hologram","Conserve Battery"],"picked":"Redo","floor":14},{"not_picked":["Multi-Cast","Amplify"],"picked":"Core Surge","floor":16},{"not_picked":["Steam","Stack"],"picked":"Genetic Algorithm","floor":18},{"not_picked":["Gash","Turbo"],"picked":"Defragment+1","floor":21},{"not_picked":["Conserve Battery","Beam Cell+1"],"picked":"Self Repair+1","floor":22},{"not_picked":["Fusion","Rebound"],"picked":"Seek","floor":24},{"not_picked":["Lockon","Streamline"],"picked":"Defragment+1","floor":27},{"not_picked":["Coolheaded","Conserve Battery"],"picked":"Electrodynamics+1","floor":30},{"not_picked":["Reinforced Body+1","Rebound"],"picked":"Redo","floor":31},{"not_picked":["Core Surge","Machine Learning+1"],"picked":"Biased Cognition+1","floor":33},{"not_picked":["Cold Snap+1"],"picked":"SKIP","floor":35},{"not_picked":["Stack+1"],"picked":"SKIP","floor":37},{"not_picked":["Go for the Eyes"],"picked":"SKIP","floor":40},{"not_picked":["Cold Snap"],"picked":"SKIP","floor":42},{"not_picked":["Melter+1"],"picked":"SKIP","floor":45},{"not_picked":[],"picked":"Loop+1","floor":47},{"not_picked":["Tempest+1"],"picked":"SKIP","floor":54}],"player_experience":1426739,"relics_obtained":[{"floor":6,"key":"Frozen Egg 2"},{"floor":8,"key":"Anchor"},{"floor":9,"key":"Nunchaku"},{"floor":13,"key":"TungstenRod"},{"floor":24,"key":"Oddly Smooth Stone"},{"floor":26,"key":"MealTicket"},{"floor":26,"key":"Tiny Chest"},{"floor":27,"key":"Centennial Puzzle"},{"floor":30,"key":"War Paint"},{"floor":40,"key":"CaptainsWheel"},{"floor":42,"key":"Bag of Marbles"},{"floor":43,"key":"Bronze Scales"},{"floor":45,"key":"Lantern"},{"floor":46,"key":"Mummified Hand"},{"floor":48,"key":"Thread and Needle"},{"floor":54,"key":"Bottled Lightning"}],"event_choices":[{"damage_healed":0,"gold_gain":0,"player_choice":"Ignored","damage_taken":0,"max_hp_gain":0,"max_hp_loss":0,"event_name":"Liars Game","floor":5,"gold_loss":0},{"cards_removed":["Strike_B"],"damage_healed":0,"gold_gain":0,"player_choice":"Card Removal","damage_taken":0,"max_hp_gain":0,"max_hp_loss":0,"event_name":"The Cleric","floor":10,"gold_loss":50},{"damage_healed":0,"gold_gain":0,"player_choice":"Ignored","damage_taken":0,"max_hp_gain":0,"max_hp_loss":0,"event_name":"Shining Light","floor":12,"gold_loss":0},{"damage_healed":0,"gold_gain":0,"player_choice":"Stole Relic","damage_taken":0,"relics_obtained":["Matryoshka"],"max_hp_gain":0,"max_hp_loss":0,"event_name":"Addict","floor":20,"gold_loss":0,"cards_obtained":["Shame"]},{"damage_healed":0,"gold_gain":0,"player_choice":"0 cards matched","damage_taken":0,"max_hp_gain":0,"max_hp_loss":0,"event_name":"Match and Keep!","floor":28,"gold_loss":0,"cards_obtained":[]},{"damage_healed":0,"gold_gain":0,"player_choice":"Ignored","damage_taken":0,"max_hp_gain":0,"max_hp_loss":0,"event_name":"Mysterious Sphere","floor":36,"gold_loss":0},{"damage_healed":0,"gold_gain":0,"player_choice":"Max HP","damage_taken":0,"max_hp_gain":0,"max_hp_loss":3,"event_name":"Winding Halls","floor":39,"gold_loss":0},{"damage_healed":0,"gold_gain":0,"player_choice":"Fight","damage_taken":0,"max_hp_gain":0,"max_hp_loss":0,"event_name":"MindBloom","floor":48,"gold_loss":0}],"is_beta":false,"boss_relics":[{"not_picked":["Snecko Eye","SacredBark"],"picked":"FrozenCore"},{"not_picked":["Philosopher\u0027s Stone","Astrolabe"],"picked":"Busted Crown"}],"items_purged_floors":[4,19,53],"is_endless":false,"potions_floor_spawned":[6,8,13,16,18,24,33,37,40,47,48,54],"killed_by":"The Heart","ascension_level":10}}