{"host":"5raohst9sk3kvp5v","time":1612333669,"event":{"mods":["BaseMod","Colored Powertips","Highlight Path","Minty Spire (QoL Compilation)","Quick Restart","Relic Stats","StSLib"],"gold_per_floor":[110,127,1,11,11,24,24,55,80,95,110,110,110],"floor_reached":12,"language":"ENG","playtime":515,"items_purged":["Writhe"],"score":160,"play_id":"0bfe8682-b861-47b0-81e4-a01206c0c988","local_time":"20210203002749","is_ascension_mode":true,"campfire_choices":[],"circlet_count":0,"master_deck":["AscendersBane","Strike_B","Strike_B","Defend_B","Defend_B","Defend_B","Defend_B","Zap","Dualcast","Coolheaded","Creative AI","Leap","Auto Shields","Cold Snap","Conserve Battery","Hyperbeam","Ball Lightning","Barrage","Turbo","Storm"],"relics":["Cracked Core","Orichalcum"],"acts_visited":["Exordium"],"potions_floor_usage":[10,12],"damage_taken":[{"damage":3.0,"enemies":"2 Louse","floor":1.0,"turns":3.0},{"damage":1.0,"enemies":"Cultist","floor":2.0,"turns":4.0},{"damage":0.0,"enemies":"Jaw Worm","floor":4.0,"turns":5.0},{"damage":3,"enemies":"3 Louse","floor":6,"turns":3},{"damage":12,"enemies":"3 Sentries","floor":8,"turns":6},{"damage":2,"enemies":"Looter","floor":10,"turns":2},{"damage":11,"enemies":"Large Slime","floor":11,"turns":6},{"damage":23,"enemies":"Gremlin Nob","floor":12,"turns":4}],"seed_played":"-2534839133116895391","potions_obtained":[{"floor":1.0,"key":"DistilledChaos"},{"floor":8,"key":"Ancient Potion"},{"floor":11,"key":"DuplicationPotion"}],"is_trial":false,"path_per_floor":["M","M","$","M","?","M","$","E","T","M","M","E"],"character_chosen":"DEFECT","items_purchased":["Cold Snap"],"campfire_rested":0,"item_purchase_floors":[3],"current_hp_per_floor":[61,60,60,60,60,57,57,45,45,43,32,9,9],"gold":110,"neow_bonus":"TRANSFORM_TWO_CARDS","is_daily":false,"chose_seed":false,"campfire_upgraded":0,"win_rate":0.0,"timestamp":1612333669,"path_taken":["M","M","$","M","?","M","$","E","T","?","M","E"],"items_purchased_type":["Card"],"build_version":"2020-12-22","purchased_purges":1,"victory":false,"max_hp_per_floor":[71,71,71,71,71,71,71,71,71,71,71,71,71],"relic_stats":{"counters":[8,33],"Orichalcum":[18],"obtain_stats":[{"Orichalcum":8,"Cracked Core":0},{"Orichalcum":5,"Cracked Core":0},{"Orichalcum":21,"Cracked Core":0}]},"card_choices":[{"not_picked":["Stack","Static Discharge"],"picked":"Leap","floor":1.0},{"not_picked":["Redo","Beam Cell"],"picked":"Auto Shields","floor":2.0},{"not_picked":["Beam Cell","Leap"],"picked":"Conserve Battery","floor":4.0},{"not_picked":["Hologram","BootSequence","Beam Cell"],"picked":"SKIP","floor":6},{"not_picked":["Sweeping Beam","Hello World"],"picked":"Barrage","floor":8},{"not_picked":["Compile Driver","Creative AI"],"picked":"Turbo","floor":10},{"not_picked":["Streamline","Rip and Tear"],"picked":"Storm","floor":11}],"player_experience":1720998,"relics_obtained":[{"floor":8,"key":"Orichalcum"}],"event_choices":[{"damage_healed":0.0,"max_hp_gain":0.0,"max_hp_loss":0.0,"gold_gain":0.0,"event_name":"Match and Keep!","player_choice":"2 cards matched","floor":5.0,"gold_loss":0.0,"damage_taken":0.0,"cards_obtained":["Hyperbeam","Ball Lightning"]}],"is_beta":false,"boss_relics":[],"items_purged_floors":[3],"is_endless":false,"potions_floor_spawned":[1,8,11],"killed_by":"Gremlin Nob","ascension_level":19}}