{"host":"5inz41fcnifmg6v2","time":1612348993,"event":{"mods":["BaseMod","Minty Spire (QoL Compilation)","Replay The Spire","StSLib"],"gold_per_floor":[114,127,127,147,158,158,158,158,183,41,61,61,88,17,17,112,112,132,92,105,53,73,73,73,87,87,87,37,37,37,37,48,61,61,157,157,176,176,24,44,62,62,28,28,28],"floor_reached":44,"language":"ZHS","playtime":3971,"items_purged":["Regret"],"score":583,"play_id":"3162472a-f154-4a59-b8ab-a05e94e6fe58","local_time":"20210203184313","is_ascension_mode":false,"campfire_choices":[{"data":"Inflame","floor":6,"key":"SMITH"},{"data":"Twin Strike","floor":8,"key":"SMITH"},{"floor":12,"key":"REST"},{"data":"Armaments","floor":15,"key":"SMITH"},{"floor":23,"key":"REST"},{"floor":27,"key":"REST"},{"floor":34,"key":"REST"},{"floor":42,"key":"REST"}],"circlet_count":0,"master_deck":["Strike_R","Strike_R+1","Strike_R","Strike_R","Defend_R","Defend_R","Defend_R","Defend_R","Bash+1","Second Wind","Anger","Twin Strike+1","Inflame+1","Inflame","Metallicize","Armaments+1","Replay:Many Hands","Hemokinesis","Juggernaut+1","Metallicize","Twin Strike","Rampage","Rampage","Run Through+1","Life Link","Thunderclap","RitualDagger","ReplayTheSpireMod:Stacked","Perfected Strike","Double Tap","Spot Weakness+1","Madness","Madness","Blood for Blood+1","Whirlwind","Run Through+1"],"relics":["Burning Blood","NeowsBlessing","Oddly Smooth Stone","Toy Ornithopter","Juzu Bracelet","Philosopher\u0027s Stone","ReplayTheSpireMod:Shallot","SlaversCollar","Anchor"],"acts_visited":["Exordium","TheCity","TheBeyond"],"potions_floor_usage":[13,16,35,35,35,35,35,35,35,35,40,44],"damage_taken":[{"damage":0,"enemies":"2 Louse","floor":1,"turns":2},{"damage":0,"enemies":"Small Slimes","floor":2,"turns":1},{"damage":0,"enemies":"Jaw Worm","floor":4,"turns":1},{"damage":9,"enemies":"3 Louse","floor":5,"turns":4},{"damage":27,"enemies":"Gremlin Gang","floor":11,"turns":4},{"damage":15,"enemies":"3 Sentries","floor":13,"turns":8},{"damage":58,"enemies":"The Guardian","floor":16,"turns":9},{"damage":8,"enemies":"Chosen","floor":18,"turns":4},{"damage":12,"enemies":"Spheric Guardian","floor":20,"turns":4},{"damage":22,"enemies":"Centurion and Healer","floor":22,"turns":5},{"damage":34,"enemies":"Sentry and Sphere","floor":25,"turns":4},{"damage":6,"enemies":"Snecko","floor":32,"turns":3},{"damage":19,"enemies":"Chosen and Byrds","floor":33,"turns":6},{"damage":74,"enemies":"Pondfish","floor":35,"turns":8},{"damage":12,"enemies":"3 Shapes","floor":37,"turns":4},{"damage":12,"enemies":"Orb Walker","floor":40,"turns":3},{"damage":18,"enemies":"Spire Growth","floor":41,"turns":5},{"damage":104,"enemies":"Giant Head","floor":44,"turns":7}],"seed_played":"7346164945073138339","potions_obtained":[{"floor":1,"key":"SmokeBomb"},{"floor":2,"key":"FearPotion"},{"floor":11,"key":"BlessingOfTheForge"},{"floor":22,"key":"Fire Potion"},{"floor":25,"key":"ColorlessPotion"},{"floor":33,"key":"FairyPotion"},{"floor":35,"key":"SkillPotion"},{"floor":41,"key":"PowerPotion"}],"is_trial":false,"path_per_floor":["M","M","?","M","M","R","?","R","T","$","M","R","E","$","R","B",null,"M","?","M","$","M","R","?","M","T","R","$","PTL","PTL","?","M","M","R","B",null,"M","?","$","M","M","R","$","E"],"character_chosen":"IRONCLAD","items_purchased":["Metallicize","Hemokinesis","Rampage","Thunderclap","Anchor","Run Through+1"],"campfire_rested":5,"item_purchase_floors":[10,14,21,28,39,43],"current_hp_per_floor":[80,80,80,80,77,77,77,77,77,77,56,80,76,76,76,29,80,78,78,72,72,56,80,80,52,52,76,76,76,76,70,70,57,80,54,80,74,64,64,63,51,75,75,0,0],"gold":28,"neow_bonus":"THREE_ENEMY_KILL","is_daily":false,"chose_seed":false,"campfire_upgraded":3,"win_rate":0.0,"timestamp":1612348993,"path_taken":["M","M","?","M","M","R","?","R","T","?","M","R","E","$","R","BOSS","M","?","M","$","M","R","?","M","T","R","?","PTL","PTL","?","M","M","R","BOSS","M","?","$","M","M","R","$","E"],"items_purchased_type":["Card","Card","Card","Card","Relic","Card"],"build_version":"2020-12-22","purchased_purges":1,"victory":false,"max_hp_per_floor":[80,80,80,80,80,80,80,80,80,80,80,80,80,80,80,80,80,80,80,80,80,80,80,80,80,80,80,80,80,80,80,80,80,80,80,80,80,80,80,80,80,80,80,80,80],"card_choices":[{"not_picked":["Entrench","Abandon"],"picked":"Second Wind","floor":1},{"not_picked":["Replay:Undeath\u0027s Touch","Power Through"],"picked":"Anger","floor":2},{"not_picked":["Replay:Undeath\u0027s Touch","Dark Embrace"],"picked":"Inflame","floor":4},{"not_picked":["Sword Boomerang","Reckless Charge"],"picked":"Inflame","floor":5},{"not_picked":["Dark Embrace","Headbutt"],"picked":"Armaments","floor":11},{"not_picked":["Massacre","ReplayTheSpireMod:Stacked"],"picked":"Replay:Many Hands","floor":13},{"not_picked":["Eclipse","Demon Form"],"picked":"Juggernaut","floor":16},{"not_picked":["Armaments","Ghostly Armor"],"picked":"Metallicize","floor":18},{"not_picked":["Defy Death","Hemokinesis"],"picked":"Twin Strike","floor":20},{"not_picked":["Body Slam","Thunderclap"],"picked":"Run Through+1","floor":22},{"not_picked":["Pommel Strike","Abandon"],"picked":"Life Link","floor":25},{"not_picked":["Battle Trance+1","Iron Wave+1"],"picked":"ReplayTheSpireMod:Stacked","floor":32},{"not_picked":["True Grit","Feel No Pain+1"],"picked":"Perfected Strike","floor":33},{"not_picked":["Feed","Hemogenesis"],"picked":"Double Tap","floor":35},{"not_picked":["Body Slam+1","Twin Strike+1"],"picked":"Spot Weakness+1","floor":37},{"not_picked":["Reckless Charge","Burning Pact"],"picked":"Blood for Blood+1","floor":40},{"not_picked":["Headbutt","Twin Strike+1"],"picked":"Whirlwind","floor":41}],"player_experience":36342,"relics_obtained":[{"floor":9,"key":"Toy Ornithopter"},{"floor":13,"key":"Juzu Bracelet"},{"floor":26,"key":"ReplayTheSpireMod:Shallot"}],"event_choices":[{"damage_healed":0,"gold_gain":0,"cards_transformed":["Strike_R"],"player_choice":"Change","damage_taken":0,"max_hp_gain":0,"max_hp_loss":0,"event_name":"Living Wall","floor":3,"gold_loss":0,"cards_obtained":["Twin Strike"]},{"damage_healed":0,"gold_gain":0,"player_choice":"Box","damage_taken":0,"relics_obtained":["Oddly Smooth Stone"],"max_hp_gain":0,"max_hp_loss":0,"event_name":"Big Fish","floor":7,"gold_loss":0,"cards_obtained":["Regret"]},{"damage_healed":0,"gold_gain":0,"player_choice":"Upgraded Two","damage_taken":0,"max_hp_gain":0,"max_hp_loss":0,"event_name":"Designer","floor":19,"gold_loss":40,"cards_upgraded":["Bash","Strike_R"]},{"damage_healed":0,"gold_gain":0,"player_choice":"Upgraded","damage_taken":0,"max_hp_gain":0,"max_hp_loss":0,"event_name":"Upgrade Shrine","floor":24,"gold_loss":0,"cards_upgraded":["Juggernaut"]},{"damage_healed":0,"gold_gain":0,"player_choice":"Joined the Cult","damage_taken":6,"max_hp_gain":0,"max_hp_loss":0,"event_name":"Nest","floor":31,"gold_loss":0,"cards_obtained":["RitualDagger"]},{"damage_healed":0,"gold_gain":0,"player_choice":"Embrace Madness","damage_taken":10,"max_hp_gain":0,"max_hp_loss":0,"event_name":"Winding Halls","floor":38,"gold_loss":0,"cards_obtained":["Madness","Madness"]}],"is_beta":false,"boss_relics":[{"not_picked":["Velvet Choker","Electric Blood"],"picked":"Philosopher\u0027s Stone"},{"not_picked":["Replay:Ancient Bell","Ring of Chaos"],"picked":"SlaversCollar"}],"items_purged_floors":[10],"is_endless":false,"potions_floor_spawned":[1,2,11,22,25,33,35,41],"killed_by":"Giant Head","ascension_level":0}}