{"host":"Nexxot","time":1612363728,"event":{"mods":["AchievementEnabler","BaseMod","Bestiary","Colored Map","Curses Come First","Highlight Path","Minty Spire (QoL Compilation)","Relic Stats","StSLib"],"gold_per_floor":[109,121,134,81,101,101,126,55,55,55,72,72,20,20,20,117,117,134,134,134],"floor_reached":19,"language":"ENG","playtime":725,"items_purged":[],"score":326,"play_id":"0f2f4b3e-893d-4d83-ae87-2d4d104c0fcd","local_time":"20210203154848","is_ascension_mode":true,"campfire_choices":[{"floor":6,"key":"REST"},{"floor":10,"key":"REST"},{"data":"Blasphemy","floor":12,"key":"SMITH"},{"data":"CrushJoints","floor":15,"key":"SMITH"}],"circlet_count":0,"master_deck":["AscendersBane","Eruption","Vigilance","Nirvana+1","FearNoEvil","Crescendo","DevaForm","Blasphemy+1","ClearTheMind","Nirvana","MasterReality","CrushJoints+1","Wireheading+1","SashWhip","FlurryOfBlows","FlyingSleeves","ReachHeaven","EmptyBody","LessonLearned"],"relics":["Pandora\u0027s Box","Damaru","Unceasing Top","Pantograph","Mummified Hand","Cursed Key"],"acts_visited":["Exordium","TheCity"],"potions_floor_usage":[11,18,19],"damage_taken":[{"damage":6,"enemies":"Cultist","floor":1,"turns":3},{"damage":0,"enemies":"Small Slimes","floor":2,"turns":3},{"damage":11,"enemies":"Jaw Worm","floor":3,"turns":3},{"damage":21,"enemies":"3 Louse","floor":5,"turns":3},{"damage":27,"enemies":"Lagavulin","floor":7,"turns":6},{"damage":20,"enemies":"Exordium Wildlife","floor":11,"turns":2},{"damage":0,"enemies":"Slime Boss","floor":16,"turns":4},{"damage":22,"enemies":"Shell Parasite","floor":18,"turns":4},{"damage":100035,"enemies":"Masked Bandits","floor":19,"turns":4}],"seed_played":"-1009235969641874656","potions_obtained":[{"floor":5,"key":"SkillPotion"},{"floor":11,"key":"BottledMiracle"},{"floor":16,"key":"ColorlessPotion"}],"is_trial":false,"path_per_floor":["M","M","M","?","M","R","E","$","T","R","M","R","$","?","R","B",null,"M","?"],"character_chosen":"WATCHER","items_purchased":["ReachHeaven","ColorlessPotion"],"campfire_rested":2,"item_purchase_floors":[8,13],"current_hp_per_floor":[59,59,48,48,27,48,21,21,21,42,22,22,22,15,15,40,64,42,0,0],"gold":134,"neow_bonus":"BOSS_RELIC","is_daily":false,"chose_seed":false,"campfire_upgraded":2,"win_rate":0.0,"timestamp":1612363728,"path_taken":["M","M","M","?","M","R","E","$","T","R","M","R","?","?","R","BOSS","M","?"],"items_purchased_type":["Card","Potion"],"build_version":"2020-12-18","purchased_purges":0,"victory":false,"max_hp_per_floor":[72,72,72,72,72,72,72,72,72,72,72,72,72,72,72,72,72,72,72,72],"relic_stats":{"counters":[9,31],"Mummified Hand":[8],"Pantograph":25,"Pandora\u0027s Box":["Nirvana","FearNoEvil","Crescendo","DevaForm","Blasphemy","ClearTheMind","Nirvana","MasterReality"],"Cursed Key":0,"obtain_stats":[{"Mummified Hand":14,"Pantograph":9,"Damaru":4,"Pandora\u0027s Box":0,"PureWater":0,"Cursed Key":17,"Unceasing Top":7},{"Mummified Hand":6,"Pantograph":5,"Damaru":3,"Pandora\u0027s Box":0,"PureWater":0,"Cursed Key":7,"Unceasing Top":5},{"Mummified Hand":20,"Pantograph":18,"Damaru":9,"Pandora\u0027s Box":0,"PureWater":0,"Cursed Key":24,"Unceasing Top":18}],"Unceasing Top":[1]},"card_choices":[{"not_picked":["ClearTheMind","DeceiveReality"],"picked":"CrushJoints","floor":1},{"not_picked":["JustLucky","EmptyFist"],"picked":"Wireheading","floor":2},{"not_picked":["Halt","EmptyFist"],"picked":"SashWhip","floor":3},{"not_picked":["Protect","MasterReality"],"picked":"FlurryOfBlows","floor":5},{"not_picked":["WaveOfTheHand","Prostrate"],"picked":"FlyingSleeves","floor":7},{"not_picked":["FlyingSleeves","PathToVictory"],"picked":"EmptyBody","floor":11},{"not_picked":["Alpha","ConjureBlade"],"picked":"LessonLearned","floor":16},{"not_picked":["WindmillStrike+1","FlyingSleeves","EmptyFist"],"picked":"SKIP","floor":18}],"player_experience":352161,"relics_obtained":[{"floor":7,"key":"Unceasing Top"},{"floor":9,"key":"Pantograph"}],"event_choices":[{"damage_healed":0,"gold_gain":0,"player_choice":"Paid Gold","damage_taken":0,"relics_obtained":["Damaru"],"max_hp_gain":0,"max_hp_loss":0,"event_name":"WeMeetAgain","floor":4,"gold_loss":53},{"damage_healed":0,"gold_gain":0,"player_choice":"Success","damage_taken":7,"relics_obtained":["Mummified Hand"],"max_hp_gain":0,"max_hp_loss":0,"event_name":"Scrap Ooze","floor":14,"gold_loss":0},{"damage_healed":0,"gold_gain":0,"player_choice":"Fought Bandits","damage_taken":0,"max_hp_gain":0,"max_hp_loss":0,"event_name":"Masked Bandits","floor":19,"gold_loss":0}],"is_beta":true,"boss_relics":[{"not_picked":["Velvet Choker","VioletLotus"],"picked":"Cursed Key"}],"items_purged_floors":[],"is_endless":false,"potions_floor_spawned":[5,11,16],"killed_by":"Masked Bandits","ascension_level":10}}