{"host":"y1oqg7uy0jc6f5mb","time":1612338337,"event":{"mods":["AchievementEnabler","BaseMod","Better Altar","Better Match","Better Note","Better Sensory Stone","Better Skull","Better Third Choice","Colored Map","Colored Powertips","Downfall","Highlight Path","Ironclad Rager","Minty Spire (QoL Compilation)","Permanent Neow","Quick Restart","Relic Stats","Replay The Spire","Shop Mod","StSLib"],"gold_per_floor":[361,4,20,40,40,40,54,54,79,79,79,119,144,179,179,310,410,434,420,433,66,87,87,106,106,132,132,387,387,387],"floor_reached":29,"language":"ENG","playtime":1921,"items_purged":["Delirium","Injury"],"score":389,"play_id":"4861b880-38db-4ce2-9a3e-bea911c29da7","local_time":"20210203154537","is_ascension_mode":true,"campfire_choices":[{"data":"Pommel Strike","floor":6.0,"key":"SMITH"},{"data":"True Grit","floor":8.0,"key":"SMITH"},{"data":"Abandon","floor":10.0,"key":"SMITH"},{"data":"Armaments","floor":15.0,"key":"SMITH"},{"floor":23,"key":"REST"},{"floor":25,"key":"REST"}],"circlet_count":0,"master_deck":["AscendersBane","Strike_R","Strike_R","Strike_R","Strike_R","Strike_R","Defend_R","Defend_R","Defend_R","Defend_R","Bash","Abandon+1","Inflame","Pommel Strike+1","Heavy Blade","True Grit+1","Sword Boomerang","Armaments+1","Feel No Pain","Offering","Shrug It Off","Twin Strike","Battle Trance","The Bomb","Fire Breathing","Shrug It Off+1","Evolve+1","ReplayTheSpireMod:Splinters","True Grit"],"relics":["Burning Blood","Mummified Hand","Golden Idol","King of Hearts","Mercury Hourglass","Nunchaku","Paper Frog","Replay:Wanted Poster","Blue Doll","betterThird:NestCultRelic"],"acts_visited":["Exordium","TheCity"],"potions_floor_usage":[],"damage_taken":[{"damage":9.0,"enemies":"Small Slimes","floor":1.0,"turns":4.0},{"damage":7.0,"enemies":"Jaw Worm","floor":3.0,"turns":2.0},{"damage":3.0,"enemies":"2 Louse","floor":4.0,"turns":3.0},{"damage":10.0,"enemies":"2 Fungi Beasts","floor":7.0,"turns":4.0},{"damage":8.0,"enemies":"Gremlin Nob","floor":12.0,"turns":3.0},{"damage":14.0,"enemies":"Exordium Thugs","floor":13.0,"turns":4.0},{"damage":21.0,"enemies":"Lagavulin","floor":14.0,"turns":6.0},{"damage":30.0,"enemies":"The Guardian","floor":16.0,"turns":9.0},{"damage":15.0,"enemies":"Shell Parasite","floor":18.0,"turns":2.0},{"damage":23.0,"enemies":"2 Thieves","floor":19.0,"turns":4.0},{"damage":11.0,"enemies":"Cultist and Chosen","floor":20.0,"turns":7.0},{"damage":46,"enemies":"Snake Plant","floor":22,"turns":4},{"damage":16,"enemies":"Centurion and Healer","floor":24,"turns":6},{"damage":68,"enemies":"Book of Stabbing","floor":29,"turns":5}],"seed_played":"-2186320464697590316","potions_obtained":[{"floor":1.0,"key":"AttackPotion"},{"floor":12.0,"key":"Fire Potion"},{"floor":14.0,"key":"Explosive Potion"},{"floor":18.0,"key":"FairyPotion"},{"floor":22,"key":"Energy Potion"}],"is_trial":false,"path_per_floor":["M","$","M","M","?","R","M","R","T","R","T","E","M","E","R","B",null,"M","M","M","$","M","R","M","R","T","?","?","E"],"character_chosen":"IRONCLAD","items_purchased":["Inflame","Mummified Hand","The Bomb","Fire Breathing"],"campfire_rested":2,"item_purchase_floors":[2,2,21,21],"current_hp_per_floor":[69,69,68,71,71,71,67,67,67,67,67,65,57,42,42,18,65,56,39,34,34,24,48,38,62,62,62,62,0,0],"gold":387,"neow_bonus":"TWO_FIFTY_GOLD","is_daily":false,"chose_seed":false,"campfire_upgraded":4,"win_rate":0.0,"timestamp":1612338337,"path_taken":["M","$","M","M","?","R","M","R","T","R","?","E","M","E","R","BOSS","M","M","M","$","M","R","M","R","T","?","?","E"],"items_purchased_type":["Card","Relic","Card","Card"],"build_version":"2020-12-22","purchased_purges":2,"victory":false,"max_hp_per_floor":[80,80,80,80,80,80,80,80,80,80,80,80,80,80,80,80,80,80,80,80,80,80,80,80,80,80,80,80,80,80],"relic_stats":{"Nunchaku":[7],"counters":[14,62],"Mummified Hand":[31],"Golden Idol":119,"obtain_stats":[{"Replay:Wanted Poster":17,"Nunchaku":12,"Mummified Hand":2,"Golden Idol":5,"Blue Doll":26,"King of Hearts":9,"betterThird:NestCultRelic":27,"Burning Blood":0,"Mercury Hourglass":11,"Paper Frog":14},{"Replay:Wanted Poster":8,"Nunchaku":5,"Mummified Hand":1,"Golden Idol":3,"Blue Doll":13,"King of Hearts":4,"betterThird:NestCultRelic":13,"Burning Blood":0,"Mercury Hourglass":4,"Paper Frog":7},{"Replay:Wanted Poster":35,"Nunchaku":16,"Mummified Hand":4,"Golden Idol":9,"Blue Doll":57,"King of Hearts":13,"betterThird:NestCultRelic":57,"Burning Blood":0,"Mercury Hourglass":13,"Paper Frog":26}],"Burning Blood":78,"Mercury Hourglass":[148]},"card_choices":[{"not_picked":["Bloodletting","Wild Strike"],"picked":"Abandon","floor":1.0},{"not_picked":["Twin Strike","Havoc"],"picked":"Pommel Strike","floor":3.0},{"not_picked":["Rage","Wild Strike"],"picked":"Heavy Blade","floor":4.0},{"not_picked":["Shrug It Off","Clash"],"picked":"True Grit","floor":7.0},{"not_picked":["Replay:Undeath\u0027s Touch","Shockwave"],"picked":"Sword Boomerang","floor":12.0},{"not_picked":["Sword Boomerang","Run Through"],"picked":"Armaments","floor":13.0},{"not_picked":["Disarm","Heavy Blade"],"picked":"Feel No Pain","floor":14.0},{"not_picked":["Impervious","Brutality"],"picked":"Offering","floor":16.0},{"not_picked":["Warcry","ReplayTheSpireMod:Strike From Hell+1"],"picked":"Shrug It Off","floor":18.0},{"not_picked":["Entrench","Pommel Strike"],"picked":"Twin Strike","floor":19.0},{"not_picked":["Reckless Charge","ReplayTheSpireMod:Corrosion Curse"],"picked":"Battle Trance","floor":20.0},{"not_picked":["Blood for Blood","Iron Wave+1"],"picked":"Shrug It Off+1","floor":22},{"not_picked":["Clothesline","Whirlwind+1"],"picked":"Evolve+1","floor":24},{"not_picked":["Iron Wave","Perfected Strike"],"picked":"True Grit","floor":28}],"player_experience":342559,"relics_obtained":[{"floor":9.0,"key":"King of Hearts"},{"floor":11.0,"key":"Mercury Hourglass"},{"floor":12.0,"key":"Nunchaku"},{"floor":14.0,"key":"Paper Frog"},{"floor":26,"key":"Blue Doll"}],"event_choices":[{"damage_healed":0.0,"max_hp_gain":0.0,"max_hp_loss":0.0,"gold_gain":0.0,"event_name":"Golden Idol","player_choice":"Take Wound","floor":5.0,"gold_loss":0.0,"damage_taken":0.0,"relics_obtained":["Golden Idol"],"cards_obtained":["Injury"]},{"damage_healed":0,"gold_gain":0,"player_choice":"Madness","damage_taken":0,"relics_obtained":["betterThird:NestCultRelic"],"max_hp_gain":0,"max_hp_loss":0,"event_name":"betterThird:BetterNest","floor":27,"gold_loss":0}],"is_beta":false,"boss_relics":[{"not_picked":["Runic Cube","Cursed Key"],"picked":"Replay:Wanted Poster"}],"items_purged_floors":[2,21],"is_endless":false,"potions_floor_spawned":[1,12,14,18,22],"killed_by":"Book of Stabbing","ascension_level":11}}