{"host":"5h6e4l6hpn0p5lap","time":1612312065,"event":{"mods":["AchievementEnabler","BaseMod","Better Altar","Better Match","Better Sensory Stone","Better Skull","Better Third Choice","Colored Map","Filter the Spire","Minty Spire (QoL Compilation)","StSLib"],"gold_per_floor":[110,121,221,239,239,239,274,274,274,274,302,106,141,151,151,247,247,227,227,24,34,34,68,68,68,91,91,6,47,47,107,107,107,107],"floor_reached":33,"language":"ENG","playtime":1215,"items_purged":["Pain"],"score":299,"play_id":"441c9b3c-b480-47ef-9756-1352af6cd96d","local_time":"20210202192745","is_ascension_mode":false,"campfire_choices":[{"data":"Cleave","floor":6,"key":"SMITH"},{"data":"Carnage","floor":8,"key":"SMITH"},{"data":"Rampage","floor":15,"key":"SMITH"},{"data":"Limit Break","floor":24,"key":"SMITH"},{"data":"True Grit","floor":30,"key":"SMITH"},{"floor":32,"key":"REST"}],"circlet_count":0,"master_deck":["Strike_R","Strike_R","Strike_R","Strike_R","Strike_R","Defend_R","Defend_R","Defend_R","Defend_R","Bash","Cleave+1","Clash","Iron Wave+1","Carnage+1","Bloodletting","Rampage+1","Limit Break+1","True Grit+1","Rupture","Dramatic Entrance","Spot Weakness+1","True Grit+1","HandOfGreed","Dark Shackles","Shrug It Off"],"relics":["Burning Blood","Juzu Bracelet","Incense Burner","Pear","WarpedTongs","Self Forming Clay","Bag of Marbles","Mark of Pain","Nunchaku","Paper Frog","Shuriken"],"acts_visited":["Exordium","TheCity"],"potions_floor_usage":[11,16,16,23,33,33,33],"damage_taken":[{"damage":1,"enemies":"2 Louse","floor":1,"turns":4},{"damage":1,"enemies":"Cultist","floor":2,"turns":3},{"damage":3,"enemies":"Small Slimes","floor":4,"turns":3},{"damage":14,"enemies":"Gremlin Nob","floor":7,"turns":4},{"damage":18,"enemies":"Lagavulin","floor":11,"turns":4},{"damage":9,"enemies":"3 Sentries","floor":13,"turns":5},{"damage":6,"enemies":"Exordium Thugs","floor":14,"turns":4},{"damage":48,"enemies":"Hexaghost","floor":16,"turns":9},{"damage":8,"enemies":"2 Thieves","floor":18,"turns":4},{"damage":8,"enemies":"Chosen","floor":21,"turns":4},{"damage":30,"enemies":"Gremlin Leader","floor":23,"turns":4},{"damage":21,"enemies":"Shelled Parasite and Fungi","floor":29,"turns":4},{"damage":20,"enemies":"Slavers","floor":31,"turns":5},{"damage":22,"enemies":"Automaton","floor":33,"turns":5}],"seed_played":"9034217349193894804","potions_obtained":[{"floor":7,"key":"Strength Potion"},{"floor":13,"key":"ElixirPotion"},{"floor":16,"key":"CultistPotion"},{"floor":23,"key":"Energy Potion"},{"floor":31,"key":"Dexterity Potion"}],"is_trial":false,"path_per_floor":["M","M","?","M","?","R","E","R","T","?","E","$","E","M","R","B",null,"M","?","$","M","?","E","R","?","T","?","?","M","R","E","R","B"],"character_chosen":"IRONCLAD","items_purchased":["Bloodletting","ColorlessPotion","Rupture","Dramatic Entrance","Strength Potion"],"campfire_rested":1,"item_purchase_floors":[12,12,20,20,20],"current_hp_per_floor":[80,80,80,80,80,80,72,72,82,82,70,70,67,67,67,25,90,88,85,85,83,83,59,59,59,59,89,89,74,74,60,87,65,65],"gold":107,"neow_bonus":"RANDOM_COMMON_RELIC","is_daily":false,"chose_seed":false,"campfire_upgraded":5,"win_rate":0.0,"timestamp":1612312065,"path_taken":["M","M","?","M","?","R","E","R","T","?","E","$","E","M","R","BOSS","M","?","$","M","?","E","R","?","T","?","?","M","R","E","R","BOSS"],"items_purchased_type":["Card","Potion","Card","Card","Potion"],"build_version":"2020-12-22","purchased_purges":1,"victory":false,"max_hp_per_floor":[80,80,80,80,80,80,80,80,90,90,90,90,90,90,90,90,90,90,90,90,90,90,90,90,90,90,90,90,90,90,90,90,90,90],"card_choices":[{"not_picked":["Wild Strike","Anger"],"picked":"Cleave","floor":1},{"not_picked":["Iron Wave","Burning Pact"],"picked":"Clash","floor":2},{"not_picked":["Cleave","Havoc"],"picked":"Iron Wave","floor":4},{"not_picked":["Dropkick","Iron Wave"],"picked":"Carnage","floor":7},{"not_picked":["Headbutt","Perfected Strike","Burning Pact"],"picked":"SKIP","floor":11},{"not_picked":["Anger","Dropkick","Second Wind"],"picked":"SKIP","floor":13},{"not_picked":["Anger","Dropkick"],"picked":"Rampage","floor":14},{"not_picked":["Juggernaut","Demon Form"],"picked":"Limit Break","floor":16},{"not_picked":["Thunderclap","Sword Boomerang"],"picked":"True Grit+1","floor":18},{"not_picked":["Thunderclap","Seeing Red+1"],"picked":"Spot Weakness+1","floor":21},{"not_picked":["Clash","Perfected Strike"],"picked":"True Grit","floor":23},{"not_picked":["Mind Blast","Jack Of All Trades"],"picked":"HandOfGreed","floor":25},{"not_picked":["Master of Strategy","Flash of Steel"],"picked":"Dark Shackles","floor":25},{"not_picked":["Iron Wave+1","Wild Strike","Rampage"],"picked":"SKIP","floor":29},{"not_picked":["Rampage","Dropkick"],"picked":"Shrug It Off","floor":31}],"player_experience":1049651,"relics_obtained":[{"floor":7,"key":"Incense Burner"},{"floor":9,"key":"Pear"},{"floor":11,"key":"Self Forming Clay"},{"floor":13,"key":"Bag of Marbles"},{"floor":23,"key":"Nunchaku"},{"floor":31,"key":"Shuriken"}],"event_choices":[{"damage_healed":0,"gold_gain":100,"player_choice":"Pray","damage_taken":0,"max_hp_gain":0,"max_hp_loss":0,"event_name":"Golden Shrine","floor":3,"gold_loss":0},{"damage_healed":0,"gold_gain":0,"player_choice":"Grow","damage_taken":0,"max_hp_gain":0,"max_hp_loss":0,"event_name":"Living Wall","floor":5,"gold_loss":0,"cards_upgraded":["Iron Wave"]},{"damage_healed":0,"gold_gain":0,"player_choice":"Rummage","damage_taken":0,"relics_obtained":["WarpedTongs"],"max_hp_gain":0,"max_hp_loss":0,"event_name":"Accursed Blacksmith","floor":10,"gold_loss":0,"cards_obtained":["Pain"]},{"damage_healed":0,"gold_gain":0,"player_choice":"Punched","damage_taken":3,"max_hp_gain":0,"max_hp_loss":0,"event_name":"Designer","floor":19,"gold_loss":0},{"damage_healed":0,"gold_gain":0,"player_choice":"Ignored","damage_taken":0,"max_hp_gain":0,"max_hp_loss":0,"event_name":"Vampires","floor":22,"gold_loss":0},{"damage_healed":0,"gold_gain":2,"player_choice":"1","damage_taken":0,"max_hp_gain":0,"max_hp_loss":0,"event_name":"betterStone:BetterStone","floor":25,"gold_loss":0},{"damage_healed":30,"gold_gain":0,"player_choice":"Heal","damage_taken":0,"max_hp_gain":0,"max_hp_loss":0,"event_name":"The Library","floor":27,"gold_loss":0},{"damage_healed":0,"gold_gain":0,"player_choice":"Obtained Relic","damage_taken":0,"relics_obtained":["Paper Frog"],"max_hp_gain":0,"max_hp_loss":0,"event_name":"Addict","floor":28,"gold_loss":85}],"is_beta":false,"boss_relics":[{"not_picked":["Velvet Choker","SlaversCollar"],"picked":"Mark of Pain"}],"items_purged_floors":[12],"is_endless":false,"potions_floor_spawned":[7,13,16,23,31],"killed_by":"Automaton","ascension_level":0}}