{"host":"jhywql2x2v3ppvhm","time":1612375707,"event":{"mods":["BaseMod","Colored Map","Colored Powertips","Downfall","Googly Eyes","Hermit","Marisa????????","Minty Spire (QoL Compilation)","Rare Cards Sparkle","Shop Mod","Slay the Relics Exporter","StSLib","The Animator","The Bug Knight","The Cursed","The Disciple","The Necromancer","The Runesmith","The Servant 0.9.4","slay the spire mod where everything is the same but ironclad has a cowboy hat"],"gold_per_floor":[109,125,125,125,139,139,150,150,150,162,20,20,120,137,137,238,238,254,7,7,27,126,156,156,166,215,315,315,37,37,49,49,146,146,156,206,186,198,198,212,232,232,232,232,232,243,277,290,290,290,290,290,28,63,63],"floor_reached":56,"language":"ENG","playtime":2360,"items_purged":["Defend_G","Defend_G","animator:Curse_GriefSeed","downfall:Bewildered"],"score":1237,"play_id":"a5522b07-a9f5-4b61-9ac6-739cd9dae783","local_time":"20210203130827","is_ascension_mode":false,"campfire_choices":[{"data":"Blade Dance","floor":6,"key":"SMITH"},{"data":"Doppelganger","floor":8,"key":"SMITH"},{"data":"Accuracy","floor":12,"key":"SMITH"},{"data":"Blade Dance","floor":15,"key":"SMITH"},{"data":"Storm of Steel","floor":24,"key":"SMITH"},{"data":"Accuracy","floor":28,"key":"SMITH"},{"floor":32,"key":"RECALL"},{"data":"Blade Dance","floor":42,"key":"SMITH"},{"data":"Wraith Form v2","floor":45,"key":"SMITH"},{"data":"Adrenaline","floor":49,"key":"SMITH"},{"data":"Survivor","floor":52,"key":"SMITH"}],"circlet_count":0,"master_deck":["Strike_G","Strike_G","Strike_G","Strike_G","Defend_G","Defend_G","Defend_G","Survivor+1","Neutralize","Doppelganger+1","Blade Dance+1","Blade Dance+1","PiercingWail","Infinite Blades","Accuracy+1","Storm of Steel+1","Cloak And Dagger+1","Accuracy+1","Wraith Form v2+1","Adrenaline+1","Venomology","Escape Plan+1","Blade Dance+1","Parasite","Accuracy"],"relics":["Ring of the Snake","Eternal Feather","Cursed Key","Pen Nib","MutagenicStrength","Sundial","Art of War","Prayer Wheel","Singing Bowl","Lee\u0027s Waffle","Busted Crown","Thread and Needle","Ornamental Fan","Bottled Lightning","Bottled Tornado"],"acts_visited":["Exordium","TheCity","TheBeyond","TheEnding"],"potions_floor_usage":[10,16,33,35,38,38,40,48,50,50,50,50,54,55,55],"damage_taken":[{"damage":0,"enemies":"2 Louse","floor":1,"turns":4},{"damage":3,"enemies":"Jaw Worm","floor":2,"turns":4},{"damage":0,"enemies":"Cultist","floor":5,"turns":3},{"damage":7,"enemies":"Blue Slaver","floor":7,"turns":4},{"damage":3,"enemies":"Gremlin Gang","floor":10,"turns":3},{"damage":2,"enemies":"Large Slime","floor":14,"turns":3},{"damage":16,"enemies":"Hexaghost","floor":16,"turns":7},{"damage":0,"enemies":"Chosen","floor":18,"turns":3},{"damage":10,"enemies":"2 Thieves","floor":21,"turns":3},{"damage":16,"enemies":"Book of Stabbing","floor":23,"turns":4},{"damage":0,"enemies":"Snake Plant","floor":25,"turns":2},{"damage":0,"enemies":"Colosseum Slavers","floor":27,"turns":1},{"damage":14,"enemies":"Colosseum Nobs","floor":27,"turns":4},{"damage":10,"enemies":"Cultist and Chosen","floor":31,"turns":4},{"damage":9,"enemies":"Collector","floor":33,"turns":3},{"damage":2,"enemies":"3 Darklings","floor":35,"turns":3},{"damage":0,"enemies":"Mind Bloom Boss Battle","floor":36,"turns":3},{"damage":0,"enemies":"3 Shapes","floor":38,"turns":3},{"damage":0,"enemies":"Transient","floor":40,"turns":5},{"damage":5,"enemies":"4 Shapes","floor":41,"turns":4},{"damage":0,"enemies":"Writhing Mass","floor":46,"turns":4},{"damage":0,"enemies":"Giant Head","floor":47,"turns":5},{"damage":19,"enemies":"3 Darklings","floor":48,"turns":3},{"damage":109,"enemies":"Time Eater","floor":50,"turns":11},{"damage":10,"enemies":"Shield and Spear","floor":54,"turns":6},{"damage":69,"enemies":"The Heart","floor":55,"turns":8}],"seed_played":"4550216981089567231","potions_obtained":[{"floor":2,"key":"Explosive Potion"},{"floor":14,"key":"Regen Potion"},{"floor":18,"key":"Energy Potion"},{"floor":27,"key":"SteroidPotion"},{"floor":33,"key":"Guardian:BlockOnCardUsePotion"},{"floor":36,"key":"bronze:BurnAndBuffPotion"},{"floor":37,"key":"AttackPotion"},{"floor":38,"key":"Swift Potion"}],"is_trial":false,"path_per_floor":["M","M","?","T","M","R","M","R","T","M","$","R","?","M","R","B",null,"M","$","?","M","?","E","R","M","T","?","R","$","?","M","R","B",null,"M","?","?","M","$","M","M","R","T","?","R","M","E","M","R","B",null,"R","$","E","B",null],"character_chosen":"THE_SILENT","items_purchased":["Accuracy","Pen Nib","Lee\u0027s Waffle","Accuracy","GamblersBrew"],"campfire_rested":0,"item_purchase_floors":[11,19,29,53,53],"current_hp_per_floor":[49,46,39,39,39,39,32,32,32,29,29,38,38,36,45,44,70,70,70,70,60,60,44,53,53,53,39,48,77,77,69,79,70,79,79,81,81,85,85,87,86,93,93,93,93,97,99,84,99,5,103,103,103,93,24],"gold":63,"neow_bonus":"THREE_RARE_CARDS","is_daily":false,"chose_seed":false,"campfire_upgraded":10,"win_rate":0.0,"timestamp":1612375707,"path_taken":["M","M","?","?","?","R","M","R","T","M","$","R","?","?","R","BOSS","M","$","?","M","?","E","R","M","T","?","R","$","?","M","R","BOSS","M","?","?","?","$","M","M","R","T","?","R","M","E","M","R","BOSS","R","$","E","BOSS"],"items_purchased_type":["Card","Relic","Relic","Card","Potion"],"build_version":"2020-12-22","purchased_purges":4,"victory":true,"max_hp_per_floor":[70,70,70,70,70,70,70,70,70,70,70,70,70,70,70,70,70,70,70,70,70,70,70,70,70,70,70,70,77,77,79,79,79,79,81,83,83,87,87,89,93,93,93,93,93,97,99,103,103,103,103,103,103,103,103],"card_choices":[{"not_picked":["Burst","Malaise"],"picked":"Doppelganger","floor":0},{"not_picked":["Deadly Poison","Flying Knee"],"picked":"Blade Dance","floor":1},{"not_picked":["Outmaneuver","Flechettes"],"picked":"Blade Dance","floor":2},{"not_picked":["Deadly Poison","Blur"],"picked":"PiercingWail","floor":5},{"not_picked":["Acrobatics","Prepared"],"picked":"Infinite Blades","floor":7},{"not_picked":["Concentrate","Dodge and Roll","Sucker Punch"],"picked":"SKIP","floor":10},{"not_picked":["Choke","Deflect","Dagger Throw"],"picked":"SKIP","floor":14},{"not_picked":["Unload","Burst"],"picked":"Storm of Steel","floor":16},{"not_picked":["Flechettes","Bane"],"picked":"Cloak And Dagger+1","floor":18},{"not_picked":["Blade Dance","Deadly Poison+1","Reflex"],"picked":"SKIP","floor":21},{"not_picked":["Deadly Poison","Slice","Poisoned Stab+1"],"picked":"SKIP","floor":23},{"not_picked":["PiercingWail","Deadly Poison","Dodge and Roll"],"picked":"SKIP","floor":25},{"not_picked":["Sucker Punch+1","Riddle With Holes"],"picked":"Accuracy","floor":27},{"not_picked":["Dodge and Roll","Leg Sweep+1"],"picked":"Adrenaline","floor":31},{"not_picked":["Acrobatics","Skewer","Blade Dance"],"picked":"Singing Bowl","floor":31},{"not_picked":["Tools of the Trade","Glass Knife"],"picked":"Venomology","floor":33},{"not_picked":["Deadly Poison+1"],"picked":"Singing Bowl","floor":35},{"not_picked":[],"picked":"Escape Plan+1","floor":35},{"not_picked":["Deflect+1"],"picked":"Singing Bowl","floor":36},{"not_picked":["Setup"],"picked":"Singing Bowl","floor":38},{"not_picked":["Cloak And Dagger+1"],"picked":"Singing Bowl","floor":38},{"not_picked":[],"picked":"Blade Dance","floor":40},{"not_picked":["Skewer"],"picked":"Singing Bowl","floor":40},{"not_picked":["Dagger Throw+1"],"picked":"Singing Bowl","floor":41},{"not_picked":["Poisoned Stab"],"picked":"Singing Bowl","floor":41},{"not_picked":["Cloak And Dagger"],"picked":"Singing Bowl","floor":46},{"not_picked":["Crippling Poison+1"],"picked":"Singing Bowl","floor":46},{"not_picked":["All Out Attack"],"picked":"Singing Bowl","floor":47},{"not_picked":["Calculated Gamble+1"],"picked":"Singing Bowl","floor":48},{"not_picked":["Footwork"],"picked":"Singing Bowl","floor":48},{"not_picked":["Blade Dance"],"picked":"SKIP","floor":54}],"player_experience":219494,"relics_obtained":[{"floor":9,"key":"Eternal Feather"},{"floor":23,"key":"Sundial"},{"floor":26,"key":"Art of War"},{"floor":27,"key":"Prayer Wheel"},{"floor":27,"key":"Singing Bowl"},{"floor":36,"key":"Thread and Needle"},{"floor":43,"key":"Ornamental Fan"},{"floor":47,"key":"Bottled Lightning"},{"floor":54,"key":"Bottled Tornado"}],"event_choices":[{"cards_removed":["Strike_G"],"damage_healed":0,"gold_gain":0,"player_choice":"Card Removal","damage_taken":7,"max_hp_gain":0,"max_hp_loss":0,"event_name":"Golden Wing","floor":3,"gold_loss":0},{"damage_healed":0,"gold_gain":100,"player_choice":"Pray","damage_taken":0,"max_hp_gain":0,"max_hp_loss":0,"event_name":"Golden Shrine","floor":13,"gold_loss":0},{"damage_healed":0,"gold_gain":0,"player_choice":"Inject Mutagens","damage_taken":0,"relics_obtained":["MutagenicStrength"],"max_hp_gain":0,"max_hp_loss":0,"event_name":"Drug Dealer","floor":20,"gold_loss":0},{"damage_healed":0,"gold_gain":99,"player_choice":"Stole From Cult","damage_taken":0,"max_hp_gain":0,"max_hp_loss":0,"event_name":"Nest","floor":22,"gold_loss":0},{"damage_healed":0,"gold_gain":0,"player_choice":"Fight","damage_taken":0,"max_hp_gain":0,"max_hp_loss":0,"event_name":"Colosseum","floor":27,"gold_loss":0},{"damage_healed":0,"gold_gain":0,"player_choice":"Fought Nobs","damage_taken":0,"max_hp_gain":0,"max_hp_loss":0,"event_name":"Colosseum","floor":27,"gold_loss":0},{"damage_healed":0,"gold_gain":0,"player_choice":"Read","damage_taken":0,"max_hp_gain":0,"max_hp_loss":0,"event_name":"The Library","floor":30,"gold_loss":0,"cards_obtained":["Wraith Form v2"]},{"damage_healed":0,"gold_gain":0,"player_choice":"Fight","damage_taken":0,"max_hp_gain":0,"max_hp_loss":0,"event_name":"MindBloom","floor":36,"gold_loss":0},{"damage_healed":0,"gold_gain":0,"player_choice":"Bought 1 Potion","damage_taken":0,"max_hp_gain":0,"max_hp_loss":0,"event_name":"The Woman in Blue","floor":37,"gold_loss":0},{"damage_healed":0,"gold_gain":0,"player_choice":"0 cards matched","damage_taken":0,"max_hp_gain":0,"max_hp_loss":0,"event_name":"Match and Keep!","floor":44,"gold_loss":0,"cards_obtained":[]}],"is_beta":false,"boss_relics":[{"not_picked":["SacredBark","Velvet Choker"],"picked":"Cursed Key"},{"not_picked":["Tiny House","Calling Bell"],"picked":"Busted Crown"}],"items_purged_floors":[11,19,29,53],"is_endless":false,"potions_floor_spawned":[2,14,18,27,27,33,36,38,47],"ascension_level":0}}