{"host":"usru02jcpe2a942d","time":1612354467,"event":{"mods":["ATMod(°¢èªMod)","Act Like it!","BaseMod","Better Note","Better Vampires","Challenge The Spire","Colored Powertips","Friendly Minions","GifTheSpireLib","Highlight Path","Hubris","Infinite Spire","Jedi Mod","Minty Spire (QoL Compilation)","MostiFishMod","Pale of the Ancients","Quick Restart","Relic Stats","Reliquary","RumiaBox-Â¶Ã×æ«µÄÉñÃØºÐ×Ó","StSLib","The Hayseed","noobMod","¡¾ÒÅÎï¿¨ÅÆ¡¿REMEMod","óô»ðÖ¸ÄÏ"],"gold_per_floor":[118,135,135,14,14,46,46,60,135,310,321,321,321,331,331,429,429,440,440,455,455,471,471,490,490,490,507,507,507,520,554,302,399,399,410,410,478,496,371,371,399,399,399,94,112,124,174,190,46,146],"floor_reached":51,"language":"ZHS","playtime":2084,"items_purged":["TheSimpletonMod:Strike_TheSimpleton","Doubt","TheSimpletonMod:Strike_TheSimpleton+1","TheSimpletonMod:Strike_TheSimpleton+1"],"score":872,"play_id":"e0141c0b-8912-487c-ae0c-9e594d017d8d","local_time":"20210203201427","is_ascension_mode":false,"campfire_choices":[{"data":"TheSimpletonMod:VineRipen","floor":7,"key":"SMITH"},{"data":"TheSimpletonMod:Mulch","floor":13,"key":"SMITH"},{"data":"TheSimpletonMod:Pruning","floor":15,"key":"SMITH"},{"data":"TheSimpletonMod:Ferment","floor":23,"key":"SMITH"},{"data":"TheSimpletonMod:Sunseed","floor":40,"key":"SMITH"},{"data":"TheSimpletonMod:Sunseed","floor":42,"key":"SMITH"}],"circlet_count":0,"master_deck":["TheSimpletonMod:Defend_TheSimpleton+1","TheSimpletonMod:Defend_TheSimpleton+1","TheSimpletonMod:Defend_TheSimpleton+1","TheSimpletonMod:Defend_TheSimpleton+1","TheSimpletonMod:ReapAndSow+1","AT_FamilyPortrait+1","TheSimpletonMod:VineRipen+1","TheSimpletonMod:Squash+1","TheSimpletonMod:Pruning+1","TheSimpletonMod:Aerate+1","TheSimpletonMod:Ferment+1","AT_FamilyPortrait+1","jedi:forcepush","TheSimpletonMod:Sunseed+1","Panacea","TheSimpletonMod:Sunseed+1","TheSimpletonMod:Sunseed+1","TheSimpletonMod:Sunseed+1","MostiFishMod:JungleRules+1","TheSimpletonMod:Sunseed","MostiFishMod:Galeforce+1"],"relics":["TheSimpletonMod:SpudOfTheInnocent","TheSimpletonMod:NightSoil","TheSimpletonMod:TheHarvester","DaveBox","ice","REME_ComplimentaryCards","AT_ATBox","SentryEyes","jedi:kaleidoscope","SynthV:TestCard","Potion Belt","infinitespire:CheckeredPen","REME_LowDesire","Tiny Chest","Bag of Preparation","Whetstone","reliquary:FeatherDuster","Nilry\u0027s Codex","Dream Catcher","Civilization","Philosopher\u0027s Stone","reliquary:QuartzCube","reliquary:OuijaBoard","Bottled Flame","reliquary:Aerogel","AT_TheCollector","Technique"],"acts_visited":["Exordium","TheCity","TheBeyond"],"potions_floor_usage":[33,33],"damage_taken":[{"damage":0,"enemies":"Small Slimes","floor":1,"turns":2},{"damage":0,"enemies":"Cultist","floor":2,"turns":1},{"damage":8,"enemies":"3 Sentries","floor":6,"turns":3},{"damage":0,"enemies":"2 Louse","floor":8,"turns":2},{"damage":0,"enemies":"Red Slaver","floor":11,"turns":1},{"damage":0,"enemies":"Looter","floor":14,"turns":2},{"damage":15,"enemies":"Hexaghost","floor":16,"turns":7},{"damage":0,"enemies":"3 Byrds","floor":18,"turns":2},{"damage":6,"enemies":"Shell Parasite","floor":20,"turns":3},{"damage":0,"enemies":"Sentry and Sphere","floor":22,"turns":2},{"damage":15,"enemies":"Snecko","floor":24,"turns":4},{"damage":0,"enemies":"Cultist and Chosen","floor":27,"turns":2},{"damage":0,"enemies":"Shelled Parasite and Fungi","floor":30,"turns":2},{"damage":20,"enemies":"REME_1_Revenger","floor":31,"turns":3},{"damage":27,"enemies":"hubris:MusketHawk","floor":33,"turns":7},{"damage":0,"enemies":"3 Shapes","floor":35,"turns":1},{"damage":0,"enemies":"Orb Walker","floor":38,"turns":2},{"damage":21,"enemies":"Nightmare","floor":41,"turns":5},{"damage":3,"enemies":"Sphere and 2 Shapes","floor":45,"turns":1},{"damage":0,"enemies":"3 Darklings","floor":46,"turns":5},{"damage":0,"enemies":"Mind Bloom Boss Battle","floor":47,"turns":4},{"damage":0,"enemies":"Maw","floor":48,"turns":3},{"damage":16,"enemies":"Time Eater","floor":50,"turns":6}],"seed_played":"-7960153425948472481","potions_obtained":[{"floor":2,"key":"ColorlessPotion"},{"floor":8,"key":"infinitespire:BlackPotion"},{"floor":22,"key":"FearPotion"},{"floor":24,"key":"Swift Potion"},{"floor":27,"key":"DuplicationPotion"},{"floor":33,"key":"GamblersBrew"},{"floor":35,"key":"SkillPotion"}],"is_trial":false,"path_per_floor":["M","M","?","$","?","E","R","M","T","?","M","?","R","M","R","B",null,"M","?","M","?","M","R","M","T","T","M","?","?","M","E","R","B",null,"M","?","T","M","$","R","NM","R","T","R","M","M","?","M","R","B",null],"character_chosen":"THE_SIMPLETON","items_purchased":["TheSimpletonMod:Squash","Civilization","reliquary:Aerogel","Technique"],"campfire_rested":0,"item_purchase_floors":[4,32,44,49],"current_hp_per_floor":[54,54,54,54,85,77,77,81,81,81,81,81,81,81,81,70,85,85,85,79,79,79,79,70,70,70,70,54,54,54,34,34,86,86,90,90,90,95,95,95,79,79,79,79,81,91,96,101,101,90],"gold":146,"neow_bonus":"ONE_RARE_RELIC","is_daily":false,"chose_seed":false,"campfire_upgraded":6,"win_rate":0.0,"timestamp":1612354467,"path_taken":["M","M","?","$","?","E","R","?","T","?","M","?","R","M","R","BOSS","M","?","M","?","M","R","?","?","T","M","?","?","M","E","R","BOSS","M","?","?","M","?","R","NM","R","T","R","M","?","?","M","R","BOSS"],"items_purchased_type":["Card","Relic","Relic","Relic"],"build_version":"2020-12-22","purchased_purges":4,"victory":true,"max_hp_per_floor":[75,75,75,75,85,85,85,85,85,85,85,85,85,85,85,85,85,85,85,85,85,85,85,85,85,85,85,85,85,85,85,85,86,86,91,91,91,97,97,97,120,120,120,120,127,135,146,152,152,163],"relic_stats":{"Dream Catcher":0,"counters":[23,61],"Tiny Chest":2,"Bag of Preparation":[28],"Whetstone":["TheSimpletonMod:ReapAndSow","TheSimpletonMod:CullingStrike"],"obtain_stats":[{"reliquary:OuijaBoard":41,"reliquary:FeatherDuster":26,"AT_ATBox":0,"DaveBox":0,"Nilry\u0027s Codex":28,"reliquary:Aerogel":44,"ice":0,"Bag of Preparation":17,"Whetstone":25,"reliquary:QuartzCube":37,"TheSimpletonMod:TheHarvester":0,"Civilization":32,"Dream Catcher":31,"Tiny Chest":17,"Philosopher\u0027s Stone":34,"TheSimpletonMod:SpudOfTheInnocent":0,"REME_LowDesire":17,"TheSimpletonMod:NightSoil":0,"Potion Belt":6,"infinitespire:CheckeredPen":9,"Bottled Flame":43,"jedi:kaleidoscope":0,"SynthV:TestCard":1,"AT_TheCollector":47,"SentryEyes":0,"Technique":49,"REME_ComplimentaryCards":0},{"reliquary:OuijaBoard":18,"reliquary:FeatherDuster":11,"AT_ATBox":0,"DaveBox":0,"Nilry\u0027s Codex":12,"reliquary:Aerogel":18,"ice":0,"Bag of Preparation":7,"Whetstone":11,"reliquary:QuartzCube":16,"TheSimpletonMod:TheHarvester":0,"Civilization":14,"Dream Catcher":14,"Tiny Chest":7,"Philosopher\u0027s Stone":15,"TheSimpletonMod:SpudOfTheInnocent":0,"REME_LowDesire":7,"TheSimpletonMod:NightSoil":0,"Potion Belt":3,"infinitespire:CheckeredPen":4,"Bottled Flame":18,"jedi:kaleidoscope":0,"SynthV:TestCard":1,"AT_TheCollector":21,"SentryEyes":0,"Technique":22,"REME_ComplimentaryCards":0},{"reliquary:OuijaBoard":44,"reliquary:FeatherDuster":23,"AT_ATBox":0,"DaveBox":0,"Nilry\u0027s Codex":25,"reliquary:Aerogel":44,"ice":0,"Bag of Preparation":14,"Whetstone":23,"reliquary:QuartzCube":38,"TheSimpletonMod:TheHarvester":0,"Civilization":30,"Dream Catcher":30,"Tiny Chest":14,"Philosopher\u0027s Stone":37,"TheSimpletonMod:SpudOfTheInnocent":0,"REME_LowDesire":14,"TheSimpletonMod:NightSoil":0,"Potion Belt":4,"infinitespire:CheckeredPen":5,"Bottled Flame":44,"jedi:kaleidoscope":0,"SynthV:TestCard":1,"AT_TheCollector":52,"SentryEyes":0,"Technique":55,"REME_ComplimentaryCards":0}]},"card_choices":[{"not_picked":["TheSimpletonMod:DigIn","TheSimpletonMod:DoubleBarrel"],"picked":"TheSimpletonMod:Swelter","floor":1},{"not_picked":["TheSimpletonMod:SlashAndBurn","TheSimpletonMod:RootDown","TheSimpletonMod:Swelter","TheSimpletonMod:DoubleBarrel"],"picked":"TheSimpletonMod:VineRipen","floor":2},{"not_picked":["TheSimpletonMod:Swelter","TheSimpletonMod:SeedCoat","TheSimpletonMod:CropRotation","TheSimpletonMod:KeenEdge","TheSimpletonMod:BumperCrop"],"picked":"SKIP","floor":6},{"not_picked":["TheSimpletonMod:KeenEdge","TheSimpletonMod:Aerate","TheSimpletonMod:CloseScrape","TheSimpletonMod:RootDown"],"picked":"TheSimpletonMod:Pruning","floor":8},{"not_picked":["TheSimpletonMod:CullingStrike","TheSimpletonMod:SeedCoat","TheSimpletonMod:SpiceUp","TheSimpletonMod:Fertilaser"],"picked":"TheSimpletonMod:Mulch","floor":11},{"not_picked":["TheSimpletonMod:PestManagement","TheSimpletonMod:BumperCrop","TheSimpletonMod:Pruning","TheSimpletonMod:Rototilling","TheSimpletonMod:HitTheSack"],"picked":"SKIP","floor":14},{"not_picked":["TheSimpletonMod:DesperatePlunge","TheSimpletonMod:SaltTheEarth","TheSimpletonMod:HitTheSack","TheSimpletonMod:ResistantStrain"],"picked":"TheSimpletonMod:Surplus","floor":16},{"not_picked":["TheSimpletonMod:SpiceUp","TheSimpletonMod:Photosynthesis","TheSimpletonMod:OnionBloom","TheSimpletonMod:SaladShooter","REME_EyeOfCthun"],"picked":"TheSimpletonMod:Aerate+1","floor":18},{"not_picked":["TheSimpletonMod:OnionBloom","TheSimpletonMod:CloseScrape","TheSimpletonMod:Pruning","TheSimpletonMod:Rototilling","TheSimpletonMod:Swelter"],"picked":"Jack Of All Trades","floor":20},{"not_picked":["TheSimpletonMod:ToughenUp","TheSimpletonMod:BumperCrop","TheSimpletonMod:SlashAndBurn","TheSimpletonMod:DigIn","TheSimpletonMod:DoubleBarrel"],"picked":"jedi:forcepush","floor":22},{"not_picked":["TheSimpletonMod:Germinate","TheSimpletonMod:ToughenUp","TheSimpletonMod:SlashAndBurn","TheSimpletonMod:Rake+1","Chrysalis"],"picked":"TheSimpletonMod:CullingStrike","floor":24},{"not_picked":["TheSimpletonMod:Mulch","TheSimpletonMod:SaladShooter","TheSimpletonMod:SoilSample+1","TheSimpletonMod:Ferment","TheSimpletonMod:Rototilling","Magnetism"],"picked":"SKIP","floor":27},{"not_picked":["TheSimpletonMod:SoilSample+1","TheSimpletonMod:BumperCrop","TheSimpletonMod:CropRotation+1","TheSimpletonMod:StockTheCellar+1","TheSimpletonMod:DoubleBarrel+1","MostiFishMod:Awakening"],"picked":"SKIP","floor":30},{"not_picked":["TheSimpletonMod:Innovate+1","TheSimpletonMod:Rototilling+1","TheSimpletonMod:Surplus","TheSimpletonMod:Ferment","MostiFishMod:MusicBox"],"picked":"TheSimpletonMod:Sunseed","floor":31},{"not_picked":["TheSimpletonMod:CrackOfDawn","TheSimpletonMod:Photosynthesis","TheSimpletonMod:TakeHeart","TheSimpletonMod:HitTheSack","TheSimpletonMod:ErosionControl"],"picked":"Panacea","floor":33},{"not_picked":["TheSimpletonMod:PestManagement+1","TheSimpletonMod:Rake","TheSimpletonMod:Rototilling","TheSimpletonMod:Ferment+1","REME_ProfessionalPlagiarism"],"picked":"TheSimpletonMod:Sunseed+1","floor":35},{"not_picked":["TheSimpletonMod:Squash","TheSimpletonMod:BumperCrop+1","TheSimpletonMod:DoubleBarrel+1","TheSimpletonMod:CropRotation+1","Chrysalis"],"picked":"TheSimpletonMod:Sunseed","floor":38},{"not_picked":["TheSimpletonMod:Innovate+1","TheSimpletonMod:VineRipen","TheSimpletonMod:Rototilling","TheSimpletonMod:StockTheCellar+1","AT_Homeward"],"picked":"TheSimpletonMod:Sunseed+1","floor":41},{"not_picked":["TheSimpletonMod:Swelter+1","TheSimpletonMod:SpiceUp+1","TheSimpletonMod:SeedCoat","TheSimpletonMod:ToughenUp+1","TheSimpletonMod:GoToMarket+1"],"picked":"MostiFishMod:JungleRules","floor":45},{"not_picked":["TheSimpletonMod:Squash+1","TheSimpletonMod:Pruning","TheSimpletonMod:StockTheCellar+1","TheSimpletonMod:DoubleBarrel","PanicButton"],"picked":"TheSimpletonMod:Sunseed","floor":46},{"not_picked":["TheSimpletonMod:DoubleBarrel+1","TheSimpletonMod:PestManagement","TheSimpletonMod:Swelter+1","TheSimpletonMod:SlashAndBurn","TheSimpletonMod:Pruning"],"picked":"MostiFishMod:Galeforce","floor":48}],"player_experience":241601,"relics_obtained":[{"floor":1,"key":"SynthV:TestCard"},{"floor":6,"key":"Potion Belt"},{"floor":9,"key":"infinitespire:CheckeredPen"},{"floor":17,"key":"Tiny Chest"},{"floor":17,"key":"Bag of Preparation"},{"floor":25,"key":"Whetstone"},{"floor":26,"key":"reliquary:FeatherDuster"},{"floor":28,"key":"Nilry\u0027s Codex"},{"floor":31,"key":"Dream Catcher"},{"floor":37,"key":"reliquary:QuartzCube"},{"floor":41,"key":"reliquary:OuijaBoard"},{"floor":43,"key":"Bottled Flame"},{"floor":47,"key":"AT_TheCollector"}],"event_choices":[{"cards_removed":["TheSimpletonMod:BuzzBomb"],"damage_healed":21,"gold_gain":0,"player_choice":"Offered Rare","damage_taken":0,"max_hp_gain":10,"max_hp_loss":0,"event_name":"Bonfire Elementals","floor":5,"gold_loss":0},{"damage_healed":0,"gold_gain":175,"player_choice":"AGREE","damage_taken":0,"max_hp_gain":0,"max_hp_loss":0,"event_name":"Liars Game","floor":10,"gold_loss":0,"cards_obtained":["Doubt"]},{"damage_healed":0,"gold_gain":0,"player_choice":"Upgraded","damage_taken":0,"max_hp_gain":0,"max_hp_loss":0,"event_name":"Upgrade Shrine","floor":12,"gold_loss":0,"cards_upgraded":["TheSimpletonMod:Squash"]},{"damage_healed":0,"gold_gain":0,"cards_transformed":["TheSimpletonMod:Strike_TheSimpleton"],"player_choice":"Transformed","damage_taken":0,"max_hp_gain":0,"max_hp_loss":0,"event_name":"Transmorgrifier","floor":19,"gold_loss":0,"cards_obtained":["TheSimpletonMod:Ferment"]},{"cards_removed":["Doubt"],"damage_healed":0,"gold_gain":0,"player_choice":"Take \u0026 Give","damage_taken":0,"max_hp_gain":0,"max_hp_loss":0,"event_name":"betterNote:BetterNote","floor":21,"gold_loss":0,"cards_obtained":["AT_FamilyPortrait"]},{"damage_healed":0,"gold_gain":0,"player_choice":"Obtained Book","damage_taken":16,"max_hp_gain":0,"max_hp_loss":0,"event_name":"Cursed Tome","floor":28,"gold_loss":0},{"damage_healed":0,"gold_gain":0,"player_choice":"Simplicity","damage_taken":0,"max_hp_gain":0,"max_hp_loss":0,"event_name":"Back to Basics","floor":29,"gold_loss":0,"cards_upgraded":["TheSimpletonMod:Strike_TheSimpleton","TheSimpletonMod:Strike_TheSimpleton","TheSimpletonMod:Defend_TheSimpleton","TheSimpletonMod:Defend_TheSimpleton","TheSimpletonMod:Defend_TheSimpleton","TheSimpletonMod:Defend_TheSimpleton"]},{"damage_healed":0,"gold_gain":0,"player_choice":"Ignored","damage_taken":0,"max_hp_gain":0,"max_hp_loss":0,"event_name":"SecretPortal","floor":36,"gold_loss":0},{"damage_healed":0,"gold_gain":0,"player_choice":"Fight","damage_taken":0,"max_hp_gain":0,"max_hp_loss":0,"event_name":"MindBloom","floor":47,"gold_loss":0}],"is_beta":false,"boss_relics":[{"not_picked":["jedi:battlestandard","infinitespire:Cupcake"],"picked":"REME_LowDesire"},{"not_picked":["EasyGame_NEW","hubris:RunicObelisk"],"picked":"Philosopher\u0027s Stone"}],"items_purged_floors":[4,32,39,44],"is_endless":false,"potions_floor_spawned":[2,8,22,24,27,33,35,45,46],"ascension_level":0}}