{"host":"359hz4210ybch7ku","time":1612327998,"event":{"mods":["BaseMod","Block Reminder","Colored Map","Colored Powertips","Highlight Path","Minty Spire (QoL Compilation)","Slay the Relics Exporter","StSLib"],"gold_per_floor":[111,111,126,126,142,142,167,197,221,241,297,68,80,91,91,189,189,209,23,23,23,23,58,58,68,92,106,106,122,122,174,174,278,278,298,317,317,317,336,336,17,52,77,96,96,36,58,84,84,84],"floor_reached":51,"language":"ENG","playtime":5433,"items_purged":["Strike_B"],"score":672,"play_id":"c27be55a-d1ab-4996-b15f-7983909ef269","local_time":"20210202205318","is_ascension_mode":false,"campfire_choices":[{"data":"Hologram","floor":6,"key":"SMITH"},{"floor":15,"key":"REST"},{"floor":24,"key":"REST"},{"floor":28,"key":"REST"},{"data":"Double Energy","floor":32,"key":"SMITH"},{"data":"Barrage","floor":40,"key":"SMITH"},{"floor":45,"key":"REST"},{"data":"Redo","floor":49,"key":"SMITH"}],"circlet_count":0,"master_deck":["Strike_B","Strike_B","Strike_B+1","Defend_B","Defend_B","Zap","Dualcast","Heatsinks","Self Repair","Chill","Hologram+1","Static Discharge","Loop","Barrage+1","Capacitor","Barrage","Creative AI","Ball Lightning+1","FTL","Hologram+1","Loop+1","Lockon","Double Energy+1","Decay","Rainbow","Chill+1","Lockon","Compile Driver+1","Redo+1","Hello World","Capacitor","Defragment+1","Amplify","Self Repair","Cold Snap+1","Force Field"],"relics":["Cracked Core","NeowsBlessing","Blood Vial","Akabeko","Potion Belt","Strawberry","Bag of Preparation","Nuclear Battery","Strange Spoon","Nilry\u0027s Codex","Toy Ornithopter","PreservedInsect","Oddly Smooth Stone","Inserter","DollysMirror","CeramicFish","Whetstone"],"acts_visited":["Exordium","TheCity","TheBeyond"],"potions_floor_usage":[16,23,23,42,44,50,50,50],"damage_taken":[{"damage":0,"enemies":"Jaw Worm","floor":1,"turns":1},{"damage":0,"enemies":"Small Slimes","floor":3,"turns":1},{"damage":0,"enemies":"2 Louse","floor":5,"turns":1},{"damage":23,"enemies":"3 Sentries","floor":8,"turns":8},{"damage":13,"enemies":"Looter","floor":10,"turns":3},{"damage":19,"enemies":"3 Sentries","floor":11,"turns":13},{"damage":20,"enemies":"Gremlin Gang","floor":13,"turns":7},{"damage":6,"enemies":"Exordium Thugs","floor":14,"turns":5},{"damage":28,"enemies":"Hexaghost","floor":16,"turns":10},{"damage":12,"enemies":"2 Thieves","floor":18,"turns":3},{"damage":50,"enemies":"Slavers","floor":23,"turns":7},{"damage":16,"enemies":"Spheric Guardian","floor":25,"turns":4},{"damage":18,"enemies":"3 Cultists","floor":27,"turns":5},{"damage":19,"enemies":"Centurion and Healer","floor":29,"turns":6},{"damage":43,"enemies":"Champ","floor":33,"turns":9},{"damage":13,"enemies":"Orb Walker","floor":35,"turns":3},{"damage":24,"enemies":"3 Darklings","floor":36,"turns":9},{"damage":22,"enemies":"4 Shapes","floor":39,"turns":8},{"damage":54,"enemies":"Reptomancer","floor":42,"turns":5},{"damage":4,"enemies":"Jaw Worm Horde","floor":44,"turns":4},{"damage":26,"enemies":"Sphere and 2 Shapes","floor":47,"turns":7},{"damage":14,"enemies":"3 Darklings","floor":48,"turns":9},{"damage":69,"enemies":"Time Eater","floor":50,"turns":9}],"seed_played":"5149570062658959268","potions_obtained":[{"floor":1,"key":"Explosive Potion"},{"floor":5,"key":"SteroidPotion"},{"floor":8,"key":"SkillPotion"},{"floor":11,"key":"FearPotion"},{"floor":14,"key":"BlessingOfTheForge"},{"floor":16,"key":"FairyPotion"},{"floor":33,"key":"CultistPotion"},{"floor":36,"key":"FocusPotion"},{"floor":44,"key":"SteroidPotion"}],"is_trial":false,"path_per_floor":["M","?","M","?","M","R","T","E","T","M","?","$","M","M","R","B",null,"M","$","?","?","$","E","R","M","T","M","R","M","?","T","R","B",null,"M","M","?","?","M","R","$","E","T","M","R","$","M","M","R","B",null],"character_chosen":"DEFECT","items_purchased":["Capacitor","Bag of Preparation","Strange Spoon","FTL","Redo","Hello World","DollysMirror","Self Repair"],"campfire_rested":4,"item_purchase_floors":[12,12,19,19,41,41,41,46],"current_hp_per_floor":[75,68,68,68,68,68,68,54,54,50,47,47,36,39,63,44,82,77,77,77,61,61,20,44,37,37,28,52,42,42,42,42,8,82,69,54,54,54,41,41,41,24,24,34,58,58,48,57,57,5],"gold":84,"neow_bonus":"THREE_ENEMY_KILL","is_daily":false,"chose_seed":false,"campfire_upgraded":4,"win_rate":0.0,"timestamp":1612327998,"path_taken":["M","?","M","?","M","R","?","E","T","M","?","$","M","M","R","BOSS","M","$","?","?","$","E","R","M","T","M","R","M","?","?","R","BOSS","M","?","?","?","M","R","$","E","T","M","R","$","M","M","R","BOSS"],"items_purchased_type":["Card","Relic","Relic","Card","Card","Card","Relic","Card"],"build_version":"2020-12-22","purchased_purges":1,"victory":true,"max_hp_per_floor":[75,75,75,75,75,75,75,75,75,75,82,82,82,82,82,82,82,82,82,82,82,82,82,82,82,82,82,82,82,82,82,82,82,82,82,82,82,82,82,82,82,82,82,82,82,82,82,82,82,82],"card_choices":[{"not_picked":["Barrage","Steam Power"],"picked":"Heatsinks","floor":1},{"not_picked":["Doom and Gloom","Go for the Eyes"],"picked":"Self Repair","floor":3},{"not_picked":["Stack","Melter"],"picked":"Hologram","floor":5},{"not_picked":["All For One","Barrage"],"picked":"Static Discharge","floor":8},{"not_picked":["Fusion","Aggregate"],"picked":"Loop","floor":10},{"not_picked":["Rip and Tear","Beam Cell"],"picked":"Barrage","floor":11},{"not_picked":["Sweeping Beam","Conserve Battery"],"picked":"Coolheaded","floor":13},{"not_picked":["Conserve Battery","Stack"],"picked":"Barrage","floor":14},{"not_picked":["Multi-Cast","Buffer"],"picked":"Creative AI","floor":16},{"not_picked":["Go for the Eyes","Steam"],"picked":"Ball Lightning","floor":18},{"not_picked":["Rainbow","Leap"],"picked":"Hologram+1","floor":23},{"not_picked":["Beam Cell","Conserve Battery"],"picked":"Loop+1","floor":25},{"not_picked":["Leap","Compile Driver"],"picked":"Lockon","floor":27},{"not_picked":["Skim+1","Cold Snap"],"picked":"Double Energy","floor":29},{"not_picked":["Buffer","Electrodynamics"],"picked":"Rainbow","floor":33},{"not_picked":["Skim","Hologram"],"picked":"Chill+1","floor":35},{"not_picked":["Ball Lightning","Conserve Battery"],"picked":"Lockon","floor":36},{"not_picked":["Skim+1","Beam Cell+1"],"picked":"Compile Driver+1","floor":39},{"not_picked":["Redo","Sweeping Beam"],"picked":"Defragment+1","floor":42},{"not_picked":["Scrape+1","Steam+1"],"picked":"Amplify","floor":44},{"not_picked":["Go for the Eyes","Coolheaded"],"picked":"Cold Snap+1","floor":47},{"not_picked":["Redo+1","Gash+1"],"picked":"Force Field","floor":48}],"player_experience":310192,"relics_obtained":[{"floor":7,"key":"Blood Vial"},{"floor":8,"key":"Akabeko"},{"floor":9,"key":"Potion Belt"},{"floor":21,"key":"Nilry\u0027s Codex"},{"floor":23,"key":"Toy Ornithopter"},{"floor":26,"key":"PreservedInsect"},{"floor":31,"key":"Oddly Smooth Stone"},{"floor":42,"key":"CeramicFish"},{"floor":43,"key":"Whetstone"}],"event_choices":[{"cards_removed":["Defend_B"],"damage_healed":0,"gold_gain":0,"player_choice":"Card Removal","damage_taken":7,"max_hp_gain":0,"max_hp_loss":0,"event_name":"Golden Wing","floor":2,"gold_loss":0},{"damage_healed":0,"gold_gain":0,"cards_transformed":["Defend_B"],"player_choice":"Change","damage_taken":0,"max_hp_gain":0,"max_hp_loss":0,"event_name":"Living Wall","floor":4,"gold_loss":0,"cards_obtained":["Chill"]},{"damage_healed":0,"gold_gain":0,"player_choice":"Searched \u00272\u0027 times","damage_taken":0,"relics_obtained":["Strawberry"],"max_hp_gain":0,"max_hp_loss":0,"event_name":"Dead Adventurer","floor":11,"gold_loss":0},{"damage_healed":0,"gold_gain":0,"player_choice":"Ignored","damage_taken":0,"max_hp_gain":0,"max_hp_loss":0,"event_name":"Ghosts","floor":20,"gold_loss":0},{"damage_healed":0,"gold_gain":0,"player_choice":"Obtained Book","damage_taken":16,"max_hp_gain":0,"max_hp_loss":0,"event_name":"Cursed Tome","floor":21,"gold_loss":0},{"damage_healed":0,"gold_gain":0,"player_choice":"Smashed Altar","damage_taken":0,"max_hp_gain":0,"max_hp_loss":0,"event_name":"Forgotten Altar","floor":30,"gold_loss":0,"cards_obtained":["Decay"]},{"damage_healed":0,"gold_gain":0,"player_choice":"Ignored","damage_taken":0,"max_hp_gain":0,"max_hp_loss":0,"event_name":"Tomb of Lord Red Mask","floor":37,"gold_loss":0},{"cards_removed":["Coolheaded"],"damage_healed":0,"gold_gain":0,"player_choice":"Removed Skill","damage_taken":0,"max_hp_gain":0,"max_hp_loss":0,"event_name":"Falling","floor":38,"gold_loss":0}],"is_beta":false,"boss_relics":[{"not_picked":["Empty Cage","Runic Dome"],"picked":"Nuclear Battery"},{"not_picked":["Velvet Choker","Sozu"],"picked":"Inserter"}],"items_purged_floors":[41],"is_endless":false,"potions_floor_spawned":[1,5,8,11,14,16,18,33,36,44],"ascension_level":0}}