{"host":"btk6hapgokl8j5e3","time":1612315994,"event":{"mods":["Act Like it!","BaseMod","BetterRewards","Colored Powertips","Friendly Minions","GifTheSpireLib","Minty Spire (QoL Compilation)","StSLib","The Animator"],"gold_per_floor":[113,113,113,124,141,141,168,168,248,258,288,288,313,325,325,442,442,460,471,471,489,489,489,516,516,563,595,612,612,643,643,643,745,745,759,759,759,774,624,659,676,676,702,737,753,783,783,800,800,800,800,800,590,640,695,777,777,40,115,195,195,483,578,578,578,11,126,126,126],"floor_reached":70,"language":"ENG","playtime":6492,"items_purged":["animator:Strike","animator:Strike","animator:Strike","animator:Defend","animator:Defend","animator:Defend","animator:Defend_GATE","animator:Strike_GATE","animator:LeleiLaLalena","animator:Arpeggio","animator:MetalKnight+1"],"score":1738,"play_id":"ead50298-f0eb-4bde-898f-b362a776d982","local_time":"20210203023314","is_ascension_mode":false,"campfire_choices":[{"floor":6,"key":"RECALL"},{"data":"animator:Hibiki","floor":8,"key":"SMITH"},{"data":"animator:ItamiYouji","floor":12,"key":"SMITH"},{"data":"animator:Bozes","floor":15,"key":"SMITH"},{"data":"animator:PinaCoLada","floor":23,"key":"SMITH"},{"data":"animator:Bozes","floor":25,"key":"SMITH"},{"data":"animator:YaoHaDucy","floor":29,"key":"SMITH"},{"floor":32,"key":"REST"},{"data":"animator:Shizu","floor":42,"key":"SMITH"},{"data":"animator:Shiro","floor":47,"key":"SMITH"},{"data":"animator:YaoHaDucy","floor":49,"key":"SMITH"},{"floor":52,"key":"REST"},{"floor":68,"key":"REST"}],"circlet_count":0,"master_deck":["animator:TukaLunaMarceau+1","animator:Kuribayashi+1","animator:ItamiYouji+1","animator:Bozes+1","animator:MisaKurobane+1","animator:RoryMercury+1","animator:Hibiki+1","animator:Tyuule+1","animator:YaoHaDucy+1","animator:MisaKurobane+1","animator:Bozes+1","animator:LeleiLaLalena+1","animator:Rimuru","animator:Saitama+1","animator:PinaCoLada+1","animator:DolaRiku+1","animator:Mitsurugi+1","animator:Shizu+1","animator:YaoHaDucy+1","animator:Shiro+1","animator:PinaCoLada+1","animator:MisaKurobane+1","animator:Rimuru"],"relics":["animator:TheEgnaroPiece","animator:LivingPicture","animator:TheMissingPiece","animator:AncientMedallion"],"acts_visited":["Exordium","TheCity","TheBeyond","TheEnding","EYB:TheUnnamedReign"],"potions_floor_usage":[50,50,50,60,63,69,69,69],"damage_taken":[{"damage":0,"enemies":"Small Slimes","floor":1,"turns":2},{"damage":0,"enemies":"Cultist","floor":4,"turns":2},{"damage":0,"enemies":"2 Louse","floor":5,"turns":2},{"damage":2,"enemies":"3 Sentries","floor":7,"turns":3},{"damage":0,"enemies":"Exordium Wildlife","floor":10,"turns":2},{"damage":0,"enemies":"Lagavulin","floor":11,"turns":2},{"damage":0,"enemies":"Gremlin Nob","floor":13,"turns":2},{"damage":0,"enemies":"Large Slime","floor":14,"turns":3},{"damage":0,"enemies":"Slime Boss","floor":16,"turns":4},{"damage":0,"enemies":"2 Thieves","floor":18,"turns":2},{"damage":0,"enemies":"Shell Parasite","floor":19,"turns":2},{"damage":0,"enemies":"Shelled Parasite and Fungi","floor":21,"turns":3},{"damage":0,"enemies":"Masked Bandits","floor":24,"turns":2},{"damage":0,"enemies":"Slavers","floor":27,"turns":2},{"damage":0,"enemies":"Cultist and Chosen","floor":28,"turns":3},{"damage":6,"enemies":"Centurion and Healer","floor":30,"turns":2},{"damage":0,"enemies":"Champ","floor":33,"turns":5},{"damage":0,"enemies":"Orb Walker","floor":35,"turns":2},{"damage":1,"enemies":"3 Darklings","floor":38,"turns":3},{"damage":0,"enemies":"Giant Head","floor":40,"turns":5},{"damage":0,"enemies":"4 Shapes","floor":41,"turns":2},{"damage":22,"enemies":"Reptomancer","floor":44,"turns":4},{"damage":0,"enemies":"Spire Growth","floor":45,"turns":3},{"damage":0,"enemies":"Nemesis","floor":46,"turns":3},{"damage":0,"enemies":"Jaw Worm Horde","floor":48,"turns":3},{"damage":0,"enemies":"Donu and Deca","floor":50,"turns":6},{"damage":0,"enemies":"animator:UNNAMED_CULTIST_1","floor":54,"turns":7},{"damage":67,"enemies":"animator:TRIPLE_SHAPES_WEAK","floor":55,"turns":7},{"damage":13,"enemies":"animator:UNNAMED_CULTIST_2","floor":59,"turns":6},{"damage":41,"enemies":"animator:TRIPLE_LAGAVULIN","floor":60,"turns":5},{"damage":21,"enemies":"animator:ULTIMATE_CRYSTAL","floor":63,"turns":4},{"damage":7,"enemies":"animator:ULTIMATE_WISP","floor":67,"turns":4}],"seed_played":"-706745412662446002","potions_obtained":[{"floor":1,"key":"Strength Potion"},{"floor":5,"key":"Strength Potion"},{"floor":11,"key":"SkillPotion"},{"floor":54,"key":"animator:FalseLifePotion"},{"floor":55,"key":"animator:FalseLifePotion"},{"floor":59,"key":"animator:FalseLifePotion"},{"floor":60,"key":"animator:FalseLifePotion"},{"floor":63,"key":"animator:FalseLifePotion"}],"is_trial":false,"path_per_floor":["M","?","$","M","M","R","E","R","T","M","E","R","E","M","R","B",null,"M","M","?","M","?","R","?","R","T","E","M","R","M","?","R","B",null,"M","?","?","M","$","E","M","R","T","E","M","E","R","M","R","B",null,"R","??","M","M","T","?","$","M","M","?","$","E","T","?","$","E","R","B",null],"character_chosen":"THE_ANIMATOR","items_purchased":["animator:ItamiYouji","Membership Card","animator:YaoHaDucy","animator:Bozes","animator:MisaKurobane","Prayer Wheel","animator:RoryMercury","Chemical X","animator:Hibiki","animator:LeleiLaLalena","Toxic Egg 2","Thread and Needle","HandDrill","animator:Arpeggio","animator:Tyuule+1","War Paint","animator:YaoHaDucy","animator:MisaKurobane+1","animator:Bozes","animator:LeleiLaLalena+1","animator:Rimuru","animator:Saitama+1","Matryoshka","animator:AncientMedallion","animator:AncientMedallion","animator:AncientMedallion","animator:FalseLifePotion","animator:AncientMedallion","animator:AncientMedallion","animator:AncientMedallion","animator:AncientMedallion"],"campfire_rested":3,"item_purchase_floors":[0,0,0,0,0,0,0,0,0,0,0,0,0,0,0,0,0,0,0,0,0,0,0,58,58,58,62,62,62,62,66],"current_hp_per_floor":[31,31,31,31,31,31,29,29,29,29,29,29,29,29,29,29,66,66,66,66,66,66,66,66,66,66,66,66,66,60,48,71,71,71,71,71,71,70,70,71,71,71,71,49,51,53,53,55,55,71,71,71,86,86,64,64,64,64,82,45,40,40,47,47,58,58,79,86,84],"gold":126,"neow_bonus":"","is_daily":false,"chose_seed":false,"campfire_upgraded":9,"win_rate":0.0,"timestamp":1612315994,"path_taken":["M","?","$","?","M","R","E","R","T","M","E","R","E","M","R","BOSS","M","M","?","?","?","R","?","R","T","E","M","R","M","?","R","BOSS","M","?","?","M","?","E","M","R","T","E","M","E","R","?","R","BOSS","R","??","M","M","T","?","$","M","M","?","$","E","T","?","$","E","R","BOSS"],"items_purchased_type":["Card","Relic","Card","Card","Card","Relic","Card","Relic","Card","Card","Relic","Relic","Relic","Card","Card","Relic","Card","Card","Card","Card","Card","Card","Relic","Relic","Relic","Relic","Potion","Relic","Relic","Relic","Relic"],"build_version":"2020-12-22","purchased_purges":11,"victory":true,"max_hp_per_floor":[66,66,66,66,66,66,66,66,66,66,66,66,66,66,66,66,66,66,66,66,66,66,66,66,66,66,66,66,66,66,71,71,71,71,71,71,71,71,71,71,71,71,71,71,71,71,71,71,71,71,71,71,86,86,86,86,86,86,86,86,86,86,86,86,86,86,86,86,86],"card_choices":[{"not_picked":["animator:IzunaHatsuse+1","animator:Archer","animator:Entoma"],"picked":"SKIP","floor":1},{"not_picked":["animator:Shion","animator:Alexander","animator:FielNirvalen"],"picked":"SKIP","floor":1},{"not_picked":["animator:Genos","animator:Demiurge+1","animator:FielNirvalen"],"picked":"SKIP","floor":4},{"not_picked":["animator:Mitsurugi","animator:MumenRider","animator:Jibril"],"picked":"SKIP","floor":4},{"not_picked":["animator:DolaSchwi","animator:Kazuma+1","animator:ShinjiMatou+1"],"picked":"SKIP","floor":5},{"not_picked":["animator:Shion","animator:Demiurge+1","animator:Genos"],"picked":"SKIP","floor":5},{"not_picked":["animator:Alexander","animator:Cocytus","animator:TukaLunaMarceau+1"],"picked":"SKIP","floor":10},{"not_picked":["animator:Wiz+1","animator:Hakurou","animator:Berserker"],"picked":"SKIP","floor":10},{"not_picked":["animator:Boros","animator:Genos","animator:Shion"],"picked":"SKIP","floor":11},{"not_picked":["animator:Darkness","animator:PandorasActor+1","animator:Hakurou"],"picked":"SKIP","floor":13},{"not_picked":["animator:SakuraMatou+1","animator:Geryuganshoop+1","animator:IzunaHatsuse+1"],"picked":"SKIP","floor":14},{"not_picked":["animator:Rimuru","animator:Gilgamesh"],"picked":"animator:PinaCoLada","floor":16},{"not_picked":["animator:Darkness","animator:Geryuganshoop+1"],"picked":"animator:MetalKnight","floor":18},{"not_picked":["animator:Caster+1","animator:DolaStephanie+1","animator:Benimaru"],"picked":"SKIP","floor":18},{"not_picked":["animator:Shuna+1","animator:Benimaru","animator:Vesta+1"],"picked":"SKIP","floor":19},{"not_picked":["animator:Vesta+1","animator:Evileye+1","animator:Illya+1"],"picked":"SKIP","floor":19},{"not_picked":["animator:Vanir","animator:Benimaru"],"picked":"animator:DolaRiku+1","floor":21},{"not_picked":["animator:Tatsumaki+1","animator:Darkness","animator:Mitsurugi"],"picked":"SKIP","floor":21},{"not_picked":["animator:MetalKnight","animator:Jibril","animator:Vanir+1"],"picked":"SKIP","floor":28},{"not_picked":["animator:Hakurou","animator:Tyuule+1","animator:Megumin"],"picked":"SKIP","floor":28},{"not_picked":["animator:Kaijin","animator:Shuna+1"],"picked":"animator:Mitsurugi","floor":30},{"not_picked":["animator:FielNirvalen","animator:IzunaHatsuse+1","animator:Vanir+1"],"picked":"SKIP","floor":30},{"not_picked":["animator:Saitama+1","animator:ItamiYouji"],"picked":"animator:Shizu","floor":33},{"not_picked":["animator:Lancer+1","animator:Caster+1","animator:Kazuma+1"],"picked":"SKIP","floor":35},{"not_picked":["animator:Rider+1","animator:Kuribayashi+1","animator:Millim"],"picked":"SKIP","floor":35},{"not_picked":["animator:TukaLunaMarceau+1","animator:Tyuule+1"],"picked":"animator:YaoHaDucy","floor":38},{"not_picked":["animator:DolaSchwi","animator:SakuraMatou+1","animator:Evileye+1"],"picked":"SKIP","floor":38},{"not_picked":["animator:Alexander+1","animator:Sora+1","animator:Demiurge+1"],"picked":"SKIP","floor":40},{"not_picked":["animator:Alexander+1","animator:Sebas+1","animator:Rider+1"],"picked":"SKIP","floor":41},{"not_picked":["animator:Shuna+1","animator:Mitsurugi+1","animator:Tatsumaki+1"],"picked":"SKIP","floor":41},{"not_picked":["animator:Caster+1","animator:Vanir+1"],"picked":"animator:Shiro","floor":44},{"not_picked":["animator:Kuribayashi+1","animator:Tyuule+1"],"picked":"animator:PinaCoLada","floor":45},{"not_picked":["animator:Kaijin+1","animator:Shuna+1","animator:Shalltear+1"],"picked":"SKIP","floor":45},{"not_picked":["animator:Saber+1","animator:Souei+1","animator:Entoma+1"],"picked":"SKIP","floor":46},{"not_picked":["animator:Alexander+1","animator:Mitsurugi+1","animator:Kazuma+1"],"picked":"SKIP","floor":48},{"not_picked":["animator:Verdia+1","animator:Tatsumaki+1","animator:Alexander+1"],"picked":"SKIP","floor":48},{"not_picked":["animator:Saber","animator:Arpeggio","animator:Jibril+1"],"picked":"SKIP","floor":54},{"not_picked":["animator:Assassin","animator:DolaRiku","animator:RinTohsaka"],"picked":"SKIP","floor":59},{"not_picked":["animator:Vesta+1","animator:Megumin","animator:Hakurou"],"picked":"SKIP","floor":60},{"not_picked":["animator:IchigoKurosaki","animator:Canti"],"picked":"animator:MisaKurobane","floor":61},{"not_picked":["animator:Vesta+1","animator:ShinjiMatou"],"picked":"animator:Rimuru","floor":63}],"player_experience":450424,"relics_obtained":[{"floor":7,"key":"Art of War"},{"floor":9,"key":"Regal Pillow"},{"floor":9,"key":"animator:BattleDrones"},{"floor":11,"key":"Du-Vu Doll"},{"floor":13,"key":"Toy Ornithopter"},{"floor":24,"key":"Red Mask"},{"floor":26,"key":"animator:ShionDessert"},{"floor":27,"key":"Blood Vial"},{"floor":40,"key":"Omamori"},{"floor":40,"key":"Anchor"},{"floor":43,"key":"Happy Flower"},{"floor":44,"key":"Ancient Tea Set"},{"floor":44,"key":"Molten Egg 2"},{"floor":46,"key":"animator:WornHelmet"},{"floor":46,"key":"Dream Catcher"},{"floor":53,"key":"animator:TheEgnaroPiece"},{"floor":56,"key":"animator:AncientMedallion"},{"floor":63,"key":"animator:AncientMedallion"},{"floor":64,"key":"animator:AncientMedallion"},{"floor":67,"key":"animator:AncientMedallion"}],"event_choices":[{"damage_healed":0,"gold_gain":0,"player_choice":"0 cards matched","damage_taken":0,"max_hp_gain":0,"max_hp_loss":0,"event_name":"Match and Keep!","floor":2,"gold_loss":0,"cards_obtained":[]},{"damage_healed":0,"gold_gain":0,"player_choice":"Ignored","damage_taken":0,"max_hp_gain":0,"max_hp_loss":0,"event_name":"Transmorgrifier","floor":20,"gold_loss":0},{"damage_healed":0,"gold_gain":0,"player_choice":"Ignored","damage_taken":0,"max_hp_gain":0,"max_hp_loss":0,"event_name":"The Mausoleum","floor":22,"gold_loss":0},{"damage_healed":0,"gold_gain":0,"player_choice":"Fought Bandits","damage_taken":0,"max_hp_gain":0,"max_hp_loss":0,"event_name":"Masked Bandits","floor":24,"gold_loss":0},{"damage_healed":0,"gold_gain":0,"player_choice":"Shed Blood","damage_taken":17,"max_hp_gain":5,"max_hp_loss":0,"event_name":"Forgotten Altar","floor":31,"gold_loss":0},{"cards_removed":["animator:YaoHaDucy"],"damage_healed":0,"gold_gain":0,"player_choice":"Removed Attack","damage_taken":0,"max_hp_gain":0,"max_hp_loss":0,"event_name":"Falling","floor":36,"gold_loss":0},{"damage_healed":0,"gold_gain":0,"player_choice":"Ignored","damage_taken":0,"max_hp_gain":0,"max_hp_loss":0,"event_name":"Mysterious Sphere","floor":37,"gold_loss":0},{"damage_healed":0,"gold_gain":0,"player_choice":"Memory 2","damage_taken":5,"max_hp_gain":0,"max_hp_loss":0,"event_name":"SensoryStone","floor":61,"gold_loss":0}],"is_beta":false,"boss_relics":[{"not_picked":["Cursed Key","animator:CursedBlade"],"picked":"animator:VividPicture"},{"not_picked":["Mark of Pain","Empty Cage"],"picked":"Black Star"}],"items_purged_floors":[0,0,0,0,0,0,0,0,0,39,66],"is_endless":false,"potions_floor_spawned":[1,5,11,13,19,24,28,33,40,41,44,45,46,48,59,60,63,67],"ascension_level":0}}