{"host":"0mywbdtsrkvoq3rn","time":1612349720,"event":{"mods":["BaseMod","Energized Spire","Minty Spire (QoL Compilation)","Relic Stats","Replay The Spire","Shop Mod","Spicy Shops","StSLib","¡¾ÒÅÎï¿¨ÅÆ¡¿REMEMod","óô»ðÖ¸ÄÏ"],"gold_per_floor":[118,118,129,142,64,64,98,98,98,98,121,155,155,170,170,289,289,307,307,328,342,122,163,163,178,204,23,23,23,23,101,101,125,125,148,108,128,128,461,490,490,515,515,36,47,17,72,72,72,72,72,72,7,33,33],"floor_reached":56,"language":"ZHS","playtime":2017,"items_purged":["Amnesia","Clumsy"],"score":2124,"play_id":"71452bea-9b56-47d6-ab5c-ad5c5abda18c","local_time":"20210203185520","is_ascension_mode":true,"campfire_choices":[{"data":"Apotheosis","floor":6.0,"key":"SMITH"},{"floor":8.0,"key":"REST"},{"data":"Bash","floor":15.0,"key":"SMITH"},{"floor":24,"key":"RECALL"},{"data":"Shockwave","floor":30,"key":"SMITH"},{"data":"Offering","floor":30,"key":"SMITH"},{"floor":32,"key":"DIG"},{"data":"Strike_R+2","floor":41,"key":"SMITH"},{"data":"Strike_R+3","floor":41,"key":"SMITH"},{"data":"Barricade","floor":49,"key":"SMITH"},{"data":"Strike_R+4","floor":49,"key":"SMITH"},{"data":"Strike_R+2","floor":52,"key":"SMITH"},{"data":"Strike_R+5","floor":52,"key":"SMITH"}],"circlet_count":0,"master_deck":["Strike_R+3","Strike_R+1","Strike_R+1","Strike_R+6","Strike_R+1","Defend_R+1","Defend_R+2","Defend_R+1","Defend_R+1","Bash+1","Apotheosis+1","Twin Strike+1","Iron Wave","ReplayTheSpireMod:IOU","ReplayTheSpireMod:IOU","ReplayTheSpireMod:IOU","ReplayTheSpireMod:IOU","ReplayTheSpireMod:IOU","ReplayTheSpireMod:IOU","Dropkick+1","Wild Strike","Thunderclap+1","Offering+1","Infernal Blade+1","Rampage","Anger+1","Shockwave+1","Pummel+1","Ghostly","Ghostly","Ghostly","Ghostly+1","Ghostly","Fiend Fire+1","Exhume","Rupture","ReplayTheSpireMod:IOU","Barricade+1","ReplayTheSpireMod:IOU","ReplayTheSpireMod:IOU","ReplayTheSpireMod:IOU","Inflame+1","ReplayTheSpireMod:IOU","ReplayTheSpireMod:Private Reserves","ReplayTheSpireMod:Private Reserves","Cleave","Pot Of Greed","Pot Of Greed","Pot Of Greed","Pot Of Greed","Impervious"],"relics":["REME_ComplimentaryCards","Ring of Chaos","Ring of Panic","ReplayTheSpireMod:Ring of Challenge","Replay:Wax Seal","Simple Rune","Durian","Dream Catcher","Incense Burner","Lantern","Sundial","Boot","Onion Ring","Iron Hammer","Pet Ghost","ReplayTheSpireMod:TigerMarble","Bag of Preparation","Paper Frog","Kunai","Turnip","StoneCalendar","Replay:Bottled Flurry","Tiny Chest","ReplayFunnel","Akabeko","ReplayTheSpireMod:Shallot","PreservedInsect","Calipers","Replay:Bottled Steam","Pen Nib","Juzu Bracelet","Blood Vial","Replay:Accelerometer","Blue Doll","Champion Belt","Toy Ornithopter","Replay:WaspNest","Counterbalance","Gremlin Food","Replay:Arrowhead","Ornamental Fan","Red Skull","Bag of Marbles","MerchantsRug","Torii","Nloth\u0027s Gift","Shuriken","REME_PuzzleBoxRelic","energizedSpire:NeverEndingSparkler","Anchor","Strawberry","REME_IWantAll","Omamori","MealTicket","Bronze Scales","FossilizedHelix","King of Hearts","ReplayTheSpireMod:Spearhead","Gambling Chip","Another Sword","Vajra","Charon\u0027s Ashes","Replay:Rubber Ducky","Replay:Bottled Eggs","Mango","Mummified Hand","Singing Bowl","Membership Card","Potion Belt","Guide Book","Oddly Smooth Stone","Meat on the Bone","Pear","Sling","Thread and Needle","BranchBurnRelic","TheAbacus","REME_HandOfSuture","Grinning Jar","Mercury Hourglass","Centennial Puzzle","Bird Faced Urn","Replay:Baseball","Divine Protection"],"acts_visited":["Exordium","TheCity","TheBeyond","TheEnding"],"potions_floor_usage":[37,53,55,55,55,55],"damage_taken":[{"damage":8.0,"enemies":"Jaw Worm","floor":1.0,"turns":5.0},{"damage":11.0,"enemies":"2 Louse","floor":3.0,"turns":3.0},{"damage":0.0,"enemies":"Cultist","floor":4.0,"turns":4.0},{"damage":24.0,"enemies":"Replay:BlueRogue","floor":7.0,"turns":4.0},{"damage":0.0,"enemies":"Red Slaver","floor":11.0,"turns":1.0},{"damage":0.0,"enemies":"Lagavulin","floor":12.0,"turns":2.0},{"damage":0.0,"enemies":"Gremlin Gang","floor":14.0,"turns":3.0},{"damage":0.0,"enemies":"The Guardian","floor":16.0,"turns":4.0},{"damage":0.0,"enemies":"Shell Parasite","floor":18.0,"turns":1.0},{"damage":3,"enemies":"Spheric Guardian","floor":20,"turns":1},{"damage":0,"enemies":"Cultist and Chosen","floor":21,"turns":3},{"damage":0,"enemies":"Gremlin Leader","floor":23,"turns":2},{"damage":9,"enemies":"Shelled Parasite and Fungi","floor":25,"turns":2},{"damage":10,"enemies":"Collector","floor":33,"turns":3},{"damage":3,"enemies":"3 Darklings","floor":35,"turns":2},{"damage":8,"enemies":"3 Shapes","floor":37,"turns":1},{"damage":0,"enemies":"Nemesis","floor":40,"turns":1},{"damage":0,"enemies":"Jaw Worm Horde","floor":45,"turns":1},{"damage":0,"enemies":"2 Orb Walkers","floor":47,"turns":1},{"damage":0,"enemies":"Donu and Deca","floor":50,"turns":3},{"damage":0,"enemies":"Shield and Spear","floor":54,"turns":2},{"damage":0,"enemies":"The Heart","floor":55,"turns":5}],"seed_played":"-3558679593245034939","potions_obtained":[{"floor":1.0,"key":"LifebloodPotion"},{"floor":3.0,"key":"Death Potion"},{"floor":7.0,"key":"CultistPotion"},{"floor":20,"key":"Dexterity Potion"},{"floor":37,"key":"REME_GoldPotion"}],"is_trial":false,"path_per_floor":["M","?","M","M","$","R","E","R","T","?","M","E","?","M","R","B",null,"M","?","M","M","$","E","R","M","T","$","?","?","R","T","R","B",null,"M","?","M","?","?","E","R","T","T","$","M","$","?","?","R","B",null,"R","$","E","B",null],"character_chosen":"IRONCLAD","items_purchased":["Incense Burner","Lantern","Sundial","Juzu Bracelet","Blood Vial","MerchantsRug","Torii","FairyPotion","Membership Card","Potion Belt","Guide Book","Oddly Smooth Stone","Meat on the Bone","Exhume","Rupture","Pear","Sling","Inflame+1","TheAbacus","REME_HandOfSuture","Fruit Juice","Dexterity Potion","Elixir","BlessingOfTheForge","ReplayTheSpireMod:Private Reserves","Cleave"],"campfire_rested":1,"item_purchase_floors":[5,5,5,22,22,27,27,27,44,44,44,44,44,44,46,46,46,53,53,53,53,53,53,53,53,53],"current_hp_per_floor":[72,72,66,66,66,66,42,67,67,67,67,67,51,51,51,51,72,72,72,69,69,69,71,71,64,64,64,39,39,39,39,39,29,37,43,43,42,42,42,58,58,58,58,60,62,72,74,74,74,74,74,74,79,79,79],"gold":33,"neow_bonus":"BOSS_RELIC","is_daily":false,"chose_seed":false,"campfire_upgraded":10,"win_rate":0.0,"timestamp":1612349720,"path_taken":["M","?","M","M","$","R","E","R","T","?","M","E","?","M","R","BOSS","M","?","M","M","$","E","R","M","T","$","?","?","R","?","R","BOSS","M","?","M","?","?","E","R","?","T","?","M","$","?","?","R","BOSS","R","$","E","BOSS"],"items_purchased_type":["Relic","Relic","Relic","Relic","Relic","Relic","Relic","Potion","Relic","Relic","Relic","Relic","Relic","Card","Card","Relic","Relic","Card","Relic","Relic","Potion","Potion","Potion","Potion","Card","Card"],"build_version":"2020-12-22","purchased_purges":2,"victory":true,"max_hp_per_floor":[80,80,85,85,85,85,85,85,85,79,79,79,79,79,79,79,79,79,79,79,79,79,79,79,79,79,79,39,39,39,39,39,39,39,46,46,46,46,46,60,60,60,60,60,62,72,74,74,74,74,74,74,79,79,79],"relic_stats":{"Torii":0,"Singing Bowl":4,"StoneCalendar":[0],"Bag of Preparation":[32],"Juzu Bracelet":2,"Boot":[19],"Blood Vial":10,"Dream Catcher":1,"Centennial Puzzle":[0],"TheAbacus":[0],"Sundial":[0],"Mummified Hand":[12],"Gambling Chip":[20],"Tiny Chest":2,"MealTicket":2,"Kunai":[20],"counters":[22,54],"PreservedInsect":168,"Pen Nib":[8],"Charon\u0027s Ashes":[174],"Mercury Hourglass":[15],"Ornamental Fan":[60],"Shuriken":[15],"Bronze Scales":[63],"Bird Faced Urn":[0],"Turnip":[2],"Nloth\u0027s Gift":1,"Champion Belt":[27],"obtain_stats":[{"Replay:Accelerometer":23,"Divine Protection":54,"Calipers":21,"Vajra":40,"Whetstone":23,"Boot":7,"REME_IWantAll":35,"Sling":46,"Blood Vial":22,"Centennial Puzzle":54,"Sundial":5,"Strawberry":35,"Honey Jar":17,"MealTicket":35,"Iron Hammer":12,"Replay:Bottled Flurry":18,"Kunai":18,"Replay:Wax Seal":3,"Replay:Bottled Steam":21,"MerchantsRug":27,"Pear":46,"Dead Branch":20,"Counterbalance":25,"Oddly Smooth Stone":44,"Ring of Chaos":0,"Pen Nib":21,"Charon\u0027s Ashes":40,"Replay:Kaleidoscope":12,"War Paint":21,"Akabeko":20,"Bottled Flame":3,"ReplayTheSpireMod:Spearhead":37,"Replay:Baseball":54,"ReplayTheSpireMod:Shallot":20,"Shuriken":31,"energizedSpire:NeverEndingSparkler":34,"Bronze Scales":37,"Bird Faced Urn":54,"Simple Rune":3,"Onion Ring":9,"ReplayTheSpireMod:TigerMarble":12,"Nloth\u0027s Gift":29,"Grinning Jar":54,"Meat on the Bone":44,"ReplayFunnel":19,"Lantern":5,"Torii":27,"Singing Bowl":43,"StoneCalendar":18,"Blue Doll":23,"Mango":40,"King of Hearts":37,"Incense Burner":5,"Bag of Preparation":12,"Juzu Bracelet":22,"Burning Blood":0,"Pet Ghost":12,"Replay:Rubber Ducky":40,"BranchBurnRelic":52,"Dream Catcher":3,"Nunchaku":14,"TheAbacus":53,"Mummified Hand":40,"Gambling Chip":37,"Tiny Chest":18,"Ring of Panic":2,"Replay:Bottled Eggs":40,"Red Skull":25,"Paper Frog":12,"Gremlin Food":25,"Potion Belt":44,"Golden Idol":10,"Guide Book":44,"Thread and Needle":47,"PreservedInsect":20,"Replay:WaspNest":23,"Omamori":35,"MawBank":21,"Replay:Arrowhead":25,"Mercury Hourglass":54,"Anchor":35,"Ornamental Fan":25,"Turnip":18,"Another Sword":38,"REME_HandOfSuture":53,"Durian":3,"Art of War":20,"Bag of Marbles":26,"Champion Belt":23,"Membership Card":44,"ReplayTheSpireMod:Ring of Challenge":2,"REME_PuzzleBoxRelic":32,"Toy Ornithopter":23,"FossilizedHelix":37,"REME_ComplimentaryCards":0},{"Replay:Accelerometer":12,"Divine Protection":21,"Calipers":11,"Vajra":17,"Whetstone":12,"Boot":4,"REME_IWantAll":15,"Sling":18,"Blood Vial":11,"Centennial Puzzle":21,"Sundial":3,"Strawberry":15,"Honey Jar":8,"MealTicket":15,"Iron Hammer":6,"Replay:Bottled Flurry":9,"Kunai":9,"Replay:Wax Seal":2,"Replay:Bottled Steam":11,"MerchantsRug":13,"Pear":18,"Dead Branch":10,"Counterbalance":13,"Oddly Smooth Stone":17,"Ring of Chaos":0,"Pen Nib":11,"Charon\u0027s Ashes":17,"Replay:Kaleidoscope":6,"War Paint":11,"Akabeko":10,"Bottled Flame":2,"ReplayTheSpireMod:Spearhead":16,"Replay:Baseball":21,"ReplayTheSpireMod:Shallot":10,"Shuriken":13,"energizedSpire:NeverEndingSparkler":14,"Bronze Scales":16,"Bird Faced Urn":21,"Simple Rune":2,"Onion Ring":4,"ReplayTheSpireMod:TigerMarble":6,"Nloth\u0027s Gift":13,"Grinning Jar":21,"Meat on the Bone":17,"ReplayFunnel":9,"Lantern":3,"Torii":13,"Singing Bowl":17,"StoneCalendar":9,"Blue Doll":12,"Mango":17,"King of Hearts":16,"Incense Burner":3,"Bag of Preparation":6,"Juzu Bracelet":11,"Burning Blood":0,"Pet Ghost":6,"Replay:Rubber Ducky":17,"BranchBurnRelic":20,"Dream Catcher":2,"Nunchaku":7,"TheAbacus":20,"Mummified Hand":17,"Gambling Chip":16,"Tiny Chest":9,"Ring of Panic":1,"Replay:Bottled Eggs":17,"Red Skull":13,"Paper Frog":6,"Gremlin Food":13,"Potion Belt":17,"Golden Idol":4,"Guide Book":17,"Thread and Needle":19,"PreservedInsect":10,"Replay:WaspNest":12,"Omamori":15,"MawBank":11,"Replay:Arrowhead":13,"Mercury Hourglass":21,"Anchor":15,"Ornamental Fan":13,"Turnip":9,"Another Sword":16,"REME_HandOfSuture":20,"Durian":2,"Art of War":10,"Bag of Marbles":13,"Champion Belt":12,"Membership Card":17,"ReplayTheSpireMod:Ring of Challenge":1,"REME_PuzzleBoxRelic":13,"Toy Ornithopter":12,"FossilizedHelix":16,"REME_ComplimentaryCards":0},{"Replay:Accelerometer":33,"Divine Protection":49,"Calipers":31,"Vajra":42,"Whetstone":33,"Boot":16,"REME_IWantAll":40,"Sling":43,"Blood Vial":31,"Centennial Puzzle":49,"Sundial":12,"Strawberry":40,"Honey Jar":26,"MealTicket":40,"Iron Hammer":19,"Replay:Bottled Flurry":27,"Kunai":27,"Replay:Wax Seal":8,"Replay:Bottled Steam":31,"MerchantsRug":35,"Pear":43,"Dead Branch":28,"Counterbalance":35,"Oddly Smooth Stone":42,"Ring of Chaos":0,"Pen Nib":31,"Charon\u0027s Ashes":42,"Replay:Kaleidoscope":19,"War Paint":31,"Akabeko":28,"Bottled Flame":8,"ReplayTheSpireMod:Spearhead":41,"Replay:Baseball":49,"ReplayTheSpireMod:Shallot":28,"Shuriken":35,"energizedSpire:NeverEndingSparkler":38,"Bronze Scales":41,"Bird Faced Urn":49,"Simple Rune":8,"Onion Ring":16,"ReplayTheSpireMod:TigerMarble":19,"Nloth\u0027s Gift":35,"Grinning Jar":49,"Meat on the Bone":42,"ReplayFunnel":27,"Lantern":12,"Torii":35,"Singing Bowl":42,"StoneCalendar":27,"Blue Doll":33,"Mango":42,"King of Hearts":41,"Incense Burner":12,"Bag of Preparation":19,"Juzu Bracelet":31,"Burning Blood":0,"Pet Ghost":19,"Replay:Rubber Ducky":42,"BranchBurnRelic":47,"Dream Catcher":8,"Nunchaku":22,"TheAbacus":47,"Mummified Hand":42,"Gambling Chip":41,"Tiny Chest":27,"Ring of Panic":5,"Replay:Bottled Eggs":42,"Red Skull":35,"Paper Frog":19,"Gremlin Food":35,"Potion Belt":42,"Golden Idol":16,"Guide Book":42,"Thread and Needle":44,"PreservedInsect":28,"Replay:WaspNest":33,"Omamori":40,"MawBank":31,"Replay:Arrowhead":35,"Mercury Hourglass":49,"Anchor":40,"Ornamental Fan":35,"Turnip":27,"Another Sword":41,"REME_HandOfSuture":47,"Durian":8,"Art of War":28,"Bag of Marbles":35,"Champion Belt":33,"Membership Card":42,"ReplayTheSpireMod:Ring of Challenge":5,"REME_PuzzleBoxRelic":35,"Toy Ornithopter":33,"FossilizedHelix":41,"REME_ComplimentaryCards":0}],"Toy Ornithopter":5,"Meat on the Bone":0},"card_choices":[{"not_picked":["Anger","Body Slam"],"picked":"Twin Strike","floor":1.0},{"not_picked":["Sever Soul","Perfected Strike"],"picked":"Iron Wave","floor":3.0},{"not_picked":["Intimidate","Warcry","Clash"],"picked":"SKIP","floor":4.0},{"not_picked":["ReplayTheSpireMod:Muscle Training","Pommel Strike"],"picked":"Dropkick","floor":7.0},{"not_picked":["Shrug It Off","Battle Trance"],"picked":"Wild Strike","floor":8.0},{"not_picked":["Hemokinesis","Clothesline","Sever Soul"],"picked":"SKIP","floor":11.0},{"not_picked":["Twin Strike","Carnage","Sentinel"],"picked":"SKIP","floor":12.0},{"not_picked":["Disarm","Entrench"],"picked":"Thunderclap","floor":14.0},{"not_picked":["REME_ACTH","Juggernaut"],"picked":"Offering","floor":16.0},{"not_picked":["Flex","Replay:Undeath\u0027s Touch+1","True Grit"],"picked":"Infernal Blade+1","floor":18.0},{"not_picked":["Run Through","Sword Boomerang","Juggernaut"],"picked":"Rampage","floor":20},{"not_picked":["Twin Strike","Havoc","Wild Strike"],"picked":"Anger+1","floor":21},{"not_picked":["Perfected Strike+1","Headbutt","Run Through+1"],"picked":"Shockwave","floor":23},{"not_picked":["Body Slam","ReplayTheSpireMod:Strike From Hell","Burning Pact+1"],"picked":"Pummel+1","floor":25},{"not_picked":["Offering","REME_ACTH"],"picked":"Fiend Fire","floor":33},{"not_picked":["Sword Boomerang","Twin Strike","Perfected Strike"],"picked":"SKIP","floor":35},{"not_picked":["Anger+1","Dual Wield","Heavy Blade"],"picked":"SKIP","floor":37},{"not_picked":["Evolve","Bloodletting","Searing Blow"],"picked":"SKIP","floor":40},{"not_picked":["Perfected Strike+1","Anger+1","Flex+1"],"picked":"Singing Bowl","floor":45},{"not_picked":["Clothesline","Searing Blow+1","Perfected Strike+1"],"picked":"Singing Bowl","floor":47},{"not_picked":["Shockwave+1","True Grit+1"],"picked":"Impervious","floor":54}],"player_experience":147360,"relics_obtained":[{"floor":2.0,"key":"Ring of Panic"},{"floor":2.0,"key":"ReplayTheSpireMod:Ring of Challenge"},{"floor":3.0,"key":"Bottled Flame"},{"floor":3.0,"key":"Replay:Wax Seal"},{"floor":3.0,"key":"Simple Rune"},{"floor":3.0,"key":"Durian"},{"floor":3.0,"key":"Dream Catcher"},{"floor":7.0,"key":"Boot"},{"floor":9.0,"key":"Onion Ring"},{"floor":12.0,"key":"Iron Hammer"},{"floor":12.0,"key":"Pet Ghost"},{"floor":12.0,"key":"ReplayTheSpireMod:TigerMarble"},{"floor":12.0,"key":"Bag of Preparation"},{"floor":12.0,"key":"Paper Frog"},{"floor":12.0,"key":"Replay:Kaleidoscope"},{"floor":14.0,"key":"Nunchaku"},{"floor":18.0,"key":"Kunai"},{"floor":18.0,"key":"Turnip"},{"floor":18.0,"key":"StoneCalendar"},{"floor":18.0,"key":"Replay:Bottled Flurry"},{"floor":18.0,"key":"Tiny Chest"},{"floor":20,"key":"Art of War"},{"floor":20,"key":"Akabeko"},{"floor":20,"key":"ReplayTheSpireMod:Shallot"},{"floor":20,"key":"PreservedInsect"},{"floor":20,"key":"Dead Branch"},{"floor":21,"key":"Calipers"},{"floor":21,"key":"War Paint"},{"floor":21,"key":"Replay:Bottled Steam"},{"floor":21,"key":"MawBank"},{"floor":21,"key":"Pen Nib"},{"floor":23,"key":"Replay:Accelerometer"},{"floor":23,"key":"Blue Doll"},{"floor":23,"key":"Champion Belt"},{"floor":23,"key":"Whetstone"},{"floor":23,"key":"Toy Ornithopter"},{"floor":23,"key":"Replay:WaspNest"},{"floor":25,"key":"Counterbalance"},{"floor":25,"key":"Gremlin Food"},{"floor":25,"key":"Replay:Arrowhead"},{"floor":25,"key":"Ornamental Fan"},{"floor":25,"key":"Red Skull"},{"floor":26,"key":"Bag of Marbles"},{"floor":31,"key":"Shuriken"},{"floor":32,"key":"REME_PuzzleBoxRelic"},{"floor":35,"key":"Anchor"},{"floor":35,"key":"Strawberry"},{"floor":35,"key":"REME_IWantAll"},{"floor":35,"key":"Omamori"},{"floor":35,"key":"MealTicket"},{"floor":37,"key":"Bronze Scales"},{"floor":37,"key":"FossilizedHelix"},{"floor":37,"key":"King of Hearts"},{"floor":37,"key":"ReplayTheSpireMod:Spearhead"},{"floor":37,"key":"Gambling Chip"},{"floor":40,"key":"Vajra"},{"floor":40,"key":"Charon\u0027s Ashes"},{"floor":40,"key":"Replay:Rubber Ducky"},{"floor":40,"key":"Replay:Bottled Eggs"},{"floor":40,"key":"Mango"},{"floor":40,"key":"Mummified Hand"},{"floor":43,"key":"Singing Bowl"},{"floor":47,"key":"Thread and Needle"},{"floor":54,"key":"Grinning Jar"},{"floor":54,"key":"Mercury Hourglass"},{"floor":54,"key":"Centennial Puzzle"},{"floor":54,"key":"Bird Faced Urn"},{"floor":54,"key":"Replay:Baseball"},{"floor":54,"key":"Divine Protection"}],"event_choices":[{"damage_healed":0.0,"max_hp_gain":0.0,"max_hp_loss":6.0,"gold_gain":0.0,"event_name":"Golden Idol","player_choice":"Lose Max HP","floor":10.0,"gold_loss":0.0,"damage_taken":0.0,"relics_obtained":["Golden Idol"]},{"damage_healed":0.0,"max_hp_gain":0.0,"max_hp_loss":0.0,"gold_gain":0.0,"event_name":"Shining Light","player_choice":"Entered Light","floor":13.0,"gold_loss":0.0,"damage_taken":16.0,"cards_upgraded":["Defend_R","Defend_R"]},{"damage_healed":0,"gold_gain":0,"player_choice":"Opened","damage_taken":0,"relics_obtained":["ReplayFunnel"],"max_hp_gain":0,"max_hp_loss":0,"event_name":"The Mausoleum","floor":19,"gold_loss":0},{"damage_healed":0,"gold_gain":0,"player_choice":"Became a Ghost","damage_taken":0,"max_hp_gain":0,"max_hp_loss":40,"event_name":"Ghosts","floor":28,"gold_loss":0,"cards_obtained":["Ghostly","Ghostly","Ghostly","Ghostly","Ghostly"]},{"damage_healed":0,"gold_gain":0,"player_choice":"Traded Relic","damage_taken":0,"relics_obtained":["Nloth\u0027s Gift"],"max_hp_gain":0,"max_hp_loss":0,"event_name":"N\u0027loth","floor":29,"relics_lost":["Nunchaku"],"gold_loss":0},{"damage_healed":0,"gold_gain":0,"player_choice":"Upgraded Two","damage_taken":0,"max_hp_gain":0,"max_hp_loss":0,"event_name":"Designer","floor":36,"gold_loss":40,"cards_upgraded":["Thunderclap","Ghostly"]},{"damage_healed":0,"gold_gain":0,"player_choice":"Gave Potion","damage_taken":0,"relics_obtained":["Another Sword"],"max_hp_gain":0,"max_hp_loss":0,"event_name":"WeMeetAgain","floor":38,"gold_loss":0},{"damage_healed":0,"gold_gain":333,"player_choice":"Gave Idol","damage_taken":0,"max_hp_gain":0,"max_hp_loss":0,"event_name":"The Moai Head","floor":39,"relics_lost":["Golden Idol"],"gold_loss":0},{"damage_healed":0,"gold_gain":0,"player_choice":"Fight","damage_taken":0,"max_hp_gain":0,"max_hp_loss":0,"event_name":"Mysterious Sphere","floor":47,"gold_loss":0},{"damage_healed":0,"gold_gain":0,"player_choice":"2 cards matched","damage_taken":0,"max_hp_gain":0,"max_hp_loss":0,"event_name":"Match and Keep!","floor":48,"gold_loss":0,"cards_obtained":["Clumsy","Barricade"]}],"is_beta":false,"boss_relics":[{"not_picked":["Pandora\u0027s Box","Electric Blood"],"picked":"Honey Jar"},{"not_picked":["REME_DuelDisc","energizedSpire:TabascoSauce"],"picked":"energizedSpire:NeverEndingSparkler"}],"items_purged_floors":[5,53],"is_endless":false,"potions_floor_spawned":[1,3,7,16,20,33,35,37],"ascension_level":5}}