{"host":"poixavpewvabi3b6","time":1612339792,"event":{"mods":["BaseMod","DeckTracker","GungeonMod","Minty Spire (QoL Compilation)","StSLib"],"gold_per_floor":[109,109,109,132,132,132,173,173,173,173,58,58,81,107,107,238,238,253,253,168,188,217,217,217],"floor_reached":23,"language":"KOR","playtime":982,"items_purged":[],"score":214,"play_id":"a3b1934e-6a86-42ec-8871-483028bf29de","local_time":"20210203170952","is_ascension_mode":false,"campfire_choices":[{"data":"DemoMod:HungryBullets","floor":6,"key":"SMITH"},{"floor":8,"key":"REST"},{"data":"DemoMod:TableSutra","floor":10,"key":"SMITH"},{"floor":15,"key":"REST"}],"circlet_count":0,"master_deck":["DemoMod:Strike_Huntress","DemoMod:Strike_Huntress+1","DemoMod:Strike_Huntress","DemoMod:Defend_Huntress","DemoMod:Defend_Huntress","DemoMod:Defend_Huntress","DemoMod:Defend_Huntress","DemoMod:Roll","DemoMod:ManualReload","DemoMod:RustySidearm+1","DemoMod:CrossBow","DemoMod:HungryBullets+1","DemoMod:TableSutra+1","DemoMod:TripleGun","DemoMod:TripleGun","DemoMod:BlankBullets","DemoMod:Camera","DemoMod:BlackHoleGun","DemoMod:RadGun"],"relics":["DemoMod:Dog","NeowsBlessing","Golden Idol","Mummified Hand","DemoMod:MemoryAlloy","DemoMod:GnawedKey","DemoMod:MeltedRock","Nunchaku","Bag of Marbles"],"acts_visited":["Exordium","TheCity"],"potions_floor_usage":[16,22,23,23],"damage_taken":[{"damage":0,"enemies":"Cultist","floor":1,"turns":1},{"damage":0,"enemies":"2 Louse","floor":4,"turns":1},{"damage":0,"enemies":"Lagavulin","floor":7,"turns":1},{"damage":6,"enemies":"Jaw Worm","floor":13,"turns":3},{"damage":16,"enemies":"Exordium Thugs","floor":14,"turns":5},{"damage":8,"enemies":"Slime Boss","floor":16,"turns":7},{"damage":16,"enemies":"Spheric Guardian","floor":18,"turns":4},{"damage":13,"enemies":"2 Thieves","floor":21,"turns":3},{"damage":29,"enemies":"Sentry and Sphere","floor":22,"turns":6},{"damage":15,"enemies":"Slavers","floor":23,"turns":1}],"seed_played":"-827996279027141064","potions_obtained":[{"floor":13,"key":"PowerPotion"},{"floor":16,"key":"DemoMod:LeadSkinPotion"},{"floor":18,"key":"SteroidPotion"},{"floor":21,"key":"Explosive Potion"}],"is_trial":false,"path_per_floor":["M","?","?","M","?","R","E","R","T","R","$","?","M","M","R","B",null,"M","?","?","M","M","E"],"character_chosen":"HUNTRESS","items_purchased":["DemoMod:GnawedKey"],"campfire_rested":2,"item_purchase_floors":[11],"current_hp_per_floor":[70,53,58,58,44,44,44,65,65,65,65,65,59,43,64,56,70,54,54,54,41,12,0,0],"gold":217,"neow_bonus":"THREE_ENEMY_KILL","is_daily":false,"chose_seed":false,"campfire_upgraded":2,"win_rate":0.0,"timestamp":1612339792,"path_taken":["M","?","?","?","?","R","E","R","T","R","?","?","M","M","R","BOSS","M","?","?","M","M","E"],"items_purchased_type":["Relic"],"build_version":"2020-12-22","purchased_purges":0,"victory":false,"max_hp_per_floor":[70,70,70,70,70,70,70,70,70,70,70,70,70,70,70,70,70,70,70,70,70,70,70,70],"card_choices":[{"not_picked":["DemoMod:ConditionalReflex","DemoMod:Unmoved"],"picked":"DemoMod:StickyCrossBow","floor":1},{"not_picked":["DemoMod:SAA","DemoMod:Unmoved"],"picked":"DemoMod:HungryBullets","floor":4},{"not_picked":["DemoMod:FastSwitch","DemoMod:TripleGun"],"picked":"DemoMod:TableSutra","floor":7},{"not_picked":["DemoMod:FastSwitch","DemoMod:MegaHand"],"picked":"DemoMod:TripleGun","floor":13},{"not_picked":["DemoMod:Polaris","DemoMod:HuntsMan"],"picked":"DemoMod:TripleGun","floor":14},{"not_picked":["DemoMod:BlackHoleGun","DemoMod:FullFirepower"],"picked":"DemoMod:BlankBullets","floor":16},{"not_picked":["DemoMod:GunstockTap+1","DemoMod:ConditionalReflex+1"],"picked":"DemoMod:Camera","floor":18},{"not_picked":["DemoMod:LifeOrb","DemoMod:ConditionalReflex+1"],"picked":"DemoMod:BlackHoleGun","floor":21},{"not_picked":["DemoMod:Ejector","DemoMod:HungryBullets"],"picked":"DemoMod:RadGun","floor":22}],"player_experience":144432,"relics_obtained":[{"floor":7,"key":"Mummified Hand"},{"floor":9,"key":"DemoMod:MemoryAlloy"},{"floor":13,"key":"Nunchaku"}],"event_choices":[{"damage_healed":0,"gold_gain":0,"player_choice":"Take Damage","damage_taken":17,"relics_obtained":["Golden Idol"],"max_hp_gain":0,"max_hp_loss":0,"event_name":"Golden Idol","floor":2,"gold_loss":0},{"cards_removed":["DemoMod:StickyCrossBow"],"damage_healed":5,"gold_gain":0,"player_choice":"Offered Common","damage_taken":0,"max_hp_gain":0,"max_hp_loss":0,"event_name":"Bonfire Elementals","floor":3,"gold_loss":0},{"cards_removed":["DemoMod:StickyCrossBow"],"damage_healed":5,"gold_gain":0,"player_choice":"Offered Special","damage_taken":0,"max_hp_gain":0,"max_hp_loss":0,"event_name":"Bonfire Elementals","floor":3,"gold_loss":0},{"damage_healed":0,"gold_gain":0,"player_choice":"Entered Light","damage_taken":14,"max_hp_gain":0,"max_hp_loss":0,"event_name":"Shining Light","floor":5,"gold_loss":0,"cards_upgraded":["DemoMod:Strike_Huntress","DemoMod:RustySidearm"]},{"damage_healed":0,"gold_gain":0,"player_choice":"Searched \u00271\u0027 times","damage_taken":0,"relics_obtained":["DemoMod:MeltedRock"],"max_hp_gain":0,"max_hp_loss":0,"event_name":"Dead Adventurer","floor":12,"gold_loss":0},{"damage_healed":0,"gold_gain":0,"player_choice":"Obtained Relic","damage_taken":0,"relics_obtained":["Bag of Marbles"],"max_hp_gain":0,"max_hp_loss":0,"event_name":"Addict","floor":20,"gold_loss":85}],"is_beta":false,"boss_relics":[{"not_picked":["Velvet Choker","Coffee Dripper","Cursed Key"]}],"items_purged_floors":[],"is_endless":false,"potions_floor_spawned":[13,16,18,21],"killed_by":"Slavers","ascension_level":0}}