{"host":"hs5g5f0q56ds4vmn","time":1612365258,"event":{"mods":["AchievementEnabler","BaseMod","DeckTracker","Highlight Path","Minty Spire (QoL Compilation)","SuperFastMode","everything is the same but u backflip on backflip"],"gold_per_floor":[215,229,179,454,464,464,475,475,475,506,158,158,172,172,172],"floor_reached":14,"language":"KOR","playtime":588,"items_purged":["Regret"],"score":135,"play_id":"af6582c2-248c-4cf5-b104-91f239e7e80a","local_time":"20210204001418","is_ascension_mode":true,"campfire_choices":[{"data":"Sweeping Beam","floor":6.0,"key":"SMITH"},{"data":"Loop","floor":8.0,"key":"SMITH"},{"data":"The Bomb","floor":12.0,"key":"SMITH"}],"circlet_count":0,"master_deck":["AscendersBane","Strike_B","Strike_B","Strike_B","Defend_B","Defend_B","Defend_B","Defend_B","Zap","Dualcast","Sweeping Beam+1","Loop+1","Amplify","Hologram","The Bomb+1"],"relics":["Cracked Core","Bottled Tornado","Oddly Smooth Stone","Membership Card","Anchor"],"acts_visited":["Exordium"],"potions_floor_usage":[],"damage_taken":[{"damage":0.0,"enemies":"Small Slimes","floor":1.0,"turns":3.0},{"damage":3.0,"enemies":"2 Louse","floor":2.0,"turns":3.0},{"damage":7.0,"enemies":"Cultist","floor":5.0,"turns":4.0},{"damage":14.0,"enemies":"Looter","floor":7.0,"turns":3.0},{"damage":31.0,"enemies":"Gremlin Nob","floor":10.0,"turns":4.0},{"damage":0,"enemies":"Blue Slaver","floor":13,"turns":3},{"damage":14,"enemies":"Lagavulin","floor":14,"turns":3}],"seed_played":"615546689143920328","potions_obtained":[{"floor":10.0,"key":"Fire Potion"}],"is_trial":false,"path_per_floor":["M","M","?","?","M","R","M","R","T","E","$","R","M","E"],"character_chosen":"DEFECT","items_purchased":["Membership Card","Anchor","The Bomb"],"campfire_rested":0,"item_purchase_floors":[11,11,11],"current_hp_per_floor":[68,65,65,65,58,58,44,44,44,13,13,13,13,0,0],"gold":172,"neow_bonus":"HUNDRED_GOLD","is_daily":false,"chose_seed":false,"campfire_upgraded":3,"win_rate":0.0,"timestamp":1612365258,"path_taken":["M","M","?","?","M","R","M","R","T","E","$","R","M","E"],"items_purchased_type":["Relic","Relic","Card"],"build_version":"2020-12-22","purchased_purges":1,"victory":false,"max_hp_per_floor":[75,75,75,75,75,75,75,75,75,75,75,75,75,75,75],"card_choices":[{"not_picked":["Rebound","Steam"],"picked":"Sweeping Beam","floor":1.0},{"not_picked":["Streamline","Gash"],"picked":"Loop","floor":2.0},{"not_picked":["Sweeping Beam","Barrage","Streamline"],"picked":"SKIP","floor":5.0},{"not_picked":["Steam Power","Conserve Battery"],"picked":"Amplify","floor":7.0},{"not_picked":["Coolheaded","Stack"],"picked":"Hologram","floor":10.0},{"not_picked":["Leap","Redo","Ball Lightning"],"picked":"SKIP","floor":13}],"player_experience":567699,"relics_obtained":[{"floor":9.0,"key":"Bottled Tornado"},{"floor":10.0,"key":"Oddly Smooth Stone"}],"event_choices":[{"cards_removed":["Strike_B"],"damage_healed":0.0,"max_hp_gain":0.0,"max_hp_loss":0.0,"gold_gain":0.0,"event_name":"The Cleric","player_choice":"Card Removal","floor":3.0,"gold_loss":50.0,"damage_taken":0.0},{"damage_healed":0.0,"max_hp_gain":0.0,"max_hp_loss":0.0,"gold_gain":275.0,"event_name":"Golden Shrine","player_choice":"Desecrate","floor":4.0,"gold_loss":0.0,"damage_taken":0.0,"cards_obtained":["Regret"]}],"is_beta":false,"boss_relics":[],"items_purged_floors":[11],"is_endless":false,"potions_floor_spawned":[10],"killed_by":"Lagavulin","ascension_level":10}}