{"host":"qdfumeom6htv8yxl","time":1612381471,"event":{"mods":["AchievementEnabler","BaseMod","Bestiary","Block Reminder","Colored Powertips","Highlight Path","Minty Spire (QoL Compilation)","Quick Restart","Relic Stats"],"gold_per_floor":[118,118,138,43,43,69,69,94,147,165,182,215,215,225,225,299,299,219,219,88,88,88,88,88,88,88,88,88,88,3,3,3,3,3,3,3,3,3,3,3,3,3,3,3,3,3,3,3,3,3,3],"floor_reached":50,"language":"ENG","playtime":1717,"items_purged":["Strike_B"],"score":1114,"play_id":"fb0a266d-68a8-4be5-96cc-52eaf9a900b9","local_time":"20210203134431","is_ascension_mode":true,"campfire_choices":[{"floor":13.0,"key":"REST"},{"data":"Hyperbeam","floor":15.0,"key":"SMITH"},{"floor":23.0,"key":"REST"},{"floor":25.0,"key":"REST"},{"data":"Reboot","floor":27.0,"key":"SMITH"},{"data":"Hologram","floor":32.0,"key":"SMITH"},{"floor":40.0,"key":"REST"},{"floor":44.0,"key":"REST"},{"data":"Hyperbeam","floor":49.0,"key":"SMITH"}],"circlet_count":0,"master_deck":["AscendersBane","Strike_B+1","Strike_B+1","Defend_B+1","Defend_B+1","Defend_B+1","Zap","Dualcast","Go for the Eyes+1","Rip and Tear","Finesse","Hyperbeam+1","Hologram+1","Reinforced Body","Skim","Gash","Gash+1","Reboot+1","Skim","Melter+1","Beam Cell+1","Leap+1","Rebound","Trip","Hyperbeam+1","Steam","FTL","Rebound+1","Beam Cell+1","Hologram"],"relics":["Cracked Core","NeowsBlessing","Dream Catcher","White Beast Statue","PreservedInsect","CaptainsWheel","Ectoplasm","Juzu Bracelet","Whetstone","The Courier","Blood Vial","Empty Cage","Pantograph","Molten Egg 2","Ginger","Bottled Flame"],"acts_visited":["Exordium","TheCity","TheBeyond"],"potions_floor_usage":[50],"damage_taken":[{"damage":0.0,"enemies":"2 Louse","floor":1.0,"turns":1.0},{"damage":0.0,"enemies":"Cultist","floor":3.0,"turns":1.0},{"damage":0.0,"enemies":"Lagavulin","floor":6.0,"turns":1.0},{"damage":8.0,"enemies":"3 Sentries","floor":8.0,"turns":4.0},{"damage":4.0,"enemies":"Jaw Worm","floor":10.0,"turns":2.0},{"damage":0.0,"enemies":"2 Fungi Beasts","floor":11.0,"turns":2.0},{"damage":7.0,"enemies":"Gremlin Nob","floor":12.0,"turns":3.0},{"damage":0.0,"enemies":"Large Slime","floor":14.0,"turns":4.0},{"damage":39.0,"enemies":"Slime Boss","floor":16.0,"turns":10.0},{"damage":13.0,"enemies":"2 Thieves","floor":18.0,"turns":3.0},{"damage":28.0,"enemies":"3 Byrds","floor":19.0,"turns":4.0},{"damage":3.0,"enemies":"Gremlin Leader","floor":24.0,"turns":3.0},{"damage":56.0,"enemies":"Automaton","floor":33.0,"turns":8.0},{"damage":4.0,"enemies":"3 Darklings","floor":35.0,"turns":2.0},{"damage":10.0,"enemies":"Orb Walker","floor":37.0,"turns":3.0},{"damage":22.0,"enemies":"Spire Growth","floor":39.0,"turns":3.0},{"damage":34.0,"enemies":"Nemesis","floor":41.0,"turns":5.0},{"damage":0.0,"enemies":"3 Darklings","floor":42.0,"turns":2.0},{"damage":0.0,"enemies":"Mind Bloom Boss Battle","floor":46.0,"turns":3.0},{"damage":58.0,"enemies":"Giant Head","floor":47.0,"turns":6.0},{"damage":61,"enemies":"Donu and Deca","floor":50,"turns":5}],"seed_played":"6461856993089012313","potions_obtained":[{"floor":3.0,"key":"FairyPotion"},{"floor":8.0,"key":"Weak Potion"},{"floor":10.0,"key":"LiquidBronze"},{"floor":11.0,"key":"EssenceOfSteel"},{"floor":16.0,"key":"FocusPotion"},{"floor":18.0,"key":"FearPotion"},{"floor":19.0,"key":"CultistPotion"},{"floor":24.0,"key":"Block Potion"},{"floor":33.0,"key":"LiquidMemories"},{"floor":35.0,"key":"PotionOfCapacity"},{"floor":37.0,"key":"Swift Potion"},{"floor":39.0,"key":"Swift Potion"},{"floor":41.0,"key":"Energy Potion"},{"floor":42.0,"key":"PowerPotion"},{"floor":47.0,"key":"Block Potion"}],"is_trial":false,"path_per_floor":["M","?","M","$","?","E","?","E","T","M","M","E","R","M","R","B",null,"M","M","$","?","T","R","E","R","T","R","?","?","?","$","R","B",null,"M","$","M","?","M","R","E","M","T","R","$","?","E","?","R","B"],"character_chosen":"DEFECT","items_purchased":["Finesse","Beam Cell"],"campfire_rested":5,"item_purchase_floors":[4,20],"current_hp_per_floor":[64,60,60,60,60,60,60,52,52,48,48,41,62,62,62,23,59,46,18,18,18,18,39,36,57,57,57,45,59,59,59,59,5,55,53,53,45,45,25,46,14,16,16,37,37,64,8,58,58,17,17],"gold":3,"neow_bonus":"THREE_ENEMY_KILL","is_daily":false,"chose_seed":false,"campfire_upgraded":4,"win_rate":0.0,"timestamp":1612381471,"path_taken":["M","?","?","$","?","E","?","E","T","M","M","E","R","M","R","BOSS","M","M","$","?","?","R","E","R","T","R","?","?","?","?","R","BOSS","M","?","M","?","M","R","E","M","T","R","$","?","E","?","R","BOSS"],"items_purchased_type":["Card","Card"],"build_version":"2020-12-22","purchased_purges":1,"victory":false,"max_hp_per_floor":[71,71,71,71,71,71,71,71,71,71,71,71,71,71,71,71,71,71,71,71,71,71,71,71,71,71,71,71,71,71,71,71,71,71,71,71,71,71,71,71,71,71,71,71,71,71,71,58,58,58,58],"relic_stats":{"Blood Vial":16,"Dream Catcher":5,"counters":[21,75],"Pantograph":25,"PreservedInsect":250,"Ectoplasm":679,"Juzu Bracelet":2,"Whetstone":["Gash","Beam Cell"],"Ginger":[1],"obtain_stats":[{"NeowsBlessing":0,"PreservedInsect":9,"The Courier":26,"Juzu Bracelet":22,"Whetstone":24,"Ginger":46,"Empty Cage":34,"White Beast Statue":8,"Blood Vial":30,"Dream Catcher":6,"CaptainsWheel":12,"Bottled Flame":47,"Pantograph":41,"Molten Egg 2":43,"Ectoplasm":17,"Cracked Core":0},{"NeowsBlessing":0,"PreservedInsect":4,"The Courier":12,"Juzu Bracelet":11,"Whetstone":12,"Ginger":19,"Empty Cage":13,"White Beast Statue":4,"Blood Vial":12,"Dream Catcher":3,"CaptainsWheel":7,"Bottled Flame":20,"Pantograph":17,"Molten Egg 2":18,"Ectoplasm":9,"Cracked Core":0},{"NeowsBlessing":0,"PreservedInsect":7,"The Courier":38,"Juzu Bracelet":35,"Whetstone":38,"Ginger":64,"Empty Cage":46,"White Beast Statue":7,"Blood Vial":38,"Dream Catcher":3,"CaptainsWheel":14,"Bottled Flame":70,"Pantograph":59,"Molten Egg 2":61,"Ectoplasm":28,"Cracked Core":0}]},"card_choices":[{"not_picked":["Turbo","Cold Snap"],"picked":"Go for the Eyes","floor":1.0},{"not_picked":["Turbo","Rebound"],"picked":"Rip and Tear","floor":3.0},{"not_picked":["Steam","Doom and Gloom"],"picked":"Hyperbeam","floor":6.0},{"not_picked":["Melter","Rebound"],"picked":"Hologram","floor":8.0},{"not_picked":["Self Repair","Darkness"],"picked":"Reinforced Body","floor":10.0},{"not_picked":["Sunder","Consume"],"picked":"Skim","floor":11.0},{"not_picked":["Steam Power","Hologram"],"picked":"Gash","floor":12.0},{"not_picked":["Steam","Aggregate"],"picked":"Gash","floor":13.0},{"not_picked":["Force Field","Rebound","Turbo"],"picked":"SKIP","floor":14.0},{"not_picked":["Biased Cognition","Creative AI"],"picked":"Reboot","floor":16.0},{"not_picked":["Rebound","Leap+1"],"picked":"Skim","floor":18.0},{"not_picked":["Heatsinks+1","Streamline"],"picked":"Melter+1","floor":19.0},{"not_picked":["Electrodynamics","Melter"],"picked":"Leap+1","floor":24.0},{"not_picked":["Conserve Battery","BootSequence"],"picked":"Rebound","floor":25.0},{"not_picked":["Multi-Cast","Biased Cognition"],"picked":"Hyperbeam","floor":33.0},{"not_picked":["Sweeping Beam","Blizzard","Go for the Eyes+1"],"picked":"SKIP","floor":35.0},{"not_picked":["Storm","Streamline","Auto Shields"],"picked":"SKIP","floor":37.0},{"not_picked":["Streamline","Hologram"],"picked":"Steam","floor":39.0},{"not_picked":["Rainbow","Aggregate","Genetic Algorithm"],"picked":"SKIP","floor":41.0},{"not_picked":["Aggregate","Ball Lightning+1"],"picked":"FTL","floor":42.0},{"not_picked":["Turbo","Ball Lightning+1"],"picked":"Rebound+1","floor":44.0},{"not_picked":["Blizzard+1","Redo"],"picked":"Beam Cell+1","floor":46.0},{"not_picked":["Go for the Eyes+1","Ball Lightning+1"],"picked":"Hologram","floor":47.0}],"player_experience":2003420,"relics_obtained":[{"floor":6.0,"key":"Dream Catcher"},{"floor":8.0,"key":"White Beast Statue"},{"floor":9.0,"key":"PreservedInsect"},{"floor":12.0,"key":"CaptainsWheel"},{"floor":22.0,"key":"Juzu Bracelet"},{"floor":24.0,"key":"Whetstone"},{"floor":26.0,"key":"The Courier"},{"floor":41.0,"key":"Pantograph"},{"floor":43.0,"key":"Molten Egg 2"},{"floor":46.0,"key":"Ginger"},{"floor":47.0,"key":"Bottled Flame"}],"event_choices":[{"damage_healed":0.0,"max_hp_gain":0.0,"max_hp_loss":0.0,"gold_gain":0.0,"event_name":"The Woman in Blue","player_choice":"Bought 0 Potions","floor":2.0,"gold_loss":0.0,"damage_taken":0.0},{"damage_healed":0.0,"max_hp_gain":0.0,"max_hp_loss":0.0,"gold_gain":0.0,"event_name":"Living Wall","player_choice":"Grow","floor":5.0,"gold_loss":0.0,"damage_taken":0.0,"cards_upgraded":["Go for the Eyes"]},{"damage_healed":0.0,"max_hp_gain":0.0,"max_hp_loss":0.0,"gold_gain":0.0,"event_name":"Liars Game","player_choice":"Ignored","floor":7.0,"gold_loss":0.0,"damage_taken":0.0},{"damage_healed":0.0,"max_hp_gain":0.0,"max_hp_loss":0.0,"gold_gain":0.0,"event_name":"Back to Basics","player_choice":"Simplicity","floor":21.0,"gold_loss":0.0,"damage_taken":0.0,"cards_upgraded":["Strike_B","Strike_B","Strike_B","Defend_B","Defend_B","Defend_B","Defend_B"]},{"damage_healed":0.0,"max_hp_gain":0.0,"max_hp_loss":0.0,"gold_gain":0.0,"event_name":"Knowing Skull","player_choice":"CARD ","floor":28.0,"potions_obtained":[],"gold_loss":0.0,"damage_taken":12.0,"cards_obtained":["Trip"]},{"damage_healed":14.0,"max_hp_gain":0.0,"max_hp_loss":0.0,"gold_gain":0.0,"event_name":"The Library","player_choice":"Heal","floor":29.0,"gold_loss":0.0,"damage_taken":0.0},{"damage_healed":0.0,"max_hp_gain":0.0,"max_hp_loss":0.0,"gold_gain":0.0,"event_name":"Addict","player_choice":"Obtained Relic","floor":30.0,"gold_loss":85.0,"damage_taken":0.0,"relics_obtained":["Blood Vial"]},{"damage_healed":0.0,"max_hp_gain":0.0,"max_hp_loss":0.0,"gold_gain":300.0,"event_name":"Wheel of Change","player_choice":"Gold","floor":38.0,"gold_loss":0.0,"damage_taken":0.0},{"damage_healed":0.0,"max_hp_gain":0.0,"max_hp_loss":0.0,"gold_gain":0.0,"event_name":"MindBloom","player_choice":"Fight","floor":46.0,"gold_loss":0.0,"damage_taken":0.0},{"damage_healed":58.0,"max_hp_gain":0.0,"max_hp_loss":13.0,"gold_gain":0.0,"event_name":"The Moai Head","player_choice":"Heal","floor":48.0,"gold_loss":0.0,"damage_taken":0.0}],"is_beta":false,"boss_relics":[{"not_picked":["Busted Crown","Black Star"],"picked":"Ectoplasm"},{"not_picked":["FrozenCore","Pandora\u0027s Box"],"picked":"Empty Cage"}],"items_purged_floors":[20],"is_endless":false,"potions_floor_spawned":[3,8,10,11,12,14,16,18,19,24,33,35,37,39,41,42,46,47],"killed_by":"Donu and Deca","ascension_level":20}}