{"host":"rolltorest","time":1612331623,"event":{"mods":["BaseMod","Minty Spire (QoL Compilation)","Relic Stats","Slay the Relics Exporter","StSLib"],"gold_per_floor":[110,110,122,22,22,48,48,59,130,164,129,279,95,114,114,192,192,208,208,29,48,48,48,76,76,99,99,118,118,146,146,146],"floor_reached":31,"language":"ENG","playtime":750,"items_purged":["Doubt"],"score":558,"play_id":"d061eb40-9958-48aa-b23d-c0e609747cd3","local_time":"20210202215343","is_ascension_mode":true,"campfire_choices":[{"data":"Disarm","floor":7,"key":"SMITH"},{"data":"Barricade","floor":15,"key":"SMITH"},{"floor":23,"key":"REST"},{"floor":29,"key":"REST"}],"circlet_count":0,"master_deck":["AscendersBane","Strike_R","Strike_R","Strike_R","Strike_R","Strike_R","Defend_R","Defend_R","Defend_R","Defend_R","Bash","Disarm+1","Anger","Hemokinesis","Shrug It Off","Battle Trance","Shockwave","Barricade+1","Clothesline","Headbutt","Iron Wave","Immolate","Uppercut","Power Through","Demon Form","Armaments+1","Dark Embrace","Dropkick+1","Rage"],"relics":["SlaversCollar","NlothsMask","Strawberry","Gremlin Horn","Letter Opener","Mark of Pain","Enchiridion","Potion Belt","Tiny Chest","Blue Candle"],"acts_visited":["Exordium","TheCity"],"potions_floor_usage":[6,21,28],"damage_taken":[{"damage":4,"enemies":"2 Louse","floor":1,"turns":4},{"damage":4,"enemies":"Cultist","floor":3,"turns":4},{"damage":10,"enemies":"Gremlin Nob","floor":6,"turns":3},{"damage":4,"enemies":"Jaw Worm","floor":8,"turns":5},{"damage":23,"enemies":"3 Sentries","floor":10,"turns":6},{"damage":0,"enemies":"2 Fungi Beasts","floor":14,"turns":4},{"damage":9,"enemies":"The Guardian","floor":16,"turns":12},{"damage":23,"enemies":"Chosen","floor":18,"turns":6},{"damage":14,"enemies":"3 Byrds","floor":21,"turns":5},{"damage":18,"enemies":"Gremlin Leader","floor":24,"turns":3},{"damage":15,"enemies":"Snake Plant","floor":28,"turns":5},{"damage":21,"enemies":"Book of Stabbing","floor":30,"turns":5},{"damage":13,"enemies":"Snecko","floor":31,"turns":3}],"seed_played":"-6859316398907848497","potions_obtained":[{"floor":1,"key":"Fire Potion"},{"floor":10,"key":"Swift Potion"},{"floor":18,"key":"ElixirPotion"},{"floor":21,"key":"PowerPotion"},{"floor":25,"key":"FearPotion"},{"floor":25,"key":"BloodPotion"},{"floor":28,"key":"Explosive Potion"}],"is_trial":false,"path_per_floor":["M","?","M","$","?","E","R","M","T","E","?","?","$","M","R","B",null,"M","?","$","M","?","R","E","?","T","$","M","R","E","M"],"character_chosen":"IRONCLAD","items_purchased":["Hemokinesis","Shrug It Off","Clothesline","Headbutt","Demon Form"],"campfire_rested":2,"item_purchase_floors":[4,4,13,13,20],"current_hp_per_floor":[64,64,60,60,41,31,31,27,27,4,24,24,24,24,24,15,65,42,42,42,28,7,31,13,13,13,13,14,38,17,4,4],"gold":146,"neow_bonus":"BOSS_RELIC","is_daily":false,"chose_seed":false,"campfire_upgraded":2,"win_rate":0.0,"timestamp":1612331623,"path_taken":["M","?","?","$","?","E","R","M","T","E","?","?","?","?","R","BOSS","M","?","$","M","?","R","E","?","T","$","?","R","E","M"],"items_purchased_type":["Card","Card","Card","Card","Card"],"build_version":"2020-12-18","purchased_purges":1,"victory":false,"max_hp_per_floor":[75,75,75,75,82,82,82,82,82,82,82,82,82,82,82,82,82,82,82,82,82,82,82,82,82,82,82,82,82,82,82,82],"relic_stats":{"Gremlin Horn":[9,9],"counters":[13,65],"Blue Candle":[0],"Tiny Chest":0,"Letter Opener":[35],"obtain_stats":[{"Potion Belt":24,"SlaversCollar":0,"Gremlin Horn":6,"Strawberry":5,"Blue Candle":30,"Enchiridion":22,"Tiny Chest":26,"Mark of Pain":17,"Letter Opener":10,"Burning Blood":0,"NlothsMask":2},{"Potion Belt":10,"SlaversCollar":0,"Gremlin Horn":3,"Strawberry":2,"Blue Candle":12,"Enchiridion":9,"Tiny Chest":10,"Mark of Pain":7,"Letter Opener":5,"Burning Blood":0,"NlothsMask":1},{"Potion Belt":52,"SlaversCollar":0,"Gremlin Horn":11,"Strawberry":8,"Blue Candle":62,"Enchiridion":49,"Tiny Chest":52,"Mark of Pain":38,"Letter Opener":22,"Burning Blood":0,"NlothsMask":4}]},"card_choices":[{"not_picked":["Fire Breathing","Twin Strike"],"picked":"Disarm","floor":1},{"not_picked":["Warcry","Rupture"],"picked":"Anger","floor":3},{"not_picked":["Flex","Evolve"],"picked":"Battle Trance","floor":6},{"not_picked":["Rage","True Grit"],"picked":"Shockwave","floor":8},{"not_picked":["Feel No Pain","Anger"],"picked":"Barricade","floor":10},{"not_picked":["Clash","Bloodletting"],"picked":"Iron Wave","floor":14},{"not_picked":["Limit Break","Bludgeon"],"picked":"Immolate","floor":16},{"not_picked":["Wild Strike","Cleave"],"picked":"Uppercut","floor":18},{"not_picked":["Infernal Blade","Barricade"],"picked":"Armaments+1","floor":21},{"not_picked":["Pommel Strike","Burning Pact"],"picked":"Dark Embrace","floor":24},{"not_picked":["Clash","Cleave"],"picked":"Dropkick+1","floor":28},{"not_picked":["Whirlwind","Sword Boomerang"],"picked":"Rage","floor":30}],"player_experience":1815807,"relics_obtained":[{"floor":6,"key":"Gremlin Horn"},{"floor":10,"key":"Letter Opener"},{"floor":22,"key":"Enchiridion"},{"floor":24,"key":"Potion Belt"},{"floor":26,"key":"Tiny Chest"},{"floor":30,"key":"Blue Candle"}],"event_choices":[{"damage_healed":0,"gold_gain":0,"player_choice":"Trade","damage_taken":0,"relics_obtained":["NlothsMask"],"max_hp_gain":0,"max_hp_loss":0,"event_name":"FaceTrader","floor":2,"gold_loss":0},{"damage_healed":0,"gold_gain":0,"player_choice":"Success","damage_taken":26,"relics_obtained":["Strawberry"],"max_hp_gain":0,"max_hp_loss":0,"event_name":"Scrap Ooze","floor":5,"gold_loss":0},{"damage_healed":20,"gold_gain":0,"player_choice":"Healed","damage_taken":0,"max_hp_gain":0,"max_hp_loss":0,"event_name":"The Cleric","floor":11,"gold_loss":35},{"damage_healed":0,"gold_gain":150,"player_choice":"AGREE","damage_taken":0,"max_hp_gain":0,"max_hp_loss":0,"event_name":"Liars Game","floor":12,"gold_loss":0,"cards_obtained":["Doubt"]},{"damage_healed":0,"gold_gain":0,"player_choice":"Read","damage_taken":0,"max_hp_gain":0,"max_hp_loss":0,"event_name":"The Library","floor":19,"gold_loss":0,"cards_obtained":["Power Through"]},{"damage_healed":0,"gold_gain":0,"player_choice":"Obtained Book","damage_taken":21,"max_hp_gain":0,"max_hp_loss":0,"event_name":"Cursed Tome","floor":22,"gold_loss":0},{"damage_healed":0,"gold_gain":0,"player_choice":"Got Potions","damage_taken":0,"max_hp_gain":0,"max_hp_loss":0,"event_name":"Lab","floor":25,"gold_loss":0}],"is_beta":true,"boss_relics":[{"not_picked":["Pandora\u0027s Box","Black Star"],"picked":"Mark of Pain"}],"items_purged_floors":[13],"is_endless":false,"potions_floor_spawned":[1,10,18,21,28,30],"killed_by":"Snecko","ascension_level":20}}