{"host":"DrTrollPool","time":1612364970,"event":{"mods":["2.2 Compatiblity","BaseMod","BetterRewards","Colored Map","DeckTracker","Downfall","Googly Eyes","Hermit","HexUI Lib","Highlight Path","Hubris","Infinite Spire","Minty Spire (QoL Compilation)","Potionbrewer","Replay The Spire","StSLib","SuperFastMode","The Construct","The Cursed","The Disciple","The Hierophant","The Jungle","The Necromancer","The Runesmith","The Servant 0.9.4"],"gold_per_floor":[118,118,118,118,118,118,118,151,197,214,68,87,87,102,102,102,102],"floor_reached":16,"language":"ENG","playtime":433,"items_purged":["hermit:Strike_Hermit"],"score":98,"play_id":"6cdbafc8-ab54-4468-b8f9-09167c51baa0","local_time":"20210203160930","is_ascension_mode":false,"campfire_choices":[{"data":"hermit:Covet","floor":6,"key":"SMITH"},{"data":"hermit:Brawl","floor":13,"key":"SMITH"},{"data":"hermit:Scavenge","floor":15,"key":"SMITH"}],"circlet_count":0,"master_deck":["hermit:CursedWeapon+1","hermit:Strike_Hermit","hermit:Strike_Hermit","hermit:Strike_Hermit","hermit:Defend_Hermit","hermit:Defend_Hermit","hermit:Defend_Hermit","hermit:Defend_Hermit","hermit:Snapshot+1","hermit:Covet+1","Regret","hermit:Desperado","hermit:Snipe","hermit:PistolWhip","hermit:Brawl+1","hermit:Scavenge+1"],"relics":["hermit:Momento","WingedGreaves","Akabeko","Iron Hammer","Gremlin Food"],"acts_visited":["Exordium"],"potions_floor_usage":[16,16],"damage_taken":[{"damage":4,"enemies":"Small Slimes","floor":1,"turns":3},{"damage":14,"enemies":"3 Sentries","floor":8,"turns":9},{"damage":2,"enemies":"Jaw Worm","floor":10,"turns":2},{"damage":2,"enemies":"2 Louse","floor":12,"turns":1},{"damage":17,"enemies":"Exordium Thugs","floor":14,"turns":4},{"damage":37,"enemies":"Hexaghost","floor":16,"turns":7}],"seed_played":"4044782818716454911","potions_obtained":[{"floor":10,"key":"Cursed Concoction"},{"floor":14,"key":"potionbrewer:QuicksilverPotion"}],"is_trial":false,"path_per_floor":["M","?","?","$","?","R","$","E","T","M","$","M","R","M","R_BF","B"],"character_chosen":"HERMIT","items_purchased":["hermit:PistolWhip"],"campfire_rested":0,"item_purchase_floors":[11],"current_hp_per_floor":[71,71,71,71,71,71,71,57,57,55,55,53,53,36,36,0,0],"gold":102,"neow_bonus":"RANDOM_EVENT","is_daily":false,"chose_seed":false,"campfire_upgraded":3,"win_rate":0.0,"timestamp":1612364970,"path_taken":["M","?","?","$","?","R","$","E","T","?","?","?","R","M","R_BF","BOSS"],"items_purchased_type":["Card"],"build_version":"2020-12-18","purchased_purges":1,"victory":false,"max_hp_per_floor":[75,75,75,75,75,75,75,75,75,75,75,75,75,75,75,75,75],"card_choices":[{"not_picked":["hermit:TrackingShot","hermit:Maintenance","hermit:CursedWeapon"],"picked":"SKIP","floor":1},{"not_picked":["hermit:ShadowCloak","hermit:Horror"],"picked":"hermit:Desperado","floor":8},{"not_picked":["hermit:HighCaliber","hermit:NoHoldsBarred"],"picked":"hermit:Snipe","floor":10},{"not_picked":["hermit:Vantage","hermit:Maintenance"],"picked":"hermit:Brawl","floor":12},{"not_picked":["hermit:Feint","hermit:BodyArmor"],"picked":"hermit:Scavenge","floor":14}],"player_experience":133250,"relics_obtained":[{"floor":2,"key":"Akabeko"},{"floor":8,"key":"Iron Hammer"},{"floor":9,"key":"Gremlin Food"}],"event_choices":[{"damage_healed":0,"gold_gain":0,"player_choice":"Box","damage_taken":0,"relics_obtained":["WingedGreaves"],"max_hp_gain":0,"max_hp_loss":0,"event_name":"Big Fish","floor":0,"gold_loss":0,"cards_obtained":["Regret"]},{"damage_healed":0,"gold_gain":0,"player_choice":"Grow","damage_taken":0,"max_hp_gain":0,"max_hp_loss":0,"event_name":"Living Wall","floor":3,"gold_loss":0,"cards_upgraded":["hermit:CursedWeapon"]},{"damage_healed":0,"gold_gain":0,"player_choice":"Upgraded","damage_taken":0,"max_hp_gain":0,"max_hp_loss":0,"event_name":"Upgrade Shrine","floor":5,"gold_loss":0,"cards_upgraded":["hermit:Snapshot"]}],"is_beta":true,"boss_relics":[],"items_purged_floors":[11],"is_endless":false,"potions_floor_spawned":[10,14],"killed_by":"Hexaghost","ascension_level":0}}