{"host":"mi0eibewekhugwl1","time":1612359001,"event":{"mods":["AchievementEnabler","BaseMod","Colored Map","Colored Powertips","DeckTracker","Keyboard Shortcuts","Minty Spire (QoL Compilation)","Quick Restart","Rare Cards Sparkle","Relic Stats","StSLib","SuperFastMode","everything is the same but u backflip on backflip"],"gold_per_floor":[117,117,117,127,127,127,151,151,197,197,221,118,136,152,152,242,242,266,116,116,116,137,137,175,175,224,224,224],"floor_reached":27,"language":"KOR","playtime":476,"items_purged":["Strike_G"],"score":402,"play_id":"55ad084d-0272-416c-b575-a05dfcddaa8d","local_time":"20210203223001","is_ascension_mode":true,"campfire_choices":[{"data":"Poisoned Stab","floor":6,"key":"SMITH"},{"data":"Footwork","floor":10,"key":"SMITH"},{"data":"Deadly Poison","floor":15,"key":"SMITH"},{"floor":23,"key":"REST"}],"circlet_count":0,"master_deck":["AscendersBane","Strike_G+1","Strike_G+1","Strike_G+1","Defend_G+1","Defend_G+1","Defend_G+1","Defend_G+1","Defend_G+1","Survivor","Neutralize+1","Acrobatics","Poisoned Stab+1","Footwork+1","Deadly Poison+1","Dagger Spray","Heel Hook","Wraith Form v2","Malaise","Backflip"],"relics":["Ring of the Snake","Golden Idol","Orichalcum","Philosopher\u0027s Stone","Red Mask"],"acts_visited":["Exordium","TheCity"],"potions_floor_usage":[14,24,24],"damage_taken":[{"damage":2,"enemies":"2 Louse","floor":1,"turns":4},{"damage":4,"enemies":"Jaw Worm","floor":4,"turns":8},{"damage":1,"enemies":"Small Slimes","floor":7,"turns":4},{"damage":9,"enemies":"3 Louse","floor":11,"turns":4},{"damage":5,"enemies":"Looter","floor":13,"turns":3},{"damage":0,"enemies":"Red Slaver","floor":14,"turns":4},{"damage":32,"enemies":"Hexaghost","floor":16,"turns":10},{"damage":17,"enemies":"Chosen","floor":18,"turns":6},{"damage":11,"enemies":"Spheric Guardian","floor":22,"turns":5},{"damage":31,"enemies":"Masked Bandits","floor":24,"turns":6},{"damage":25,"enemies":"Chosen and Byrds","floor":27,"turns":3}],"seed_played":"-1989747833476567234","potions_obtained":[{"floor":13,"key":"FearPotion"},{"floor":14,"key":"Strength Potion"},{"floor":16,"key":"Ancient Potion"},{"floor":24,"key":"LiquidBronze"}],"is_trial":false,"path_per_floor":["M","?","?","M","?","R","M","?","T","R","M","$","M","M","R","B",null,"M","$","?","?","M","R","?","?","T","M"],"character_chosen":"THE_SILENT","items_purchased":["Dagger Spray","Malaise"],"campfire_rested":1,"item_purchase_floors":[12,19],"current_hp_per_floor":[57,50,55,51,51,51,50,50,50,50,41,41,36,36,36,4,49,32,32,32,32,21,40,9,9,9,0,0],"gold":224,"neow_bonus":"UPGRADE_CARD","is_daily":false,"chose_seed":false,"campfire_upgraded":3,"win_rate":0.0,"timestamp":1612359001,"path_taken":["M","?","?","M","?","R","M","?","T","R","M","?","M","M","R","BOSS","M","$","?","?","M","R","?","?","T","?"],"items_purchased_type":["Card","Card"],"build_version":"2020-12-22","purchased_purges":1,"victory":false,"max_hp_per_floor":[66,66,71,71,64,64,64,64,64,64,64,64,64,64,64,64,64,64,64,64,64,64,64,64,64,64,64,64],"relic_stats":{"counters":[11,57],"Golden Idol":52,"Orichalcum":[90],"obtain_stats":[{"Golden Idol":5,"Philosopher\u0027s Stone":17,"Red Mask":24,"Orichalcum":9,"Ring of the Snake":0},{"Golden Idol":2,"Philosopher\u0027s Stone":7,"Red Mask":10,"Orichalcum":3,"Ring of the Snake":0},{"Golden Idol":12,"Philosopher\u0027s Stone":37,"Red Mask":54,"Orichalcum":16,"Ring of the Snake":0}],"Ring of the Snake":[22]},"card_choices":[{"not_picked":["Slice","Terror"],"picked":"Acrobatics","floor":1},{"not_picked":["Quick Slash","Reflex"],"picked":"Poisoned Stab","floor":4},{"not_picked":["Backflip","Sucker Punch"],"picked":"Footwork","floor":7},{"not_picked":["Quick Slash","Sucker Punch"],"picked":"Deadly Poison","floor":11},{"not_picked":["Underhanded Strike","Tools of the Trade"],"picked":"Heel Hook","floor":13},{"not_picked":["Acrobatics","Underhanded Strike","PiercingWail"],"picked":"SKIP","floor":14},{"not_picked":["A Thousand Cuts","Night Terror"],"picked":"Wraith Form v2","floor":16},{"not_picked":["Bane","Cloak And Dagger","Flying Knee"],"picked":"SKIP","floor":18},{"not_picked":["Prepared","Outmaneuver"],"picked":"Backflip","floor":22}],"player_experience":1774204,"relics_obtained":[{"floor":9,"key":"Orichalcum"},{"floor":24,"key":"Red Mask"}],"event_choices":[{"cards_removed":["Strike_G"],"damage_healed":0,"gold_gain":0,"player_choice":"Card Removal","damage_taken":7,"max_hp_gain":0,"max_hp_loss":0,"event_name":"Golden Wing","floor":2,"gold_loss":0},{"damage_healed":0,"gold_gain":0,"player_choice":"Donut","damage_taken":0,"max_hp_gain":5,"max_hp_loss":0,"event_name":"Big Fish","floor":3,"gold_loss":0},{"damage_healed":0,"gold_gain":0,"player_choice":"Lose Max HP","damage_taken":0,"relics_obtained":["Golden Idol"],"max_hp_gain":0,"max_hp_loss":7,"event_name":"Golden Idol","floor":5,"gold_loss":0},{"damage_healed":0,"gold_gain":0,"player_choice":"Ignored","damage_taken":0,"max_hp_gain":0,"max_hp_loss":0,"event_name":"Liars Game","floor":8,"gold_loss":0},{"damage_healed":0,"gold_gain":0,"player_choice":"Ignored","damage_taken":0,"max_hp_gain":0,"max_hp_loss":0,"event_name":"Ghosts","floor":20,"gold_loss":0},{"damage_healed":0,"gold_gain":0,"player_choice":"Ignored","damage_taken":0,"max_hp_gain":0,"max_hp_loss":0,"event_name":"Cursed Tome","floor":21,"gold_loss":0},{"damage_healed":0,"gold_gain":0,"player_choice":"Fought Bandits","damage_taken":0,"max_hp_gain":0,"max_hp_loss":0,"event_name":"Masked Bandits","floor":24,"gold_loss":0},{"damage_healed":0,"gold_gain":0,"player_choice":"Simplicity","damage_taken":0,"max_hp_gain":0,"max_hp_loss":0,"event_name":"Back to Basics","floor":25,"gold_loss":0,"cards_upgraded":["Strike_G","Strike_G","Strike_G","Defend_G","Defend_G","Defend_G","Defend_G","Defend_G"]}],"is_beta":false,"boss_relics":[{"not_picked":["WristBlade","Coffee Dripper"],"picked":"Philosopher\u0027s Stone"}],"items_purged_floors":[12],"is_endless":false,"potions_floor_spawned":[13,14,16,24],"killed_by":"Chosen and Byrds","ascension_level":20}}