{"host":"lq2h7q9ca6uwu60x","time":1612354876,"event":{"mods":["Act Like it!","BaseMod","Gensokyo","Marisa£®ÏF”Í°°ƒß¿Ì…≥£©","Minty Spire (QoL Compilation)","Reimu£®≤©¿ˆ¡È√Œ£©","StSLib"],"gold_per_floor":[116,116,41,41,52,77,97,97,97,97,97,97,97,115,115,115,115],"floor_reached":16,"language":"ZHS","playtime":460,"items_purged":["Strike_MRS"],"score":186,"play_id":"b6413471-a789-4856-85b3-4eba58681d9e","local_time":"20210203202116","is_ascension_mode":true,"campfire_choices":[{"floor":12.0,"key":"REST"},{"floor":15.0,"key":"RECALL"}],"circlet_count":0,"master_deck":["AscendersBane","Defend_MRS","Defend_MRS","MasterSpark+1","AlicesGift","MillisecondPulsars"],"relics":["MiniHakkero","HornCleat","Gensokyo:MarisaIngredientList"],"acts_visited":["Exordium"],"potions_floor_usage":[16,16],"damage_taken":[{"damage":6.0,"enemies":"Gensokyo:Gryphon","floor":1.0,"turns":3.0},{"damage":0.0,"enemies":"Gensokyo:Python","floor":5.0,"turns":2.0},{"damage":4.0,"enemies":"Gensokyo:Mamizou","floor":6.0,"turns":7.0},{"damage":0.0,"enemies":"Gensokyo:2_Kodama","floor":7.0,"turns":2.0},{"damage":2.0,"enemies":"Gensokyo:CorruptedTreant","floor":14.0,"turns":4.0},{"damage":26,"enemies":"Gensokyo:Yukari","floor":16,"turns":8}],"seed_played":"8191434314128845328","potions_obtained":[{"floor":1.0,"key":"Strength Potion"},{"floor":14.0,"key":"Fire Potion"}],"is_trial":false,"path_per_floor":["M","?","$","?","M","E","M","?","T","?","?","R","$","M","R","B"],"character_chosen":"MARISA","items_purchased":[],"campfire_rested":1,"item_purchase_floors":[],"current_hp_per_floor":[39,5,5,5,5,1,1,1,1,1,1,22,22,20,20,0,0],"gold":115,"neow_bonus":"REMOVE_TWO","is_daily":false,"chose_seed":false,"campfire_upgraded":0,"win_rate":0.0,"timestamp":1612354876,"path_taken":["M","?","$","?","?","E","M","?","T","?","?","R","$","M","R","BOSS"],"items_purchased_type":[],"build_version":"2020-12-22","purchased_purges":1,"victory":false,"max_hp_per_floor":[70,70,70,70,70,70,70,70,70,70,70,70,70,70,70,70,70],"card_choices":[{"not_picked":["OortCloud","BlazeAway","PropBag"],"picked":"SKIP","floor":1.0},{"not_picked":["ShootingEcho","MysteriousBeam"],"picked":"OrrerysSun","floor":5.0},{"not_picked":["DoubleSpark","LuminesStrike"],"picked":"AlicesGift","floor":6.0},{"not_picked":["WitchOfGreed","MagicChant","ShootingEcho"],"picked":"SKIP","floor":7.0},{"not_picked":["MilkyWay","MagicChant","PulseMagic"],"picked":"SKIP","floor":14.0}],"player_experience":928630,"relics_obtained":[{"floor":6.0,"key":"HornCleat"}],"event_choices":[],"is_beta":false,"boss_relics":[],"items_purged_floors":[3],"is_endless":false,"potions_floor_spawned":[1,14],"killed_by":"Gensokyo:Yukari","ascension_level":20}}