{"host":"1qhzi8r9ejho5yph","time":1612360819,"event":{"mods":["AchievementEnabler","BaseMod","Colored Map","Colored Powertips","Highlight Path","Minty Spire (QoL Compilation)","Permanent Neow","Quick Restart","Random Character Button","StSLib","SuperFastMode"],"gold_per_floor":[109,123,123,134,134,134,148,161,161,177,177,196,207,217,217,292,292,310,310,39,52,70,90,90,90],"floor_reached":24,"language":"ENG","playtime":931,"items_purged":[],"score":343,"play_id":"e24ef307-5510-411d-9d0b-5157d791ef91","local_time":"20210203220019","is_ascension_mode":true,"campfire_choices":[{"data":"Coolheaded","floor":6,"key":"SMITH"},{"data":"Beam Cell","floor":11,"key":"SMITH"},{"floor":15,"key":"REST"}],"circlet_count":0,"master_deck":["AscendersBane","Strike_B","Strike_B","Defend_B","Defend_B","Defend_B","Defend_B","Zap","Dualcast","Melter","Cold Snap","Coolheaded+1","Rebound","Beam Cell+1","Cold Snap","Capacitor","Sweeping Beam","Hello World","Conserve Battery","Conserve Battery","Echo Form","Stack+1","Hologram","Self Repair","Glacier","Recycle","Hologram+1"],"relics":["Cracked Core","Blue Candle","Eternal Feather","Nuclear Battery","Lee\u0027s Waffle"],"acts_visited":["Exordium","TheCity"],"potions_floor_usage":[13,14,22,23,24],"damage_taken":[{"damage":4,"enemies":"Jaw Worm","floor":1,"turns":3},{"damage":0,"enemies":"Cultist","floor":2,"turns":3},{"damage":2,"enemies":"2 Louse","floor":4,"turns":2},{"damage":10,"enemies":"Lots of Slimes","floor":7,"turns":4},{"damage":10,"enemies":"Large Slime","floor":8,"turns":7},{"damage":2,"enemies":"2 Fungi Beasts","floor":10,"turns":4},{"damage":0,"enemies":"3 Louse","floor":12,"turns":2},{"damage":0,"enemies":"Red Slaver","floor":13,"turns":3},{"damage":14,"enemies":"Lots of Slimes","floor":14,"turns":4},{"damage":14,"enemies":"The Guardian","floor":16,"turns":10},{"damage":11,"enemies":"Spheric Guardian","floor":18,"turns":6},{"damage":12,"enemies":"3 Byrds","floor":21,"turns":5},{"damage":36,"enemies":"Shelled Parasite and Fungi","floor":22,"turns":6},{"damage":46,"enemies":"Cultist and Chosen","floor":23,"turns":10},{"damage":24,"enemies":"Book of Stabbing","floor":24,"turns":5}],"seed_played":"7946493907498695514","potions_obtained":[{"floor":2,"key":"Block Potion"},{"floor":10,"key":"FearPotion"},{"floor":13,"key":"LiquidBronze"},{"floor":14,"key":"Explosive Potion"},{"floor":22,"key":"Fruit Juice"},{"floor":23,"key":"BlessingOfTheForge"}],"is_trial":false,"path_per_floor":["M","M","?","M","?","R","M","M","T","M","R","M","M","M","R","B",null,"M","?","$","M","M","M","E"],"character_chosen":"DEFECT","items_purchased":["Hologram","Lee\u0027s Waffle","Self Repair"],"campfire_rested":1,"item_purchase_floors":[20,20,20],"current_hp_per_floor":[60,60,49,47,47,47,37,27,27,25,34,34,34,20,53,39,63,52,52,78,73,56,24,0,0],"gold":90,"neow_bonus":"THREE_CARDS","is_daily":false,"chose_seed":false,"campfire_upgraded":2,"win_rate":0.0,"timestamp":1612360819,"path_taken":["M","M","?","M","?","R","M","M","T","M","R","?","M","M","R","BOSS","M","?","$","M","?","M","E"],"items_purchased_type":["Card","Relic","Card"],"build_version":"2020-12-22","purchased_purges":0,"victory":false,"max_hp_per_floor":[71,71,71,71,71,71,71,71,71,71,71,71,71,71,71,71,71,71,71,78,78,83,83,83,83],"card_choices":[{"not_picked":["Heatsinks","Rebound"],"picked":"Melter","floor":0},{"not_picked":["Beam Cell","Ball Lightning"],"picked":"Cold Snap","floor":1},{"not_picked":["Sweeping Beam","Redo"],"picked":"Coolheaded","floor":2},{"not_picked":["Barrage","Double Energy"],"picked":"Rebound","floor":4},{"not_picked":["Streamline","Fusion"],"picked":"Cold Snap","floor":7},{"not_picked":["Beam Cell","Turbo"],"picked":"Capacitor","floor":8},{"not_picked":["Steam","Redo"],"picked":"Sweeping Beam","floor":10},{"not_picked":["Heatsinks","FTL"],"picked":"Hello World","floor":12},{"not_picked":["Cold Snap","Turbo"],"picked":"Conserve Battery","floor":13},{"not_picked":["Aggregate","Stack"],"picked":"Conserve Battery","floor":14},{"not_picked":["Machine Learning","All For One"],"picked":"Echo Form","floor":16},{"not_picked":["Rebound","Steam"],"picked":"Stack+1","floor":18},{"not_picked":["Hologram","Beam Cell"],"picked":"Glacier","floor":21},{"not_picked":["Beam Cell+1","Coolheaded"],"picked":"Recycle","floor":22},{"not_picked":["Loop","Beam Cell"],"picked":"Hologram+1","floor":23}],"player_experience":360191,"relics_obtained":[{"floor":9,"key":"Eternal Feather"}],"event_choices":[{"damage_healed":0,"gold_gain":0,"player_choice":"Success","damage_taken":11,"relics_obtained":["Blue Candle"],"max_hp_gain":0,"max_hp_loss":0,"event_name":"Scrap Ooze","floor":3,"gold_loss":0},{"damage_healed":0,"gold_gain":0,"cards_transformed":["Strike_B"],"player_choice":"Transformed","damage_taken":0,"max_hp_gain":0,"max_hp_loss":0,"event_name":"Transmorgrifier","floor":5,"gold_loss":0,"cards_obtained":["Beam Cell"]},{"cards_removed":["Strike_B"],"damage_healed":0,"gold_gain":0,"player_choice":"Purged","damage_taken":0,"max_hp_gain":0,"max_hp_loss":0,"event_name":"Purifier","floor":19,"gold_loss":0}],"is_beta":false,"boss_relics":[{"not_picked":["SacredBark","Astrolabe"],"picked":"Nuclear Battery"}],"items_purged_floors":[],"is_endless":false,"potions_floor_spawned":[2,10,13,14,22,23],"killed_by":"Book of Stabbing","ascension_level":15}}