{"host":"Jamie","time":1612382428,"event":{"mods":["AchievementEnabler","BaseMod","Beaked The Cultist","Conspire","Hubris","Marisa????????","Minty Spire (QoL Compilation)","StSLib","Td1madao Mod","The Necromancer","The Servant 0.9.4"],"gold_per_floor":[111,126,126,139,139,173,173,183,183,214,225,237,237,250,250,353,353,372,282,282],"floor_reached":19,"language":"ENG","playtime":1004,"items_purged":[],"score":181,"play_id":"f8620e54-de65-416d-8c3b-4f6f9096d888","local_time":"20210203200028","is_ascension_mode":false,"campfire_choices":[{"data":"beaked:Defend_Y","floor":7,"key":"SMITH"},{"floor":15,"key":"REST"}],"circlet_count":0,"master_deck":["beaked:Strike_Y","beaked:Strike_Y","beaked:Strike_Y","beaked:Strike_Y","beaked:Strike_Y","beaked:Strike_Y","beaked:Defend_Y+1","beaked:Defend_Y","beaked:Defend_Y","beaked:Defend_Y","beaked:Ceremony","beaked:Ceremony","beaked:Ceremony","beaked:SacrificialAttack","beaked:MachineSpirit","beaked:Evade","beaked:MachineEssence","beaked:AwakenedForm","beaked:MimicHuntress"],"relics":["beaked:MendingPlumage","hubris:Towel","PreservedInsect","TungstenRod","Blood Vial","hubris:Icosahedron","beaked:SacredDeck"],"acts_visited":["Exordium","TheCity"],"potions_floor_usage":[10,12,16,16],"damage_taken":[{"damage":10,"enemies":"Jaw Worm","floor":1,"turns":4},{"damage":10,"enemies":"conspire:RoseBush","floor":2,"turns":5},{"damage":8,"enemies":"Small Slimes","floor":4,"turns":4},{"damage":26,"enemies":"Lagavulin","floor":6,"turns":6},{"damage":14,"enemies":"conspire:2 RoseBushes","floor":8,"turns":5},{"damage":25,"enemies":"Gremlin Nob","floor":10,"turns":4},{"damage":11,"enemies":"Looter","floor":11,"turns":4},{"damage":14,"enemies":"Lots of Slimes","floor":12,"turns":3},{"damage":20,"enemies":"2 Fungi Beasts","floor":14,"turns":5},{"damage":68,"enemies":"The Guardian","floor":16,"turns":10},{"damage":37,"enemies":"Chosen","floor":18,"turns":9},{"damage":53,"enemies":"2 Thieves","floor":19,"turns":3}],"seed_played":"-6830480789759664749","potions_obtained":[{"floor":1,"key":"Fire Potion"},{"floor":4,"key":"Explosive Potion"},{"floor":10,"key":"LiquidBronze"},{"floor":14,"key":"SpeedPotion"},{"floor":16,"key":"GamblersBrew"}],"is_trial":false,"path_per_floor":["M","M","?","M","$","E","R","M","T","E","M","M","?","M","R","B",null,"M","M"],"character_chosen":"BEAKED_THE_CULTIST","items_purchased":[],"campfire_rested":1,"item_purchase_floors":[],"current_hp_per_floor":[53,49,49,51,51,34,34,38,38,23,24,26,26,24,40,7,55,31,0,0],"gold":282,"neow_bonus":"TEN_PERCENT_HP_BONUS","is_daily":false,"chose_seed":false,"campfire_upgraded":1,"win_rate":0.0,"timestamp":1612382428,"path_taken":["M","M","?","M","$","E","R","M","T","E","M","M","?","M","R","BOSS","M","M"],"items_purchased_type":[],"build_version":"2020-12-18","purchased_purges":0,"victory":false,"max_hp_per_floor":[55,55,55,55,55,55,55,55,55,55,55,55,55,55,55,55,55,55,55,55],"card_choices":[{"not_picked":["beaked:FeelMyPain","beaked:BloodForTheGods","beaked:Hexing"],"picked":"SKIP","floor":1},{"not_picked":["beaked:Tradeoff","beaked:WindBringer"],"picked":"beaked:SacrificialAttack","floor":2},{"not_picked":["beaked:Windmill","beaked:MimicMachine"],"picked":"beaked:MachineSpirit","floor":4},{"not_picked":["beaked:Redirect","beaked:Molting","beaked:Tradeoff"],"picked":"SKIP","floor":6},{"not_picked":["beaked:FeelMyPain","beaked:WindBringer","beaked:Devastation"],"picked":"SKIP","floor":8},{"not_picked":["beaked:Resilience","beaked:Tradeoff","beaked:BounceBack"],"picked":"SKIP","floor":10},{"not_picked":["beaked:SacrificialAttack","beaked:Cower","beaked:Resilience"],"picked":"SKIP","floor":11},{"not_picked":["beaked:Brace","beaked:BraceForImpact"],"picked":"beaked:Evade","floor":12},{"not_picked":["beaked:Insight","beaked:MaddeningMurmurs","beaked:Resilience"],"picked":"SKIP","floor":14},{"not_picked":["beaked:Caw","beaked:WildInstinct"],"picked":"beaked:MachineEssence","floor":16},{"not_picked":["beaked:WarriorEssence","beaked:MimicMachine"],"picked":"beaked:MimicHuntress","floor":18}],"player_experience":65858,"relics_obtained":[{"floor":6,"key":"PreservedInsect"},{"floor":9,"key":"TungstenRod"},{"floor":10,"key":"Blood Vial"}],"event_choices":[],"is_beta":true,"boss_relics":[{"not_picked":["hubris:HollowSoul","Tiny House"],"picked":"beaked:SacredDeck"}],"items_purged_floors":[],"is_endless":false,"potions_floor_spawned":[1,4,10,14,16],"killed_by":"2 Thieves","ascension_level":0}}