{"host":"9slw7l0ws16384qq","time":1612356497,"event":{"mods":["A Penny For Your Troubles","BaseMod","Colored Map","Downfall","Evolution","Hubris","Minty Spire (QoL Compilation)","Replay The Spire","StS++","StSLib"],"gold_per_floor":[99,109,19,35,46,76,76,61,61,61,61,74,74,108,125,125,125,125],"floor_reached":16,"language":"FRA","playtime":1025,"items_purged":["Guardian:Defend_Guardian"],"score":176,"play_id":"a49bab31-6d4b-483e-b3af-5fdb41df9ded","local_time":"20210203134817","is_ascension_mode":true,"campfire_choices":[{"data":"Guardian:Defend_Guardian","floor":1.0,"key":"SMITH"},{"floor":9.0,"key":"REST"},{"data":"Guardian:TwinSlam","floor":11.0,"key":"SMITH"},{"data":"Guardian:Harden","floor":13.0,"key":"SMITH"}],"circlet_count":0,"master_deck":["AscendersBane","Guardian:TemporalStrike","Guardian:Strike_Guardian","Guardian:Strike_Guardian","Guardian:Strike_Guardian","Guardian:Defend_Guardian+1","Guardian:Defend_Guardian","Guardian:Defend_Guardian","Guardian:CurlUp","Guardian:TwinSlam+1","Guardian:Gem_Synthetic","Guardian:Harden+1","Guardian:ChargeUp"],"relics":["Guardian:ModeShifter","EVO:Axolotl","Anchor","StSpp:XCola","Strawberry"],"acts_visited":["Exordium"],"potions_floor_usage":[16],"damage_taken":[{"damage":0.0,"enemies":"Cultist","floor":2.0,"turns":5.0},{"damage":0.0,"enemies":"downfall:FleeingMerchant","floor":3.0,"turns":4.0},{"damage":4.0,"enemies":"Jaw Worm","floor":4.0,"turns":4.0},{"damage":2.0,"enemies":"Small Slimes","floor":5.0,"turns":5.0},{"damage":46.0,"enemies":"3 Sentries","floor":6.0,"turns":17.0},{"damage":2.0,"enemies":"downfall:FleeingMerchant","floor":8.0,"turns":4.0},{"damage":1.0,"enemies":"3 Louse","floor":12.0,"turns":4.0},{"damage":20.0,"enemies":"Lagavulin","floor":14.0,"turns":10.0},{"damage":7,"enemies":"Exordium Wildlife","floor":15,"turns":4},{"damage":35,"enemies":"WA_ARCHETYPE_RETAIN","floor":16,"turns":9}],"seed_played":"-6503502633029150941","potions_obtained":[{"floor":5.0,"key":"Explosive Potion"},{"floor":6.0,"key":"SteroidPotion"},{"floor":12.0,"key":"Regen Potion"},{"floor":14.0,"key":"Strength Potion"}],"is_trial":false,"path_per_floor":["R","M","$","M","M","E","T","$","R","?","R","M","R","E","M","B"],"character_chosen":"GUARDIAN","items_purchased":[],"campfire_rested":1,"item_purchase_floors":[],"current_hp_per_floor":[72,72,72,68,66,20,20,18,39,39,39,38,38,40,33,0,0,0],"gold":125,"neow_bonus":"THREE_RARE_CARDS","is_daily":false,"chose_seed":false,"campfire_upgraded":3,"win_rate":0.0,"timestamp":1612356497,"path_taken":["R","M","$","?","?","E","T","$","R","?","R","M","R","E","M","BOSS"],"items_purchased_type":[],"build_version":"2020-12-22","purchased_purges":1,"victory":false,"max_hp_per_floor":[72,72,72,72,72,72,72,72,72,72,72,72,72,79,79,79,79,79],"card_choices":[{"not_picked":["Guardian:GemFinder","Guardian:StasisField"],"picked":"Guardian:Gem_Synthetic","floor":0.0},{"not_picked":["Guardian:Gem_Lightblue","Guardian:Preprogram","Guardian:Gem_Purple"],"picked":"SKIP","floor":2.0},{"not_picked":["Guardian:Gem_Crimson","Guardian:Orbwalk"],"picked":"Guardian:Gem_Cyan","floor":3.0},{"not_picked":["Guardian:VentSteam","Guardian:Repulse","Guardian:TemporalShield"],"picked":"SKIP","floor":4.0},{"not_picked":["Guardian:TemporalShield","Guardian:AncientConstruct","Guardian:ChargeCore"],"picked":"SKIP","floor":5.0},{"not_picked":["Guardian:Gem_Yellow","Guardian:ShieldCharger","Guardian:FierceBash"],"picked":"SKIP","floor":6.0},{"not_picked":["Guardian:ChargeCore","Guardian:RollAttack","Guardian:PiercingHide"],"picked":"SKIP","floor":8.0},{"not_picked":["Guardian:Orbwalk","Guardian:Gem_Lightblue"],"picked":"Guardian:Harden","floor":12.0},{"not_picked":["Guardian:AncientConstruct","Guardian:Gem_Yellow","Guardian:VentSteam"],"picked":"SKIP","floor":14.0},{"not_picked":["Guardian:Gem_Purple","Guardian:BronzeOrb"],"picked":"Guardian:ChargeUp","floor":15}],"player_experience":1607442,"relics_obtained":[{"floor":6.0,"key":"Anchor"},{"floor":14.0,"key":"Strawberry"}],"event_choices":[],"is_beta":false,"boss_relics":[],"items_purged_floors":[3],"is_endless":false,"potions_floor_spawned":[5,6,12,14],"killed_by":"WA_ARCHETYPE_RETAIN","ascension_level":12}}