{"host":"zsnmfqgcm92hlreo","time":1612340578,"event":{"mods":["AchievementEnabler","Act Like it!","BaseMod","Bestiary","Block Reminder","Colored Map","Colored Powertips","Hermit","Jorbs\u0027s Wanderer Trilogy","Minty Spire (QoL Compilation)","Permanent Neow","Quick Restart","Relic Stats","StSLib","Weighted Paths"],"gold_per_floor":[118,130,144,219,144,144,158,158,158,158,190,205,235,296,296,296,296],"floor_reached":16,"language":"ENG","playtime":447,"items_purged":["Strike_R"],"score":270,"play_id":"40074f88-dbe3-428d-8c26-7bae3a6a5edc","local_time":"20210203022258","is_ascension_mode":true,"campfire_choices":[{"data":"Bludgeon","floor":6.0,"key":"SMITH"},{"floor":8.0,"key":"REST"},{"floor":15,"key":"REST"}],"circlet_count":0,"master_deck":["AscendersBane","Strike_R","Strike_R","Defend_R","Defend_R","Defend_R","Defend_R","Bash","Bludgeon+1","Double Tap","Headbutt","Disarm+1","Clothesline+1","Flame Barrier"],"relics":["Burning Blood","Shuriken","Blue Candle","Akabeko"],"acts_visited":["Exordium"],"potions_floor_usage":[16],"damage_taken":[{"damage":7.0,"enemies":"2 Louse","floor":1.0,"turns":3.0},{"damage":0.0,"enemies":"Small Slimes","floor":2.0,"turns":2.0},{"damage":12.0,"enemies":"Jaw Worm","floor":3.0,"turns":2.0},{"damage":22.0,"enemies":"3 Louse","floor":7.0,"turns":5.0},{"damage":0.0,"enemies":"Lagavulin","floor":11.0,"turns":4.0},{"damage":12,"enemies":"Exordium Wildlife","floor":12,"turns":3},{"damage":22,"enemies":"3 Sentries","floor":13,"turns":7},{"damage":42,"enemies":"Slime Boss","floor":16,"turns":5}],"seed_played":"-754213625356057407","potions_obtained":[{"floor":1.0,"key":"LiquidMemories"},{"floor":7.0,"key":"Block Potion"},{"floor":11.0,"key":"FearPotion"}],"is_trial":false,"path_per_floor":["M","M","M","?","$","R","M","R","T","?","E","M","E","?","R","B"],"character_chosen":"IRONCLAD","items_purchased":[],"campfire_rested":2,"item_purchase_floors":[],"current_hp_per_floor":[67,68,62,51,51,51,35,55,55,35,41,35,19,19,39,0,0],"gold":296,"neow_bonus":"TRANSFORM_TWO_CARDS","is_daily":false,"chose_seed":false,"campfire_upgraded":1,"win_rate":0.0,"timestamp":1612340578,"path_taken":["M","M","M","?","$","R","M","R","T","?","E","M","E","?","R","BOSS"],"items_purchased_type":[],"build_version":"2020-12-22","purchased_purges":1,"victory":false,"max_hp_per_floor":[68,68,68,68,68,68,68,68,68,68,68,68,68,68,68,68,68],"relic_stats":{"counters":[8,31],"Shuriken":[0],"Blue Candle":[0],"obtain_stats":[{"Shuriken":9,"Blue Candle":11,"Burning Blood":0,"Akabeko":13},{"Shuriken":4,"Blue Candle":5,"Burning Blood":0,"Akabeko":7},{"Shuriken":12,"Blue Candle":16,"Burning Blood":0,"Akabeko":26}],"Burning Blood":37},"card_choices":[{"not_picked":["Searing Blow","True Grit"],"picked":"Headbutt","floor":1.0},{"not_picked":["Anger","Entrench"],"picked":"Disarm","floor":2.0},{"not_picked":["Cleave","Pommel Strike","Fire Breathing"],"picked":"SKIP","floor":3.0},{"not_picked":["True Grit","Anger"],"picked":"Clothesline","floor":7.0},{"not_picked":["Feel No Pain","Burning Pact"],"picked":"Flame Barrier","floor":11.0},{"not_picked":["Dropkick","True Grit","Armaments"],"picked":"SKIP","floor":12},{"not_picked":["Body Slam","Wild Strike","Flex"],"picked":"SKIP","floor":13}],"player_experience":1006766,"relics_obtained":[{"floor":9.0,"key":"Shuriken"},{"floor":11.0,"key":"Blue Candle"},{"floor":13,"key":"Akabeko"}],"event_choices":[{"damage_healed":0.0,"max_hp_gain":0.0,"max_hp_loss":0.0,"gold_gain":75.0,"event_name":"World of Goop","player_choice":"Gather Gold","floor":4.0,"gold_loss":0.0,"damage_taken":11.0},{"damage_healed":0.0,"max_hp_gain":0.0,"max_hp_loss":0.0,"gold_gain":0.0,"event_name":"Shining Light","player_choice":"Entered Light","floor":10.0,"gold_loss":0.0,"damage_taken":20.0,"cards_upgraded":["Clothesline","Disarm"]},{"damage_healed":0,"gold_gain":61,"player_choice":"Gained Gold","damage_taken":0,"max_hp_gain":0,"max_hp_loss":0,"event_name":"Golden Wing","floor":14,"gold_loss":0}],"is_beta":false,"boss_relics":[],"items_purged_floors":[5],"is_endless":false,"potions_floor_spawned":[1,7,11],"killed_by":"Slime Boss","ascension_level":20}}