{"host":"52m1o8iwwagurbjs","time":1612396093,"event":{"mods":["AchievementEnabler","BaseMod","Bestiary","Colored Powertips","GifTheSpireLib","Minty Spire (QoL Compilation)","Quick Restart","Relic Stats","StSLib"],"gold_per_floor":[210,226,240,190,265,290,304,334,408,408,434,434,434,457,457,582,582,602,618,641,17,17,17,17,51,74,89,89,89,420,519,519,643,643,656,458,473,285,618,651,651,677,677,677,677,677,727,759,759,759,759,759,310,345,345,345],"floor_reached":55,"language":"ENG","playtime":2901,"items_purged":["Strike_B","Ball Lightning+1","Defend_B","Defend_B"],"score":1027,"play_id":"64950ca3-0944-46a8-a9f5-ca5219a99684","local_time":"20210203184813","is_ascension_mode":true,"campfire_choices":[{"floor":10.0,"key":"REST"},{"data":"Electrodynamics","floor":12.0,"key":"SMITH"},{"data":"Gash","floor":15.0,"key":"SMITH"},{"floor":23.0,"key":"REST"},{"floor":29.0,"key":"REST"},{"floor":32.0,"key":"RECALL"},{"floor":41.0,"key":"REST"},{"floor":46.0,"key":"REST"},{"floor":49.0,"key":"REST"},{"floor":52.0,"key":"REST"}],"circlet_count":0,"master_deck":["Defend_B","Zap","Dualcast","Conserve Battery","Gash+1","Gash","Electrodynamics+1","Leap","Compile Driver","Buffer","Hologram","All For One","Sweeping Beam+1","Capacitor+1","Apotheosis","Consume","Ghostly","Ghostly","Ghostly","Ghostly","Ghostly","Loop+1","Coolheaded","Heatsinks+1","FTL","Glacier","Creative AI+1","Conserve Battery+1","Ball Lightning+1","Reboot","Coolheaded","Aggregate+1","Skim+1","Fusion+1","Skim+1","Echo Form+1","Coolheaded+1","Turbo+1","Reinforced Body+1"],"relics":["Cracked Core","Dream Catcher","Ice Cream","Bottled Tornado","Juzu Bracelet","Fusion Hammer","Frozen Egg 2","Membership Card","Meat on the Bone","Bag of Preparation","Old Coin","Astrolabe","Frozen Eye","Potion Belt","Toxic Egg 2","Bag of Marbles","Emotion Chip","Sundial","Happy Flower","TheAbacus","InkBottle","Cables"],"acts_visited":["Exordium","TheCity","TheBeyond","TheEnding"],"potions_floor_usage":[55,55,55],"damage_taken":[{"damage":0.0,"enemies":"Jaw Worm","floor":1.0,"turns":4.0},{"damage":0.0,"enemies":"Small Slimes","floor":2.0,"turns":3.0},{"damage":0.0,"enemies":"2 Louse","floor":3.0,"turns":3.0},{"damage":21.0,"enemies":"Lagavulin","floor":6.0,"turns":6.0},{"damage":3.0,"enemies":"Looter","floor":7.0,"turns":3.0},{"damage":18.0,"enemies":"Gremlin Nob","floor":8.0,"turns":4.0},{"damage":1.0,"enemies":"3 Sentries","floor":11.0,"turns":4.0},{"damage":0.0,"enemies":"3 Louse","floor":14.0,"turns":1.0},{"damage":38.0,"enemies":"Hexaghost","floor":16.0,"turns":10.0},{"damage":15.0,"enemies":"2 Thieves","floor":18.0,"turns":3.0},{"damage":10.0,"enemies":"Chosen","floor":19.0,"turns":3.0},{"damage":18.0,"enemies":"Shelled Parasite and Fungi","floor":20.0,"turns":4.0},{"damage":5.0,"enemies":"Book of Stabbing","floor":25.0,"turns":6.0},{"damage":1.0,"enemies":"Centurion and Healer","floor":27.0,"turns":7.0},{"damage":0.0,"enemies":"Gremlin Leader","floor":30.0,"turns":6.0},{"damage":20.0,"enemies":"Collector","floor":33.0,"turns":11.0},{"damage":23.0,"enemies":"3 Darklings","floor":35.0,"turns":3.0},{"damage":0.0,"enemies":"3 Shapes","floor":37.0,"turns":4.0},{"damage":0.0,"enemies":"Giant Head","floor":40.0,"turns":11.0},{"damage":0.0,"enemies":"Reptomancer","floor":42.0,"turns":5.0},{"damage":0.0,"enemies":"Mind Bloom Boss Battle","floor":47.0,"turns":4.0},{"damage":10.0,"enemies":"Nemesis","floor":48.0,"turns":9.0},{"damage":1.0,"enemies":"Time Eater","floor":50.0,"turns":13.0},{"damage":0.0,"enemies":"Shield and Spear","floor":54.0,"turns":7.0},{"damage":63,"enemies":"The Heart","floor":55,"turns":3}],"seed_played":"-2038305228588528114","potions_obtained":[{"floor":2.0,"key":"LiquidMemories"},{"floor":7.0,"key":"PotionOfCapacity"},{"floor":11.0,"key":"DuplicationPotion"},{"floor":14.0,"key":"FearPotion"},{"floor":19.0,"key":"GamblersBrew"},{"floor":30.0,"key":"CultistPotion"},{"floor":33.0,"key":"BlessingOfTheForge"},{"floor":40.0,"key":"Explosive Potion"},{"floor":54.0,"key":"FearPotion"}],"is_trial":false,"path_per_floor":["M","M","M","?","?","E","M","E","T","R","E","R","?","M","R","B",null,"M","M","M","$","?","R","?","E","T","M","?","R","E","?","R","B",null,"M","$","M","$","?","E","R","E","T","?","?","R","?","E","R","B",null,"R","$","E","B"],"character_chosen":"DEFECT","items_purchased":["Frozen Egg 2","Capacitor+1","Membership Card","Apotheosis","Consume","Frozen Eye","Reboot","Potion Belt","AttackPotion","Coolheaded","Reinforced Body+1","FairyPotion","LiquidMemories","Happy Flower","TheAbacus","InkBottle"],"campfire_rested":7,"item_purchase_floors":[21,21,21,21,21,36,36,38,38,38,53,53,53,53,53,53],"current_hp_per_floor":[75,75,75,75,64,43,40,22,22,44,43,43,43,43,43,5,69,54,44,26,26,26,34,34,29,29,28,28,34,34,34,34,26,34,23,23,23,23,23,23,33,33,33,33,33,34,34,24,34,33,34,34,34,34,0,0],"gold":345,"neow_bonus":"HUNDRED_GOLD","is_daily":false,"chose_seed":false,"campfire_upgraded":2,"win_rate":0.0,"timestamp":1612396093,"path_taken":["M","M","M","?","?","E","M","E","T","R","E","R","?","M","R","BOSS","M","M","M","$","?","R","?","E","T","M","?","R","E","?","R","BOSS","M","$","M","$","?","E","R","E","T","?","?","R","?","E","R","BOSS","R","$","E","BOSS"],"items_purchased_type":["Relic","Card","Relic","Card","Card","Relic","Card","Relic","Potion","Card","Card","Potion","Potion","Relic","Relic","Relic"],"build_version":"2020-12-22","purchased_purges":4,"victory":false,"max_hp_per_floor":[75,75,75,75,75,75,75,75,75,75,75,75,69,69,69,69,69,69,69,69,69,34,34,34,34,34,34,34,34,34,34,34,34,34,34,34,34,34,34,34,34,34,34,34,34,34,34,34,34,34,34,34,34,34,34,34],"relic_stats":{"Happy Flower":[3],"counters":[25,135],"Astrolabe":["Conserve Battery","Ball Lightning","Ball Lightning"],"Juzu Bracelet":1,"Bag of Preparation":[24],"Cables":[4,3,1,0,0],"Dream Catcher":7,"Emotion Chip":[9,3,4,0,2],"TheAbacus":[18],"Sundial":[4],"obtain_stats":[{"Ice Cream":8,"Potion Belt":38,"Happy Flower":53,"Golden Idol":13,"Astrolabe":34,"Juzu Bracelet":11,"Bag of Preparation":26,"Bottled Tornado":9,"Frozen Egg 2":21,"Old Coin":30,"Cables":54,"Frozen Eye":36,"Dream Catcher":6,"Emotion Chip":47,"TheAbacus":53,"Sundial":48,"Fusion Hammer":17,"Bag of Marbles":42,"Membership Card":21,"Toxic Egg 2":40,"Cracked Core":0,"InkBottle":53,"Meat on the Bone":25},{"Ice Cream":6,"Potion Belt":18,"Happy Flower":23,"Golden Idol":7,"Astrolabe":16,"Juzu Bracelet":7,"Bag of Preparation":13,"Bottled Tornado":6,"Frozen Egg 2":12,"Old Coin":15,"Cables":24,"Frozen Eye":17,"Dream Catcher":4,"Emotion Chip":21,"TheAbacus":23,"Sundial":22,"Fusion Hammer":9,"Bag of Marbles":20,"Membership Card":12,"Toxic Egg 2":19,"Cracked Core":0,"InkBottle":23,"Meat on the Bone":13},{"Ice Cream":23,"Potion Belt":83,"Happy Flower":125,"Golden Idol":27,"Astrolabe":77,"Juzu Bracelet":27,"Bag of Preparation":54,"Bottled Tornado":23,"Frozen Egg 2":48,"Old Coin":66,"Cables":132,"Frozen Eye":80,"Dream Catcher":16,"Emotion Chip":103,"TheAbacus":125,"Sundial":112,"Fusion Hammer":38,"Bag of Marbles":99,"Membership Card":48,"Toxic Egg 2":94,"Cracked Core":0,"InkBottle":125,"Meat on the Bone":54}],"InkBottle":[7],"Meat on the Bone":24},"card_choices":[{"not_picked":["Steam","Beam Cell"],"picked":"Conserve Battery","floor":1.0},{"not_picked":["Amplify","Conserve Battery"],"picked":"Gash","floor":2.0},{"not_picked":["Streamline","Conserve Battery"],"picked":"Gash","floor":3.0},{"not_picked":["Rebound","Go for the Eyes"],"picked":"Electrodynamics","floor":6.0},{"not_picked":["Ball Lightning","Sweeping Beam"],"picked":"Leap","floor":7.0},{"not_picked":["Storm","Turbo"],"picked":"Compile Driver","floor":8.0},{"not_picked":["Chaos","Storm"],"picked":"Buffer","floor":11.0},{"not_picked":["Steam","Force Field"],"picked":"Hologram","floor":14.0},{"not_picked":["Amplify","Thunder Strike"],"picked":"All For One","floor":16.0},{"not_picked":["Genetic Algorithm","Conserve Battery","Heatsinks"],"picked":"SKIP","floor":18.0},{"not_picked":["Ball Lightning","Chaos","Recycle"],"picked":"SKIP","floor":19.0},{"not_picked":["Cold Snap","Beam Cell+1"],"picked":"Sweeping Beam+1","floor":20.0},{"not_picked":["Cold Snap+1","Capacitor+1"],"picked":"Loop+1","floor":23.0},{"not_picked":["Static Discharge+1","Undo+1"],"picked":"Heatsinks+1","floor":25.0},{"not_picked":["Loop+1","Hologram"],"picked":"FTL","floor":27.0},{"not_picked":["Streamline","Ball Lightning"],"picked":"Glacier","floor":29.0},{"not_picked":["Steam Power","Streamline","Redo"],"picked":"SKIP","floor":30.0},{"not_picked":["Multi-Cast","Electrodynamics+1"],"picked":"Creative AI+1","floor":33.0},{"not_picked":["Cold Snap","Doom and Gloom+1","Glacier"],"picked":"SKIP","floor":35.0},{"not_picked":["Conserve Battery+1","Turbo","Gash+1"],"picked":"SKIP","floor":37.0},{"not_picked":["Coolheaded+1","Stack+1"],"picked":"Aggregate+1","floor":40.0},{"not_picked":["Aggregate+1","Redo+1"],"picked":"Skim+1","floor":41.0},{"not_picked":["Streamline+1","Sunder","Sweeping Beam"],"picked":"SKIP","floor":42.0},{"not_picked":["Glacier+1","Sweeping Beam+1"],"picked":"Fusion+1","floor":46.0},{"not_picked":["Electrodynamics+1","Leap+1"],"picked":"Skim+1","floor":47.0},{"not_picked":["Defragment+1","FTL"],"picked":"Echo Form+1","floor":48.0},{"not_picked":["Hologram+1","Lockon+1"],"picked":"Coolheaded+1","floor":49.0},{"not_picked":["Ball Lightning","White Noise+1"],"picked":"Turbo+1","floor":52.0},{"not_picked":["Rebound+1","Go for the Eyes+1","Compile Driver+1"],"picked":"SKIP","floor":54.0}],"player_experience":1299588,"relics_obtained":[{"floor":6.0,"key":"Dream Catcher"},{"floor":8.0,"key":"Ice Cream"},{"floor":9.0,"key":"Bottled Tornado"},{"floor":11.0,"key":"Juzu Bracelet"},{"floor":25.0,"key":"Meat on the Bone"},{"floor":26.0,"key":"Bag of Preparation"},{"floor":30.0,"key":"Old Coin"},{"floor":40.0,"key":"Toxic Egg 2"},{"floor":42.0,"key":"Bag of Marbles"},{"floor":47.0,"key":"Emotion Chip"},{"floor":48.0,"key":"Sundial"},{"floor":54.0,"key":"Cables"}],"event_choices":[{"cards_removed":["Strike_B"],"damage_healed":0.0,"max_hp_gain":0.0,"max_hp_loss":0.0,"gold_gain":0.0,"event_name":"The Cleric","player_choice":"Card Removal","floor":4.0,"gold_loss":50.0,"damage_taken":0.0},{"damage_healed":0.0,"max_hp_gain":0.0,"max_hp_loss":0.0,"gold_gain":75.0,"event_name":"World of Goop","player_choice":"Gather Gold","floor":5.0,"gold_loss":0.0,"damage_taken":11.0},{"damage_healed":0.0,"max_hp_gain":0.0,"max_hp_loss":6.0,"gold_gain":0.0,"event_name":"Golden Idol","player_choice":"Lose Max HP","floor":13.0,"gold_loss":0.0,"damage_taken":0.0,"relics_obtained":["Golden Idol"]},{"damage_healed":0.0,"max_hp_gain":0.0,"max_hp_loss":35.0,"gold_gain":0.0,"event_name":"Ghosts","player_choice":"Became a Ghost","floor":22.0,"gold_loss":0.0,"damage_taken":0.0,"cards_obtained":["Ghostly","Ghostly","Ghostly","Ghostly","Ghostly"]},{"damage_healed":0.0,"max_hp_gain":0.0,"max_hp_loss":0.0,"gold_gain":0.0,"event_name":"The Library","player_choice":"Read","floor":24.0,"gold_loss":0.0,"damage_taken":0.0,"cards_obtained":["Coolheaded"]},{"damage_healed":0.0,"max_hp_gain":0.0,"max_hp_loss":0.0,"gold_gain":0.0,"event_name":"Vampires","player_choice":"Ignored","floor":28.0,"gold_loss":0.0,"damage_taken":0.0},{"damage_healed":0.0,"max_hp_gain":0.0,"max_hp_loss":0.0,"gold_gain":99.0,"event_name":"Nest","player_choice":"Stole From Cult","floor":31.0,"gold_loss":0.0,"damage_taken":0.0},{"damage_healed":0.0,"max_hp_gain":0.0,"max_hp_loss":0.0,"gold_gain":333.0,"event_name":"The Moai Head","player_choice":"Gave Idol","floor":39.0,"relics_lost":["Golden Idol"],"gold_loss":0.0,"damage_taken":0.0},{"damage_healed":0.0,"max_hp_gain":0.0,"max_hp_loss":0.0,"gold_gain":0.0,"event_name":"NoteForYourself","player_choice":"Ignored","floor":44.0,"gold_loss":0.0,"damage_taken":0.0},{"damage_healed":0.0,"max_hp_gain":0.0,"max_hp_loss":0.0,"gold_gain":0.0,"event_name":"SensoryStone","player_choice":"Memory 1","floor":45.0,"gold_loss":0.0,"damage_taken":0.0},{"damage_healed":0.0,"max_hp_gain":0.0,"max_hp_loss":0.0,"gold_gain":0.0,"event_name":"MindBloom","player_choice":"Fight","floor":47.0,"gold_loss":0.0,"damage_taken":0.0}],"is_beta":false,"boss_relics":[{"not_picked":["SacredBark","Philosopher\u0027s Stone"],"picked":"Fusion Hammer"},{"not_picked":["Empty Cage","Inserter"],"picked":"Astrolabe"}],"items_purged_floors":[21,36,38,53],"is_endless":false,"potions_floor_spawned":[2,7,11,14,19,27,30,33,35,37,40,54],"killed_by":"The Heart","ascension_level":1}}