{"host":"kgg8sccfjvuthy9j","time":1612316031,"event":{"mods":["BaseMod","Minty Spire (QoL Compilation)","Onozuka Komachi Mod","Reimu??????","StSLib","Waifu the Spire","Yakumo Yukari mod"],"gold_per_floor":[110,123,137,137,160,194,84,100,100,125,154,167,167,185,185,290,290],"floor_reached":16,"language":"ENG","playtime":1623,"items_purged":["Regret"],"score":162,"play_id":"40234970-c2d7-4669-afc8-5c04cc62a9c6","local_time":"20210203013351","is_ascension_mode":false,"campfire_choices":[{"floor":13,"key":"REST"},{"floor":15,"key":"REST"}],"circlet_count":0,"master_deck":["Komachi:Strike","Komachi:Strike","Komachi:Strike","Komachi:Strike","Komachi:Defend","Komachi:Defend","Komachi:Defend","Komachi:Defend","Komachi:Bound","Komachi:ReaperScythe","Komachi:GhostlyBarrier","Komachi:SinnerSpirit","Komachi:PowerSharing","Komachi:WideSwing","Komachi:HungrySpirit","Komachi:Modesty","Komachi:ConfinesAvichi","Komachi:PremonitiveStrike","Komachi:Modesty","Komachi:Exorcism"],"relics":["Komachi:Relic:FerryingBoat","Lantern","Anchor","Pen Nib","Ornamental Fan","Odd Mushroom","Calipers"],"acts_visited":["Exordium"],"potions_floor_usage":[11,11,16],"damage_taken":[{"damage":0,"enemies":"2 Louse","floor":1,"turns":5},{"damage":7,"enemies":"Jaw Worm","floor":2,"turns":4},{"damage":0,"enemies":"Small Slimes","floor":3,"turns":3},{"damage":35,"enemies":"3 Sentries","floor":6,"turns":12},{"damage":0,"enemies":"Looter","floor":8,"turns":2},{"damage":12,"enemies":"The Mushroom Lair","floor":10,"turns":5},{"damage":8,"enemies":"Gremlin Nob","floor":11,"turns":3},{"damage":6,"enemies":"Lots of Slimes","floor":12,"turns":4},{"damage":0,"enemies":"2 Fungi Beasts","floor":14,"turns":2},{"damage":55,"enemies":"The Guardian","floor":16,"turns":10}],"seed_played":"-1297129491841686280","potions_obtained":[{"floor":6,"key":"ZuzhouPotion:ReiMu"},{"floor":10,"key":"Fire Potion"},{"floor":12,"key":"DistilledChaos"},{"floor":14,"key":"Explosive Potion"}],"is_trial":false,"path_per_floor":["M","M","M","?","T","E","$","M","T","?","E","M","R","M","R","B"],"character_chosen":"KOMACHI_CLASS","items_purchased":["Komachi:HungrySpirit"],"campfire_rested":2,"item_purchase_floors":[7],"current_hp_per_floor":[82,75,75,75,75,40,40,40,40,28,20,14,38,38,62,7,7],"gold":290,"neow_bonus":"TEN_PERCENT_HP_BONUS","is_daily":false,"chose_seed":false,"campfire_upgraded":0,"win_rate":0.0,"timestamp":1612316031,"path_taken":["M","M","M","?","?","E","$","M","T","?","E","M","R","M","R","BOSS"],"items_purchased_type":["Card"],"build_version":"2020-12-22","purchased_purges":1,"victory":false,"max_hp_per_floor":[82,82,82,82,82,82,82,82,82,82,82,82,82,82,82,82,82],"card_choices":[{"not_picked":["Komachi:SpiritBlade","Komachi:CollectTip"],"picked":"Komachi:GhostlyBarrier","floor":1},{"not_picked":["Komachi:BoatSanzu","Komachi:RiverMist"],"picked":"Komachi:SinnerSpirit","floor":2},{"not_picked":["Komachi:GhostlyChain","Komachi:EtherealCut"],"picked":"Komachi:PowerSharing","floor":3},{"not_picked":["Komachi:WanderingSpirits","Komachi:FlowRiver"],"picked":"Komachi:WideSwing","floor":6},{"not_picked":["Komachi:PremonitiveStrike","Komachi:YesterdayMoney"],"picked":"Komachi:Modesty","floor":8},{"not_picked":["Komachi:RiverMist","Komachi:LonelySpirit"],"picked":"Komachi:ConfinesAvichi","floor":10},{"not_picked":["Komachi:Offerings","Komachi:EtherealCut"],"picked":"Komachi:PremonitiveStrike","floor":11},{"not_picked":["Komachi:ThrowAway","Komachi:YesterdayMoney"],"picked":"Komachi:Modesty","floor":12},{"not_picked":["Komachi:SpiritBlade","Komachi:GhostlyChain"],"picked":"Komachi:Exorcism","floor":14}],"player_experience":164164,"relics_obtained":[{"floor":5,"key":"Anchor"},{"floor":6,"key":"Pen Nib"},{"floor":9,"key":"Ornamental Fan"},{"floor":10,"key":"Odd Mushroom"},{"floor":11,"key":"Calipers"}],"event_choices":[{"damage_healed":0,"gold_gain":0,"player_choice":"Box","damage_taken":0,"relics_obtained":["Lantern"],"max_hp_gain":0,"max_hp_loss":0,"event_name":"Big Fish","floor":4,"gold_loss":0,"cards_obtained":["Regret"]},{"damage_healed":0,"gold_gain":0,"player_choice":"Fought Mushrooms","damage_taken":0,"max_hp_gain":0,"max_hp_loss":0,"event_name":"Mushrooms","floor":10,"gold_loss":0}],"is_beta":false,"boss_relics":[],"items_purged_floors":[7],"is_endless":false,"potions_floor_spawned":[6,10,12,14],"killed_by":"The Guardian","ascension_level":0}}