{"host":"iuih6ush0m54pbtu","time":1612369066,"event":{"mods":["AchievementEnabler","Ascension Reborn","Aspiration","BaseMod","BetterRewards","Colored Map","Colored Powertips","Conspire","Custom Start","Downfall","Googly Eyes","Halation","Hubris","Infinite Spire","Mimic Mod","Minty Spire (QoL Compilation)","Quick Restart","Replay The Spire","Shop Mod","StSLib","The Construct","The Cursed","The Jungle","The Necromancer","slay the spire mod where everything is the same but ironclad has a cowboy hat"],"gold_per_floor":[116,136,148,165,165,195,195,226,226,252,279,292,292,303,303,400,400,417,417,445,93,93,93,121,121,176,176,188,216,216,227,227,342,342,377,377,316,316,366,450,450,536,536,600,600,670,699,699],"floor_reached":47,"language":"RUS","playtime":1881,"items_purged":["Strike_R"],"score":748,"play_id":"9fb04933-f8dd-4226-91db-1b0bfbd536df","local_time":"20210203211746","is_ascension_mode":true,"campfire_choices":[{"floor":7,"key":"REST"},{"floor":13,"key":"REST"},{"data":"Limit Break","floor":15,"key":"SMITH"},{"data":"Sword Boomerang","floor":23,"key":"SMITH"},{"data":"Cleave","floor":25,"key":"SMITH"},{"data":"Bash","floor":27,"key":"SMITH"},{"floor":32,"key":"REST"},{"floor":41,"key":"REST"},{"data":"Spot Weakness","floor":45,"key":"SMITH"},{"data":"ReplayTheSpireMod:Stacked","floor":45,"key":"SMITH"}],"circlet_count":0,"master_deck":["Strike_R+1","Strike_R","Strike_R","Strike_R","Defend_R","Defend_R","Defend_R","Defend_R","Bash+1","Spot Weakness+1","Pommel Strike","Limit Break+1","Cleave+1","ReplayTheSpireMod:Stacked+1","infinitespire:Fortify+1","Sword Boomerang+1","Twin Strike+1","Spot Weakness+1","Flash of Steel+1","Looming Evil","hubris:Envy","Sickly","Twin Strike"],"relics":["Burning Blood","Smiling Mask","Oddly Smooth Stone","infinitespire:CheckeredPen","ReplayTheSpireMod:Ninjato","Ooze Armor","Turnip","Red Mask","Blue Doll","MerchantsRug","Nunchaku","Toy Ornithopter","Replay:Towering Pillar of Hats","infinitespire:EvilPickle","halation:EternalFortune","Ring of Greed","Ring of Misfortune","halation:IllGainedPizza","Replay:Bandana","Replay:Arrowhead","ReplayTheSpireMod:Lightbulb","Sundial"],"acts_visited":["Exordium","TheCity","TheBeyond"],"potions_floor_usage":[6,16,29,33,33,47],"damage_taken":[{"damage":1,"enemies":"Cultist","floor":1,"turns":3},{"damage":5,"enemies":"2 Louse","floor":2,"turns":3},{"damage":0,"enemies":"conspire:RoseBush","floor":3,"turns":4},{"damage":21,"enemies":"2 Fungi Beasts","floor":4,"turns":4},{"damage":16,"enemies":"Gremlin Nob","floor":6,"turns":3},{"damage":22,"enemies":"3 Sentries","floor":8,"turns":8},{"damage":27,"enemies":"Lagavulin","floor":10,"turns":5},{"damage":21,"enemies":"conspire:MimicChest","floor":11,"turns":5},{"damage":0,"enemies":"Exordium Wildlife","floor":12,"turns":4},{"damage":6,"enemies":"Large Slime","floor":14,"turns":5},{"damage":14,"enemies":"Hexaghost","floor":16,"turns":9},{"damage":3,"enemies":"Shell Parasite","floor":18,"turns":5},{"damage":43,"enemies":"Masked Bandits","floor":20,"turns":5},{"damage":6,"enemies":"Replay:Snechameleon","floor":24,"turns":4},{"damage":18,"enemies":"Spheric Guardian","floor":28,"turns":4},{"damage":29,"enemies":"Gremlin Leader","floor":29,"turns":5},{"damage":10,"enemies":"Snecko","floor":31,"turns":4},{"damage":16,"enemies":"Pondfish","floor":33,"turns":7},{"damage":5,"enemies":"3 Shapes","floor":35,"turns":3},{"damage":111,"enemies":"Giant Head","floor":40,"turns":9},{"damage":39,"enemies":"Nemesis","floor":42,"turns":5},{"damage":0,"enemies":"Orb Walker","floor":44,"turns":2},{"damage":20,"enemies":"Spire Growth","floor":46,"turns":4},{"damage":25,"enemies":"Jaw Worm Horde","floor":47,"turns":3}],"seed_played":"7721006631670795655","potions_obtained":[{"floor":3,"key":"FairyPotion"},{"floor":4,"key":"Toxic Potion"},{"floor":11,"key":"Guardian:BlockOnCardUsePotion"},{"floor":12,"key":"SmokeBomb"},{"floor":16,"key":"SneckoOil"},{"floor":18,"key":"Fire Potion"},{"floor":20,"key":"LifebloodPotion"},{"floor":29,"key":"Languid Potion"},{"floor":31,"key":"PowerPotion"},{"floor":42,"key":"PowerPotion"}],"is_trial":false,"path_per_floor":["M","M","M","M","?","E","R","E","T","E","?","M","R","M","R","B",null,"M","AVR","?","$","?","R","E","R","T","R","M","E","?","M","R","B",null,"M","?","$","?","?","E","R","E","T","M","R","M","M"],"character_chosen":"IRONCLAD","items_purchased":["Blue Doll","MerchantsRug","Flash of Steel+1"],"campfire_rested":4,"item_purchase_floors":[21,21,37],"current_hp_per_floor":[80,80,80,65,49,39,63,47,47,26,11,17,41,41,41,33,80,80,80,43,43,43,43,43,43,43,43,31,13,13,9,33,33,80,80,80,80,83,83,30,54,24,24,33,33,19,0,0],"gold":699,"neow_bonus":"THREE_CARDS","is_daily":false,"chose_seed":false,"campfire_upgraded":6,"win_rate":0.0,"timestamp":1612369066,"path_taken":["M","M","M","M","?","E","R","E","T","E","?","M","R","?","R","BOSS","M","AVR","?","$","?","R","E","R","T","R","M","E","?","M","R","BOSS","M","?","$","?","?","E","R","E","T","?","R","M","M"],"items_purchased_type":["Relic","Relic","Card"],"build_version":"2020-12-22","purchased_purges":1,"victory":false,"max_hp_per_floor":[80,80,80,80,80,80,80,80,80,80,80,80,80,80,80,80,80,80,80,80,80,80,80,80,80,80,80,80,80,80,80,80,80,80,80,80,80,83,83,83,83,86,86,89,89,89,89,89],"card_choices":[{"not_picked":["Reckless Charge","Rampage"],"picked":"Spot Weakness","floor":1},{"not_picked":["Life Link","Armaments","Clothesline"],"picked":"SKIP","floor":2},{"not_picked":["Second Wind","Shockwave","Massacre"],"picked":"SKIP","floor":3},{"not_picked":["Clash","Burning Pact"],"picked":"Pommel Strike","floor":4},{"not_picked":["Clash","Sentinel"],"picked":"Metallicize","floor":6},{"not_picked":["Armaments","Disarm"],"picked":"Limit Break","floor":8},{"not_picked":["Clothesline","hubris:ReadiedAction"],"picked":"Cleave","floor":10},{"not_picked":["Rupture","Uppercut","Headbutt"],"picked":"SKIP","floor":12},{"not_picked":["Battle Trance","ReplayTheSpireMod:Limb From Limb"],"picked":"ReplayTheSpireMod:Stacked","floor":14},{"not_picked":["Headbutt","Clash","Shockwave"],"picked":"SKIP","floor":18},{"not_picked":["ReplayTheSpireMod:Muscle Training","Clash"],"picked":"Sword Boomerang","floor":20},{"not_picked":["conspire:Charge+1","Clash"],"picked":"Twin Strike+1","floor":24},{"not_picked":["Seeing Red","Anger","ReplayTheSpireMod:Strike From Hell"],"picked":"SKIP","floor":28},{"not_picked":["Burning Pact","Body Slam+1","Carnage"],"picked":"SKIP","floor":29},{"not_picked":["Body Slam+1","Armaments","infinitespire:OneForAll"],"picked":"SKIP","floor":31},{"not_picked":["Flex","Sword Boomerang+1"],"picked":"Spot Weakness","floor":35},{"not_picked":["Burning Pact","Rampage+1","Armaments+1"],"picked":"SKIP","floor":40},{"not_picked":["conspire:Charge+1","Shockwave","Reckless Charge"],"picked":"SKIP","floor":42},{"not_picked":["Clothesline+1","Combust","Rupture"],"picked":"SKIP","floor":44},{"not_picked":["ReplayTheSpireMod:Limb From Limb+1","Run Through+1"],"picked":"Twin Strike","floor":46}],"player_experience":75600,"relics_obtained":[{"floor":6,"key":"Smiling Mask"},{"floor":8,"key":"Oddly Smooth Stone"},{"floor":9,"key":"infinitespire:CheckeredPen"},{"floor":11,"key":"ReplayTheSpireMod:Ninjato"},{"floor":20,"key":"Red Mask"},{"floor":24,"key":"Nunchaku"},{"floor":26,"key":"Toy Ornithopter"},{"floor":29,"key":"Replay:Towering Pillar of Hats"},{"floor":39,"key":"Ring of Greed"},{"floor":39,"key":"Ring of Misfortune"},{"floor":39,"key":"halation:IllGainedPizza"},{"floor":39,"key":"Replay:Bandana"},{"floor":40,"key":"Replay:Arrowhead"},{"floor":42,"key":"halation:EternalFortune"},{"floor":42,"key":"ReplayTheSpireMod:Lightbulb"},{"floor":43,"key":"Sundial"},{"floor":44,"key":"halation:EternalFortune"}],"event_choices":[{"damage_healed":0,"gold_gain":0,"player_choice":"Entered Light","damage_taken":16,"max_hp_gain":0,"max_hp_loss":0,"event_name":"Shining Light","floor":5,"gold_loss":0,"cards_upgraded":["Strike_R","Spot Weakness"]},{"damage_healed":0,"gold_gain":0,"player_choice":"Fought Bandits","damage_taken":0,"max_hp_gain":0,"max_hp_loss":0,"event_name":"Masked Bandits","floor":20,"gold_loss":0},{"cards_removed":["Metallicize"],"damage_healed":0,"gold_gain":0,"player_choice":"Removed Power","damage_taken":0,"max_hp_gain":0,"max_hp_loss":0,"event_name":"Falling","floor":36,"gold_loss":0}],"is_beta":false,"boss_relics":[{"not_picked":["aspiration:FutureDiary","Pandora\u0027s Box"],"picked":"Ooze Armor"},{"not_picked":["halation:MonkeysPaw","aspiration:RunicSpoon","hubris:VirtuousBlindfold"]}],"items_purged_floors":[21],"is_endless":false,"potions_floor_spawned":[3,4,11,12,16,18,20,28,29,31,42],"killed_by":"Jaw Worm Horde","ascension_level":1}}