{"host":"a3wpq7kyokchzawk","time":1612313832,"event":{"mods":["BaseMod","Colored Map","Highlight Path","Minty Spire (QoL Compilation)","Permanent Neow","Potion Indicator Mod","Relic Stats","Weighted Paths"],"gold_per_floor":[362,362,362,381,381,406,425,425,448,448,481,481,481,501,501,501,501],"floor_reached":16,"language":"ENG","playtime":1224,"items_purged":[],"score":216,"play_id":"0837f2b0-2292-4d38-a03b-8a8028451213","local_time":"20210202225712","is_ascension_mode":true,"campfire_choices":[{"floor":8.0,"key":"REST"},{"data":"Double Tap","floor":10.0,"key":"SMITH"},{"floor":12.0,"key":"REST"},{"data":"Pommel Strike","floor":15,"key":"SMITH"}],"circlet_count":0,"master_deck":["AscendersBane","Strike_R","Strike_R","Strike_R","Strike_R","Strike_R","Defend_R","Defend_R","Defend_R","Bash+1","Flame Barrier","Dropkick","Double Tap+1","Anger","Pommel Strike+1"],"relics":["Burning Blood","Omamori","Tiny Chest","Bird Faced Urn"],"acts_visited":["Exordium"],"potions_floor_usage":[14],"damage_taken":[{"damage":4.0,"enemies":"2 Louse","floor":1.0,"turns":4.0},{"damage":4.0,"enemies":"Small Slimes","floor":4.0,"turns":5.0},{"damage":58.0,"enemies":"3 Sentries","floor":6.0,"turns":12.0},{"damage":2.0,"enemies":"Jaw Worm","floor":7.0,"turns":5.0},{"damage":31.0,"enemies":"Gremlin Nob","floor":11.0,"turns":4.0},{"damage":0,"enemies":"Lots of Slimes","floor":14,"turns":2},{"damage":40,"enemies":"Hexaghost","floor":16,"turns":7}],"seed_played":"7619556743504645960","potions_obtained":[{"floor":4.0,"key":"BloodPotion"},{"floor":11.0,"key":"Explosive Potion"}],"is_trial":false,"path_per_floor":["M","?","?","M","?","E","M","R","T","R","E","R","?","M","R","B"],"character_chosen":"IRONCLAD","items_purchased":[],"campfire_rested":2,"item_purchase_floors":[],"current_hp_per_floor":[52,52,52,54,47,10,14,36,36,36,11,33,33,39,39,0,0],"gold":501,"neow_bonus":"TWO_FIFTY_GOLD","is_daily":false,"chose_seed":false,"campfire_upgraded":2,"win_rate":0.0,"timestamp":1612313832,"path_taken":["M","?","?","M","?","E","M","R","T","R","E","R","?","M","R","BOSS"],"items_purchased_type":[],"build_version":"2020-12-22","purchased_purges":0,"victory":false,"max_hp_per_floor":[75,75,75,75,75,75,75,75,75,75,75,75,75,75,75,75,75],"relic_stats":{"counters":[7,39],"Bird Faced Urn":[0],"Tiny Chest":0,"obtain_stats":[{"Bird Faced Urn":11,"Tiny Chest":9,"Omamori":6,"Burning Blood":0},{"Bird Faced Urn":5,"Tiny Chest":4,"Omamori":3,"Burning Blood":0},{"Bird Faced Urn":30,"Tiny Chest":26,"Omamori":21,"Burning Blood":0}],"Burning Blood":36},"card_choices":[{"not_picked":["Heavy Blade","Dropkick"],"picked":"Flame Barrier","floor":1.0},{"not_picked":["Ghostly Armor","Heavy Blade"],"picked":"Dropkick","floor":4.0},{"not_picked":["Feel No Pain","Second Wind"],"picked":"Double Tap","floor":6.0},{"not_picked":["Shrug It Off","Power Through"],"picked":"Anger","floor":7.0},{"not_picked":["Limit Break","Havoc","Heavy Blade"],"picked":"SKIP","floor":11.0},{"not_picked":["Havoc","Sentinel"],"picked":"Pommel Strike","floor":14}],"player_experience":2531876,"relics_obtained":[{"floor":6.0,"key":"Omamori"},{"floor":9.0,"key":"Tiny Chest"},{"floor":11.0,"key":"Bird Faced Urn"}],"event_choices":[{"damage_healed":0.0,"max_hp_gain":0.0,"max_hp_loss":0.0,"gold_gain":0.0,"event_name":"Living Wall","player_choice":"Grow","floor":2.0,"gold_loss":0.0,"damage_taken":0.0,"cards_upgraded":["Bash"]},{"damage_healed":0.0,"max_hp_gain":0.0,"max_hp_loss":0.0,"gold_gain":0.0,"event_name":"Shining Light","player_choice":"Ignored","floor":3.0,"gold_loss":0.0,"damage_taken":0.0},{"cards_removed":["Defend_R"],"damage_healed":0.0,"max_hp_gain":0.0,"max_hp_loss":0.0,"gold_gain":0.0,"event_name":"Golden Wing","player_choice":"Card Removal","floor":5.0,"gold_loss":0.0,"damage_taken":7.0},{"damage_healed":0.0,"max_hp_gain":0.0,"max_hp_loss":0.0,"gold_gain":0.0,"event_name":"Liars Game","player_choice":"Ignored","floor":13.0,"gold_loss":0.0,"damage_taken":0.0}],"is_beta":false,"boss_relics":[],"items_purged_floors":[],"is_endless":false,"potions_floor_spawned":[4,11],"killed_by":"Hexaghost","ascension_level":20}}