{"host":"oewe6473mh2zp5ss","time":1612328256,"event":{"mods":["AchievementEnabler","Aspiration","Bard","BaseMod","Challenge The Spire","Conspire","Curses Come First","Custom Start","Downfall","Emptier Cage","Gremlin Mod","Halation","Hubris","Infinite Spire","Minty Spire (QoL Compilation)","Permanent Neow","Reliquary","Replay The Spire","Robot Space Explorer","Somnambulant","Spikes Relics","StSLib","The Cursed","The Disciple","The Jungle","The Senshi","thorton"],"gold_per_floor":[596,7,39,66,98,98,18,18,47,81,81,81],"floor_reached":11,"language":"ENG","playtime":1209,"items_purged":[],"score":105,"play_id":"7d8951c3-b6c1-415f-a80a-980b098b00f8","local_time":"20210202205736","daily_mods":["challengethespire:Bronze Difficulty","challengethespire:Elite Rush","Uncertain Future"],"is_ascension_mode":false,"campfire_choices":[{"floor":8,"key":"REST"}],"circlet_count":0,"master_deck":["Strike_P","Strike_P","Strike_P","Defend_P","Defend_P","Eruption","Vigilance","ClearTheMind","JustLucky","Wireheading","ClearTheMind","FlyingSleeves","Deep Breath","Worship","Devotion+1","LikeWater+1","ReachHeaven+1","ForeignInfluence+1","WheelKick+1","Prostrate","Perseverance","Devotion+1","Wish"],"relics":["PureWater","Black Star","Sling","PreservedInsect","BlackRope","halation:PeacePiece","Happy Flower","aspiration:StickyExplosives_weak","Frozen Egg 2","Gremlin Horn","reliquary:FerryPass","Replay:Bottled Flurry","Astrolabe","FossilizedHelix","halation:WeightlessCrab","infinitespire:Beetle Shell","reliquary:BallBearing"],"acts_visited":["Exordium"],"potions_floor_usage":[3,3],"damage_taken":[{"damage":16,"enemies":"Lagavulin","floor":3,"turns":4},{"damage":10,"enemies":"3 Sentries","floor":4,"turns":7},{"damage":3,"enemies":"Gremlin Nob","floor":5,"turns":4},{"damage":23,"enemies":"Book of Stabbing","floor":9,"turns":5},{"damage":15,"enemies":"Slavers","floor":10,"turns":5},{"damage":27,"enemies":"Gremlin Leader","floor":11,"turns":2}],"seed_played":"5561981566568234084","potions_obtained":[{"floor":5,"key":"hexamod:SoulburnPotion"},{"floor":9,"key":"DistilledChaos"}],"is_trial":true,"path_per_floor":["$","$","E","E","E","T","$","R","E","E","E"],"character_chosen":"WATCHER","items_purchased":["BlackRope","ClearTheMind","JustLucky","Wireheading","ClearTheMind","FlyingSleeves","Deep Breath","champ:CounterPotion","SneckoOil","Ancient Potion","halation:PeacePiece","Prostrate","Perseverance"],"campfire_rested":1,"item_purchase_floors":[1,1,1,2,2,2,2,2,2,2,2,7,7],"current_hp_per_floor":[72,72,56,46,43,43,43,64,41,26,0,0],"gold":81,"neow_bonus":"","is_daily":false,"chose_seed":false,"campfire_upgraded":0,"win_rate":0.0,"timestamp":1612328256,"path_taken":["$","$","E","E","E","T","$","R","E","E","E"],"items_purchased_type":["Relic","Card","Card","Card","Card","Card","Card","Potion","Potion","Potion","Relic","Card","Card"],"build_version":"2020-12-22","purchased_purges":0,"victory":false,"max_hp_per_floor":[72,72,72,72,72,72,72,72,72,72,72,72],"card_choices":[],"player_experience":62322,"relics_obtained":[{"floor":3,"key":"Happy Flower"},{"floor":3,"key":"aspiration:StickyExplosives_weak"},{"floor":4,"key":"Frozen Egg 2"},{"floor":4,"key":"Gremlin Horn"},{"floor":5,"key":"reliquary:FerryPass"},{"floor":5,"key":"Replay:Bottled Flurry"},{"floor":9,"key":"FossilizedHelix"},{"floor":9,"key":"halation:WeightlessCrab"},{"floor":10,"key":"infinitespire:Beetle Shell"},{"floor":10,"key":"reliquary:BallBearing"}],"event_choices":[],"is_beta":false,"boss_relics":[{"not_picked":["Cursed Key","conspire:SlowCooker"],"picked":"Astrolabe"}],"items_purged_floors":[],"is_endless":false,"potions_floor_spawned":[5,9],"killed_by":"Gremlin Leader","ascension_level":0}}