{"host":"vyjryxuuuxkt43k4","time":1612363651,"event":{"mods":["AchievementEnabler","BaseMod","Colored Map","DeckTracker","Keyboard Shortcuts","Minty Spire (QoL Compilation)","Permanent Neow","Quick Restart","Rare Cards Sparkle","Relic Stats","StSLib","SuperFastMode","everything is the same but u backflip on backflip"],"gold_per_floor":[111,34,54,54,65,91,102,102,102,102,121,121,167,205,217,328,340,366,378,20,39,56,91,91,117,144,157,157,157,188,200,200,200,200],"floor_reached":33,"language":"KOR","playtime":1383,"items_purged":[],"score":488,"play_id":"ac3479dd-2961-46e5-a818-12ea90bcb393","local_time":"20210203234731","is_ascension_mode":true,"campfire_choices":[{"data":"Defragment","floor":8,"key":"SMITH"},{"data":"Dualcast","floor":12,"key":"SMITH"},{"floor":15,"key":"REST"},{"data":"Defragment","floor":24,"key":"SMITH"},{"data":"Creative AI","floor":29,"key":"SMITH"},{"data":"Coolheaded","floor":32,"key":"SMITH"}],"circlet_count":0,"master_deck":["AscendersBane","Strike_B","Strike_B+1","Strike_B","Strike_B","Defend_B","Defend_B","Defend_B","Defend_B","Zap","Dualcast+1","Coolheaded+1","Go for the Eyes","Self Repair","Static Discharge+1","Defragment+1","Compile Driver","Defragment+1","Hologram","Stack","Seek","CurseOfTheBell","Conserve Battery","Turbo","Beam Cell+1","Capacitor","Creative AI+1","Turbo+1","Barrage+1"],"relics":["Cracked Core","Bronze Scales","StrikeDummy","Gambling Chip","MawBank","Darkstone Periapt","Calling Bell","Vajra","The Courier","Torii","Lantern","Bird Faced Urn","Letter Opener","Happy Flower","White Beast Statue"],"acts_visited":["Exordium","TheCity"],"potions_floor_usage":[11,14,22,23,25,27,33,33],"damage_taken":[{"damage":0,"enemies":"Small Slimes","floor":1,"turns":3},{"damage":5,"enemies":"Jaw Worm","floor":3,"turns":4},{"damage":0,"enemies":"2 Louse","floor":5,"turns":4},{"damage":27,"enemies":"3 Sentries","floor":6,"turns":5},{"damage":6,"enemies":"Blue Slaver","floor":7,"turns":5},{"damage":20,"enemies":"Gremlin Gang","floor":11,"turns":3},{"damage":28,"enemies":"Gremlin Nob","floor":14,"turns":3},{"damage":19,"enemies":"The Guardian","floor":16,"turns":8},{"damage":22,"enemies":"2 Thieves","floor":18,"turns":3},{"damage":12,"enemies":"Spheric Guardian","floor":21,"turns":4},{"damage":15,"enemies":"Shelled Parasite and Fungi","floor":22,"turns":4},{"damage":22,"enemies":"Gremlin Leader","floor":23,"turns":4},{"damage":38,"enemies":"Book of Stabbing","floor":25,"turns":5},{"damage":7,"enemies":"Chosen and Byrds","floor":27,"turns":3},{"damage":13,"enemies":"Gremlin Leader","floor":30,"turns":8},{"damage":13,"enemies":"Centurion and Healer","floor":31,"turns":6},{"damage":97,"enemies":"Automaton","floor":33,"turns":8}],"seed_played":"5467202384318973426","potions_obtained":[{"floor":5,"key":"SteroidPotion"},{"floor":7,"key":"Fire Potion"},{"floor":14,"key":"SpeedPotion"},{"floor":16,"key":"ColorlessPotion"},{"floor":18,"key":"FocusPotion"},{"floor":23,"key":"AttackPotion"},{"floor":25,"key":"SteroidPotion"},{"floor":30,"key":"Dexterity Potion"},{"floor":31,"key":"Weak Potion"}],"is_trial":false,"path_per_floor":["M","$","M","?","M","E","M","R","T","?","M","R","T","E","R","B",null,"M","?","$","M","M","E","R","E","T","M","?","R","E","M","R","B"],"character_chosen":"DEFECT","items_purchased":["Self Repair","Lantern","Bird Faced Urn"],"campfire_rested":1,"item_purchase_floors":[2,20,20],"current_hp_per_floor":[68,68,70,55,62,42,43,43,43,43,30,30,30,9,31,19,67,45,45,45,48,48,41,41,11,11,19,46,46,62,76,76,0,0],"gold":200,"neow_bonus":"THREE_CARDS","is_daily":false,"chose_seed":false,"campfire_upgraded":5,"win_rate":0.0,"timestamp":1612363651,"path_taken":["M","$","M","?","M","E","M","R","T","?","M","R","?","E","R","BOSS","M","?","$","M","M","E","R","E","T","M","?","R","E","M","R","BOSS"],"items_purchased_type":["Card","Relic","Relic"],"build_version":"2020-12-22","purchased_purges":0,"victory":false,"max_hp_per_floor":[75,75,75,75,75,75,75,75,75,75,75,75,75,75,75,75,81,81,81,81,81,81,81,81,81,81,81,81,81,81,81,81,81,81],"relic_stats":{"Darkstone Periapt":6,"Torii":38,"Happy Flower":[8],"counters":[17,80],"Bronze Scales":[183],"Gambling Chip":[31],"Bird Faced Urn":[100],"Letter Opener":[41],"MawBank":84,"obtain_stats":[{"Darkstone Periapt":14,"Lantern":20,"Torii":17,"Happy Flower":25,"Vajra":17,"The Courier":17,"Letter Opener":23,"MawBank":13,"White Beast Statue":30,"Calling Bell":17,"Bronze Scales":6,"Gambling Chip":10,"Bird Faced Urn":20,"Cracked Core":0,"StrikeDummy":9},{"Darkstone Periapt":7,"Lantern":9,"Torii":8,"Happy Flower":13,"Vajra":8,"The Courier":8,"Letter Opener":12,"MawBank":6,"White Beast Statue":15,"Calling Bell":8,"Bronze Scales":4,"Gambling Chip":5,"Bird Faced Urn":9,"Cracked Core":0,"StrikeDummy":5},{"Darkstone Periapt":27,"Lantern":38,"Torii":35,"Happy Flower":55,"Vajra":35,"The Courier":35,"Letter Opener":50,"MawBank":24,"White Beast Statue":66,"Calling Bell":35,"Bronze Scales":16,"Gambling Chip":21,"Bird Faced Urn":38,"Cracked Core":0,"StrikeDummy":21}]},"card_choices":[{"not_picked":["Barrage","Hologram"],"picked":"Coolheaded","floor":0},{"not_picked":["Steam","Coolheaded"],"picked":"Go for the Eyes","floor":1},{"not_picked":["Heatsinks","Self Repair"],"picked":"Static Discharge","floor":3},{"not_picked":["Ball Lightning","Rebound"],"picked":"Defragment","floor":5},{"not_picked":["Coolheaded","Loop"],"picked":"Compile Driver","floor":6},{"not_picked":["Streamline","Core Surge"],"picked":"Defragment","floor":7},{"not_picked":["Stack","Undo"],"picked":"Hologram","floor":11},{"not_picked":["Darkness","Scrape"],"picked":"Stack","floor":14},{"not_picked":["Creative AI","Hyperbeam"],"picked":"Seek","floor":16},{"not_picked":["Redo","Streamline+1"],"picked":"Conserve Battery","floor":18},{"not_picked":["Scrape","Undo"],"picked":"Turbo","floor":21},{"not_picked":["Amplify","Blizzard"],"picked":"Beam Cell+1","floor":22},{"not_picked":["Coolheaded+1","Gash"],"picked":"Capacitor","floor":23},{"not_picked":["Leap","Steam+1"],"picked":"Creative AI","floor":25},{"not_picked":["Beam Cell","Force Field"],"picked":"Turbo+1","floor":27},{"not_picked":["Beam Cell","Hello World","Conserve Battery"],"picked":"SKIP","floor":30},{"not_picked":["Redo","Rebound+1"],"picked":"Barrage+1","floor":31}],"player_experience":673131,"relics_obtained":[{"floor":6,"key":"Bronze Scales"},{"floor":9,"key":"StrikeDummy"},{"floor":13,"key":"MawBank"},{"floor":14,"key":"Darkstone Periapt"},{"floor":17,"key":"Vajra"},{"floor":17,"key":"The Courier"},{"floor":17,"key":"Torii"},{"floor":23,"key":"Letter Opener"},{"floor":25,"key":"Happy Flower"},{"floor":30,"key":"White Beast Statue"}],"event_choices":[{"damage_healed":0,"gold_gain":0,"player_choice":"Entered Light","damage_taken":15,"max_hp_gain":0,"max_hp_loss":0,"event_name":"Shining Light","floor":4,"gold_loss":0,"cards_upgraded":["Strike_B","Static Discharge"]},{"damage_healed":0,"gold_gain":0,"player_choice":"Searched \u00272\u0027 times","damage_taken":0,"relics_obtained":["Gambling Chip"],"max_hp_gain":0,"max_hp_loss":0,"event_name":"Dead Adventurer","floor":10,"gold_loss":0},{"damage_healed":0,"gold_gain":0,"player_choice":"Ignored","damage_taken":0,"max_hp_gain":0,"max_hp_loss":0,"event_name":"Ghosts","floor":19,"gold_loss":0},{"damage_healed":27,"gold_gain":0,"player_choice":"Heal","damage_taken":0,"max_hp_gain":0,"max_hp_loss":0,"event_name":"The Library","floor":28,"gold_loss":0}],"is_beta":false,"boss_relics":[{"not_picked":["Snecko Eye","Fusion Hammer"],"picked":"Calling Bell"}],"items_purged_floors":[],"is_endless":false,"potions_floor_spawned":[5,7,14,16,18,23,25,30,31],"killed_by":"Automaton","ascension_level":11}}