{"host":"p9vmbvw2hh2n16dn","time":1612393621,"event":{"mods":["AchievementEnabler","BaseMod","Block Reminder","Minty Spire (QoL Compilation)","Relic Stats","SuperFastMode"],"gold_per_floor":[134,169,184,184,224,224,279,29,54,94,474,59,59,74,74,199,199,214,229,229,4,29,29],"floor_reached":22,"language":"ENG","playtime":777,"items_purged":[],"score":196,"play_id":"8d3b8e29-0326-4755-85b2-4f59f32202ee","local_time":"20210204000701","daily_mods":["Allstar","Purple Cards","Lethality"],"is_ascension_mode":false,"campfire_choices":[{"data":"Apotheosis","floor":6,"key":"SMITH"},{"data":"Bandage Up","floor":15,"key":"SMITH"}],"circlet_count":0,"master_deck":["Strike_B","Strike_B","Strike_B","Strike_B","Defend_B","Defend_B","Defend_B","Defend_B","Zap","Dualcast","Bandage Up+1","Apotheosis+1","Secret Weapon","Secret Technique","HandOfGreed+1","Ball Lightning","Defragment+1","ThirdEye","Leap","Dramatic Entrance+1","Echo Form"],"relics":["Cracked Core","Ornamental Fan","Molten Egg 2","Omamori","Old Coin","Nunchaku","Runic Capacitor","Nuclear Battery","Lantern"],"acts_visited":["Exordium","TheCity"],"potions_floor_usage":[7,11,22,22],"damage_taken":[{"damage":0,"enemies":"Cultist","floor":1,"turns":2},{"damage":0,"enemies":"2 Louse","floor":2,"turns":1},{"damage":4,"enemies":"Jaw Worm","floor":3,"turns":3},{"damage":0,"enemies":"Large Slime","floor":5,"turns":3},{"damage":9,"enemies":"Gremlin Nob","floor":7,"turns":3},{"damage":8,"enemies":"Red Slaver","floor":10,"turns":2},{"damage":20,"enemies":"3 Sentries","floor":11,"turns":8},{"damage":0,"enemies":"Lots of Slimes","floor":14,"turns":1},{"damage":17,"enemies":"The Guardian","floor":16,"turns":11},{"damage":30,"enemies":"Spheric Guardian","floor":18,"turns":5},{"damage":39,"enemies":"2 Thieves","floor":19,"turns":3},{"damage":26,"enemies":"Sentry and Sphere","floor":22,"turns":3}],"seed_played":"4031875728642390749","potions_obtained":[{"floor":2,"key":"SkillPotion"},{"floor":5,"key":"BlessingOfTheForge"},{"floor":16,"key":"BlessingOfTheForge"}],"is_trial":false,"path_per_floor":["M","M","M","?","M","R","E","$","T","M","E","$","?","M","R","B",null,"M","M","?","$","M"],"character_chosen":"DEFECT","items_purchased":["Molten Egg 2","Nunchaku","Runic Capacitor","Leap","Dramatic Entrance+1","Regen Potion","Lantern"],"campfire_rested":0,"item_purchase_floors":[8,12,12,12,12,21,21],"current_hp_per_floor":[75,75,75,75,75,75,66,66,66,64,50,50,50,50,50,39,75,45,18,12,12,0,0],"gold":29,"neow_bonus":"","is_daily":true,"chose_seed":false,"campfire_upgraded":2,"win_rate":0.0,"timestamp":1612393621,"path_taken":["M","M","?","?","M","R","E","?","T","M","E","$","?","M","R","BOSS","M","M","?","$","?"],"items_purchased_type":["Relic","Relic","Relic","Card","Card","Potion","Relic"],"build_version":"2020-12-22","purchased_purges":0,"victory":false,"max_hp_per_floor":[75,75,75,75,75,75,75,75,75,75,75,75,75,75,75,75,75,75,75,75,75,75,75],"relic_stats":{"Nunchaku":[2],"counters":[12,45],"Ornamental Fan":[12],"obtain_stats":[{"Nunchaku":12,"Lantern":21,"Ornamental Fan":7,"Molten Egg 2":8,"Omamori":9,"Runic Capacitor":12,"Cracked Core":0,"Old Coin":11,"Nuclear Battery":17},{"Nunchaku":7,"Lantern":11,"Ornamental Fan":5,"Molten Egg 2":5,"Omamori":5,"Runic Capacitor":7,"Cracked Core":0,"Old Coin":7,"Nuclear Battery":9},{"Nunchaku":22,"Lantern":42,"Ornamental Fan":12,"Molten Egg 2":12,"Omamori":12,"Runic Capacitor":22,"Cracked Core":0,"Old Coin":22,"Nuclear Battery":34}]},"card_choices":[{"not_picked":["Conserve Battery","Coolheaded","Stack"],"picked":"SKIP","floor":1},{"not_picked":["ClearTheMind","Swivel"],"picked":"Ball Lightning","floor":2},{"not_picked":["Lockon","Cold Snap","Coolheaded"],"picked":"SKIP","floor":3},{"not_picked":["Halt","Crescendo","Double Energy"],"picked":"SKIP","floor":5},{"not_picked":["Sanctity","Devotion"],"picked":"Defragment","floor":7},{"not_picked":["Consume","Aggregate","Meditate"],"picked":"SKIP","floor":10},{"not_picked":["Redo","Lockon+1"],"picked":"ThirdEye","floor":11},{"not_picked":["Redo","Crescendo","Loop"],"picked":"SKIP","floor":14},{"not_picked":["Rainbow","All For One+1"],"picked":"Echo Form","floor":16},{"not_picked":["SashWhip+1","Go for the Eyes+1","Steam+1"],"picked":"SKIP","floor":18},{"not_picked":["Beam Cell+1","White Noise","Conserve Battery"],"picked":"SKIP","floor":19}],"player_experience":295924,"relics_obtained":[{"floor":7,"key":"Ornamental Fan"},{"floor":9,"key":"Omamori"},{"floor":11,"key":"Old Coin"}],"event_choices":[{"damage_healed":0,"gold_gain":0,"player_choice":"Grow","damage_taken":0,"max_hp_gain":0,"max_hp_loss":0,"event_name":"Living Wall","floor":4,"gold_loss":0,"cards_upgraded":["HandOfGreed"]},{"damage_healed":0,"gold_gain":0,"player_choice":"Upgraded","damage_taken":0,"max_hp_gain":0,"max_hp_loss":0,"event_name":"Upgrade Shrine","floor":13,"gold_loss":0,"cards_upgraded":["Defragment"]},{"damage_healed":0,"gold_gain":0,"player_choice":"","damage_taken":6,"max_hp_gain":0,"max_hp_loss":0,"event_name":"Knowing Skull","floor":20,"potions_obtained":[],"gold_loss":0,"cards_obtained":[]}],"is_beta":false,"boss_relics":[{"not_picked":["Busted Crown","Snecko Eye"],"picked":"Nuclear Battery"}],"items_purged_floors":[],"is_endless":false,"potions_floor_spawned":[2,5,16],"killed_by":"Sentry and Sphere","ascension_level":0}}