{"host":"z6njximyrdjatu5u","time":1612320338,"event":{"mods":["Act Like it!","Bard","BaseMod","Block Reminder","Colored Map","Colored Powertips","Conspire","Downfall","Duelist Mod","Elementarium","GifTheSpireLib","Hallownest","Hermit","Highlight Path","Minty Spire (QoL Compilation)","Permanent Neow","Potionbrewer","READ ME - Guardian Mod","Rare Cards Sparkle","Replay The Spire","Shade Mod","Spicy Shops","StSLib","The Bug Knight","The Construct","The Cursed","The Disciple","The Florist","The Gatherer","The Hayseed","The Hierophant","The Jungle"],"gold_per_floor":[116,116,116,128,145,145,172,172,196,371,371,4,4,17,17,17,17],"floor_reached":16,"language":"ENG","playtime":952,"items_purged":[],"score":98,"play_id":"3de75fb3-8562-46c7-9aab-3dcc417caded","local_time":"20210202214538","is_ascension_mode":false,"campfire_choices":[{"data":"Agrypnos:Fertilize","floor":6,"key":"SMITH"},{"data":"Agrypnos:Trowel","floor":8,"key":"SMITH"},{"floor":13,"key":"REST"},{"data":"Slimebound:RainOfGoop","floor":15,"key":"SMITH"}],"circlet_count":0,"master_deck":["Agrypnos:BasicStrike","Agrypnos:BasicStrike","Agrypnos:BasicStrike","Agrypnos:BasicStrike","Agrypnos:BasicDefend","Agrypnos:BasicDefend","Agrypnos:BasicDefend","Agrypnos:BasicDefend","Agrypnos:Dandelion","Agrypnos:Trowel+1","Agrypnos:Rake","Agrypnos:Fertilize+1","sneckomod:UnknownClassTHE_CHAMP_GRAY","Doubt","Agrypnos:Fertilize","Agrypnos:Fertilize","Slimebound:RainOfGoop+1"],"relics":["Agrypnos:Floristry","PrismaticShard","Juzu Bracelet","Ancient Tea Set","Omamori","Orichalcum"],"acts_visited":["Exordium"],"potions_floor_usage":[7,16],"damage_taken":[{"damage":0,"enemies":"conspire:RoseBush","floor":1,"turns":3},{"damage":0,"enemies":"Cultist","floor":4,"turns":5},{"damage":0,"enemies":"Small Slimes","floor":5,"turns":4},{"damage":31,"enemies":"Gremlin Nob","floor":7,"turns":5},{"damage":2,"enemies":"Looter","floor":14,"turns":4},{"damage":60,"enemies":"Slime Boss","floor":16,"turns":11}],"seed_played":"-3826515177478021421","potions_obtained":[{"floor":5,"key":"Adrenaline Potion"},{"floor":7,"key":"EssenceOfSteel"}],"is_trial":false,"path_per_floor":["M","?","?","M","M","R","E","R","T","?","?","$","R","M","R","B"],"character_chosen":"THE_FLORIST","items_purchased":["Omamori","Orichalcum","Agrypnos:Fertilize"],"campfire_rested":1,"item_purchase_floors":[12,12,12],"current_hp_per_floor":[70,70,70,70,70,70,39,39,39,39,39,39,60,58,58,0,0],"gold":17,"neow_bonus":"THREE_CARDS","is_daily":false,"chose_seed":false,"campfire_upgraded":3,"win_rate":0.0,"timestamp":1612320338,"path_taken":["M","?","?","?","M","R","E","R","T","?","?","$","R","M","R","BOSS"],"items_purchased_type":["Relic","Relic","Card"],"build_version":"2020-12-22","purchased_purges":0,"victory":false,"max_hp_per_floor":[70,70,70,70,70,70,70,70,70,70,70,70,70,70,70,70,70],"card_choices":[{"not_picked":["Agrypnos:CombTheEarth","Agrypnos:FloralScent"],"picked":"Agrypnos:Rake","floor":0},{"not_picked":["Agrypnos:Watering","Agrypnos:MorningGlory"],"picked":"Agrypnos:Fertilize","floor":1},{"not_picked":["theDuelist:GadgetSoldier","hexamod:FastForward","theDuelist:FishborgPlanter"],"picked":"SKIP","floor":4},{"not_picked":["theDuelist:BlockSpider","Gatherer:EnergyBasket","bronze:DelayedSlice"],"picked":"SKIP","floor":5},{"not_picked":["theDuelist:FusionDevourer","theDuelist:Wightprincess"],"picked":"sneckomod:UnknownClassTHE_CHAMP_GRAY","floor":7},{"not_picked":["theDuelist:ShallowGrave","theDuelist:PotMetronome"],"picked":"Slimebound:RainOfGoop","floor":14}],"player_experience":246137,"relics_obtained":[{"floor":7,"key":"Juzu Bracelet"},{"floor":9,"key":"Ancient Tea Set"}],"event_choices":[{"cards_removed":["downfall:Malfunctioning"],"damage_healed":0,"gold_gain":0,"player_choice":"Removed Curses","damage_taken":0,"max_hp_gain":0,"max_hp_loss":0,"event_name":"Fountain of Cleansing","floor":3,"gold_loss":0},{"damage_healed":0,"gold_gain":175,"player_choice":"AGREE","damage_taken":0,"max_hp_gain":0,"max_hp_loss":0,"event_name":"Liars Game","floor":10,"gold_loss":0,"cards_obtained":["Doubt"]},{"damage_healed":0,"gold_gain":0,"player_choice":"Ignored","damage_taken":0,"max_hp_gain":0,"max_hp_loss":0,"event_name":"Shining Light","floor":11,"gold_loss":0}],"is_beta":false,"boss_relics":[],"items_purged_floors":[],"is_endless":false,"potions_floor_spawned":[5,7],"killed_by":"Slime Boss","ascension_level":0}}