{"host":"eebsr5bfap1y39p2","time":1612323597,"event":{"mods":["AchievementEnabler","BaseMod","Colored Map","Minty Spire (QoL Compilation)","StSLib","SuperFastMode"],"gold_per_floor":[109,109,119,131,142,67,67,101,101,128,128,128,139,156,156,156,156],"floor_reached":16,"language":"KOR","playtime":281,"items_purged":["Defend_P"],"score":157,"play_id":"cf7d8bf9-a808-4ae5-8391-c1e84419b2ac","local_time":"20210202223957","is_ascension_mode":true,"campfire_choices":[{"data":"Eruption","floor":7.0,"key":"SMITH"},{"floor":12.0,"key":"REST"},{"floor":15.0,"key":"REST"}],"circlet_count":0,"master_deck":["Strike_P","Strike_P","Strike_P","Defend_P","Defend_P","Defend_P","Eruption+1","Vigilance","FearNoEvil","FlurryOfBlows","Adaptation"],"relics":["PureWater","NeowsBlessing","Gremlin Horn","Pantograph","Pear"],"acts_visited":["Exordium"],"potions_floor_usage":[],"damage_taken":[{"damage":0.0,"enemies":"Cultist","floor":1.0,"turns":1.0},{"damage":0.0,"enemies":"Jaw Worm","floor":3.0,"turns":1.0},{"damage":0.0,"enemies":"Small Slimes","floor":4.0,"turns":2.0},{"damage":6.0,"enemies":"2 Fungi Beasts","floor":5.0,"turns":3.0},{"damage":35.0,"enemies":"Lagavulin","floor":8.0,"turns":6.0},{"damage":16.0,"enemies":"Gremlin Nob","floor":10.0,"turns":3.0},{"damage":5.0,"enemies":"Blue Slaver","floor":13.0,"turns":2.0},{"damage":0.0,"enemies":"Exordium Wildlife","floor":14.0,"turns":2.0},{"damage":86,"enemies":"Hexaghost","floor":16,"turns":11}],"seed_played":"-6704325326249601182","potions_obtained":[{"floor":3.0,"key":"StancePotion"},{"floor":4.0,"key":"AttackPotion"},{"floor":8.0,"key":"ColorlessPotion"},{"floor":10.0,"key":"Fire Potion"}],"is_trial":false,"path_per_floor":["M","?","M","M","M","$","R","E","T","E","?","R","M","M","R","B"],"character_chosen":"WATCHER","items_purchased":[],"campfire_rested":2,"item_purchase_floors":[],"current_hp_per_floor":[65,65,65,65,59,59,59,24,24,18,18,42,37,37,61,0,0],"gold":156,"neow_bonus":"THREE_ENEMY_KILL","is_daily":false,"chose_seed":false,"campfire_upgraded":1,"win_rate":0.0,"timestamp":1612323597,"path_taken":["M","?","M","M","M","$","R","E","T","E","?","R","M","M","R","BOSS"],"items_purchased_type":[],"build_version":"2020-12-22","purchased_purges":1,"victory":false,"max_hp_per_floor":[72,72,72,72,72,72,72,72,72,82,82,82,82,82,82,82,82],"card_choices":[{"not_picked":["ThirdEye","Halt","Nirvana"],"picked":"SKIP","floor":1.0},{"not_picked":["ThirdEye","Crescendo"],"picked":"FearNoEvil","floor":3.0},{"not_picked":["Fasting2","DeceiveReality"],"picked":"FlurryOfBlows","floor":4.0},{"not_picked":["BattleHymn","Swivel","Indignation"],"picked":"SKIP","floor":5.0},{"not_picked":["ForeignInfluence","Halt","CutThroughFate"],"picked":"SKIP","floor":8.0},{"not_picked":["CarveReality","WaveOfTheHand","FlurryOfBlows"],"picked":"SKIP","floor":10.0},{"not_picked":["WindmillStrike","DeceiveReality"],"picked":"Adaptation","floor":13.0},{"not_picked":["Evaluate","Halt","CrushJoints"],"picked":"SKIP","floor":14.0}],"player_experience":395058,"relics_obtained":[{"floor":8.0,"key":"Gremlin Horn"},{"floor":9.0,"key":"Pantograph"},{"floor":10.0,"key":"Pear"}],"event_choices":[{"damage_healed":0.0,"max_hp_gain":0.0,"max_hp_loss":0.0,"gold_gain":0.0,"event_name":"Liars Game","player_choice":"Ignored","floor":2.0,"gold_loss":0.0,"damage_taken":0.0},{"cards_removed":["Strike_P"],"damage_healed":0.0,"max_hp_gain":0.0,"max_hp_loss":0.0,"gold_gain":0.0,"event_name":"Bonfire Elementals","player_choice":"Offered Basic","floor":11.0,"gold_loss":0.0,"damage_taken":0.0}],"is_beta":false,"boss_relics":[],"items_purged_floors":[6],"is_endless":false,"potions_floor_spawned":[3,4,8,10,13],"killed_by":"Hexaghost","ascension_level":8}}