{"host":"bp7a3q7zh5ljfuif","time":1612389218,"event":{"mods":["Ascension Reborn","Aspiration","Bard","BaseMod","Become a monster 百变怪","Colored Powertips","Conspire","Downfall","Gremlin Mod","Hunter 猎人","Jedi Mod","LagranYue(拉格朗・月)","Minty Spire (QoL Compilation)","Potion Indicator Mod","Quarter Circle Forward PUNCH!","Replay The Spire","RumiaBox-露米娅的神秘盒子","SIMod","Shop Mod","Spicy Shops","StSLib","TestMod","The Bladedancer","The Construct","The Gatherer","The Hierophant","The Poker Player","The Runesmith","The Servant 0.9.4","Uncapped","WarShipGirlsR/战舰少女R mod","Warlord Emblem","Youmu（魂魄妖梦）","Yuri Mod","Yuyuko"],"gold_per_floor":[99,111,24,35,47,60,60,79,99,99,110,10,22,22,35,136,136,136,150,150,176,194,204,259,159,159,159,159,159,159,159],"floor_reached":29,"language":"ZHS","playtime":1621,"items_purged":[],"score":294,"play_id":"6fc4a16a-744f-4fd1-b45b-373c2bb97915","local_time":"20210204055338","is_ascension_mode":true,"campfire_choices":[{"floor":1,"key":"RECALL"},{"data":"Slimebound:Split","floor":10,"key":"SMITH"},{"floor":12,"key":"REST"},{"data":"Slimebound:SelfFormingGoo","floor":18,"key":"SMITH"},{"floor":25,"key":"REST"},{"data":"Slimebound:CorrosiveSpit","floor":27,"key":"SMITH"}],"circlet_count":0,"master_deck":["Slimebound:Strike_Slimebound","Slimebound:Strike_Slimebound","Slimebound:Strike_Slimebound","Slimebound:Tackle","Slimebound:Defend_Slimebound","Slimebound:Defend_Slimebound","Slimebound:Defend_Slimebound","Slimebound:Defend_Slimebound","Slimebound:Split+1","Slimebound:CorrosiveSpit+1","Slimebound:LeechEnergy","Slimebound:SpikyOuterGoop","Slimebound:SplitMire","Slimebound:SpikyOuterGoop","Slimebound:PressTheAttack","Slimebound:Gluttony","Slimebound:LevelUp","Slimebound:SplitLeeching","Slimebound:SplitBruiser","Slimebound:LivingWall","Slimebound:SlimeBarrage","Slimebound:SelfFormingGoo+1","Slimebound:SplitMire","Slimebound:LevelUp+1","Slimebound:SplitBruiser+1","Spreading Infection"],"relics":["Slimebound:AbsorbEndCombat","testmod-TestBox","LagranYue:RandomDrawCardRelic","aspiration:HatOfInfinitePower","downfall:HeartBlessingRed","testmod-SaigiyounoYou","aspiration:Lifesprig","downfall:HeartBlessingBlue","Ring of Hypnosis","ReplayTheSpireMod:Ring of Collecting"],"acts_visited":["Exordium","TheCity"],"potions_floor_usage":[],"damage_taken":[{"damage":0,"enemies":"Cultist","floor":2,"turns":4},{"damage":5,"enemies":"downfall:FleeingMerchant","floor":3,"turns":4},{"damage":10,"enemies":"conspire:RoseBush","floor":4,"turns":2},{"damage":3,"enemies":"Small Slimes","floor":5,"turns":3},{"damage":5,"enemies":"conspire:2 RoseBushes","floor":6,"turns":5},{"damage":14,"enemies":"Large Slime","floor":8,"turns":6},{"damage":16,"enemies":"2 Fungi Beasts","floor":9,"turns":4},{"damage":16,"enemies":"Red Slaver","floor":11,"turns":5},{"damage":31,"enemies":"Large Slime","floor":13,"turns":5},{"damage":9,"enemies":"2 Fungi Beasts","floor":15,"turns":2},{"damage":0,"enemies":"SI_SHIV_ARCHETYPE","floor":16,"turns":5},{"damage":15,"enemies":"Chosen","floor":19,"turns":6},{"damage":31,"enemies":"3 Byrds","floor":22,"turns":6},{"damage":62,"enemies":"Cultist and Chosen","floor":23,"turns":7},{"damage":88,"enemies":"3 Cultists","floor":29,"turns":5}],"seed_played":"7364258367724895677","potions_obtained":[{"floor":2,"key":"BlessingOfTheForge"},{"floor":8,"key":"jedi:wingpotion"},{"floor":11,"key":"Elixir"},{"floor":22,"key":"champ:CounterPotion"}],"is_trial":false,"path_per_floor":["R","M","$","M","M","M","T","M","M","R","M","R","M","?","M","B",null,"R","M","?","T","M","M","T","R","?","R","?","M"],"character_chosen":"SLIMEBOUND","items_purchased":["Slimebound:SplitMire"],"campfire_rested":2,"item_purchase_floors":[3],"current_hp_per_floor":[71,71,70,66,67,68,68,62,50,50,38,59,36,36,31,39,71,71,71,71,71,67,23,23,57,57,57,57,0,0,0],"gold":159,"neow_bonus":"TEN_PERCENT_HP_BONUS","is_daily":false,"chose_seed":false,"campfire_upgraded":3,"win_rate":0.0,"timestamp":1612389218,"path_taken":["R","M","?","M","M","M","T","M","M","R","M","R","M","?","M","BOSS","R","M","?","?","M","M","T","R","?","R","?","?"],"items_purchased_type":["Card"],"build_version":"2020-12-22","purchased_purges":0,"victory":false,"max_hp_per_floor":[71,71,71,71,71,71,71,71,71,71,71,71,71,71,71,71,71,71,71,71,71,71,71,71,81,81,81,81,81,81,81],"card_choices":[{"not_picked":["Slimebound:DisruptingSlam","Slimebound:SplitAcid"],"picked":"Slimebound:LeechEnergy","floor":2},{"not_picked":["Slimebound:FinishingTackle","Slimebound:FormOfPuddle"],"picked":"Slimebound:SpikyOuterGoop","floor":3},{"not_picked":["Slimebound:Replication","Slimebound:HauntingLick"],"picked":"Slimebound:SpikyOuterGoop","floor":4},{"not_picked":["Slimebound:LivingWall","Slimebound:LeechingTouch"],"picked":"Slimebound:PressTheAttack","floor":5},{"not_picked":["Slimebound:HauntingLick","Slimebound:TongueLash"],"picked":"Slimebound:Gluttony","floor":6},{"not_picked":["Slimebound:LivingWall","Slimebound:SplitBruiser"],"picked":"Slimebound:LevelUp","floor":8},{"not_picked":["Slimebound:Nibble","Slimebound:SplitAcid"],"picked":"Slimebound:SplitLeeching","floor":9},{"not_picked":["Slimebound:FormOfPuddle","Slimebound:Overexert","Slimebound:GrowthPunch"],"picked":"SKIP","floor":11},{"not_picked":["Slimebound:FinishingTackle","Slimebound:Prepare"],"picked":"Slimebound:SplitBruiser","floor":13},{"not_picked":[],"picked":"Slimebound:LivingWall","floor":14},{"not_picked":["Slimebound:Chomp","Slimebound:Prepare"],"picked":"Slimebound:SlimeBarrage","floor":15},{"not_picked":["Slimebound:RallyTheTroops","Slimebound:MassRepurpose"],"picked":"Slimebound:SelfFormingGoo","floor":16},{"not_picked":["Slimebound:FinishingTackle+1","Slimebound:HauntingLick"],"picked":"Slimebound:SplitMire","floor":19},{"not_picked":["Slimebound:Schlurp","Slimebound:ComboTackle+1"],"picked":"Slimebound:LevelUp+1","floor":22},{"not_picked":["Slimebound:BestDefense","Slimebound:LeadByExample"],"picked":"Slimebound:SplitBruiser+1","floor":23}],"player_experience":132442,"relics_obtained":[{"floor":7,"key":"aspiration:HatOfInfinitePower"},{"floor":21,"key":"aspiration:Lifesprig"},{"floor":28,"key":"Ring of Hypnosis"},{"floor":28,"key":"ReplayTheSpireMod:Ring of Collecting"}],"event_choices":[],"is_beta":false,"boss_relics":[{"not_picked":["ChewingGum","testmod-StringDisintegrator"],"picked":"testmod-SaigiyounoYou"}],"items_purged_floors":[],"is_endless":false,"potions_floor_spawned":[2,8,11,13,22],"killed_by":"3 Cultists","ascension_level":0}}