{"host":"mi0eibewekhugwl1","time":1612357683,"event":{"mods":["AchievementEnabler","BaseMod","Colored Map","Colored Powertips","DeckTracker","Keyboard Shortcuts","Minty Spire (QoL Compilation)","Quick Restart","Rare Cards Sparkle","Relic Stats","StSLib","SuperFastMode","everything is the same but u backflip on backflip"],"gold_per_floor":[110,110,110,35,53,53,66,66,115,134,150,150,190,215,215,313,313,326,326,306,326,344,344,359,383,463,463,483,75,90,37,37,37,37,53,0,0,15,36,36,56,56,81,81,81,81],"floor_reached":45,"language":"KOR","playtime":1232,"items_purged":["Pain","Strike_G"],"score":938,"play_id":"8bb2b9e9-b53c-428d-bf4c-a5c6cd55a5e7","local_time":"20210203220803","is_ascension_mode":true,"campfire_choices":[{"data":"Cloak And Dagger","floor":6.0,"key":"SMITH"},{"data":"Envenom","floor":12.0,"key":"SMITH"},{"data":"Footwork","floor":15.0,"key":"SMITH"},{"floor":23.0,"key":"REST"},{"floor":32.0,"key":"REST"},{"floor":40,"key":"RECALL"}],"circlet_count":0,"master_deck":["AscendersBane","Strike_G","Strike_G","Defend_G+1","Defend_G","Defend_G+1","Survivor","Neutralize","Cloak And Dagger+1","Acrobatics","Cloak And Dagger+1","Envenom+1","Burst+1","Footwork+1","Corpse Explosion+1","Ghostly+1","Ghostly+1","Ghostly+1","Backflip+1","Choke","Blur+1","Dodge and Roll+1","Noxious Fumes","Prepared+1","Acrobatics+1","Blade Dance+1","Cloak And Dagger+1","Cloak And Dagger+1","The Bomb+1","Apotheosis+1"],"relics":["Ring of the Snake","Golden Idol","WarpedTongs","Toxic Egg 2","War Paint","InkBottle","Fusion Hammer","StrikeDummy","Paper Crane","Empty Cage","Red Mask"],"acts_visited":["Exordium","TheCity","TheBeyond"],"potions_floor_usage":[45],"damage_taken":[{"damage":2.0,"enemies":"Jaw Worm","floor":1.0,"turns":8.0},{"damage":0.0,"enemies":"2 Louse","floor":5.0,"turns":4.0},{"damage":0.0,"enemies":"Cultist","floor":7.0,"turns":3.0},{"damage":9.0,"enemies":"Exordium Thugs","floor":10.0,"turns":6.0},{"damage":4.0,"enemies":"2 Fungi Beasts","floor":11.0,"turns":4.0},{"damage":22.0,"enemies":"3 Sentries","floor":13.0,"turns":9.0},{"damage":0.0,"enemies":"Blue Slaver","floor":14.0,"turns":3.0},{"damage":6.0,"enemies":"Hexaghost","floor":16.0,"turns":11.0},{"damage":0.0,"enemies":"3 Byrds","floor":18.0,"turns":2.0},{"damage":7.0,"enemies":"Chosen","floor":21.0,"turns":7.0},{"damage":3.0,"enemies":"3 Cultists","floor":22.0,"turns":4.0},{"damage":8.0,"enemies":"Chosen and Byrds","floor":24.0,"turns":9.0},{"damage":1.0,"enemies":"Centurion and Healer","floor":25.0,"turns":11.0},{"damage":0.0,"enemies":"3 Cultists","floor":28.0,"turns":5.0},{"damage":0.0,"enemies":"Cultist and Chosen","floor":30.0,"turns":3.0},{"damage":3.0,"enemies":"Collector","floor":33.0,"turns":9.0},{"damage":0,"enemies":"3 Shapes","floor":35,"turns":5},{"damage":1,"enemies":"Orb Walker","floor":38,"turns":5},{"damage":0,"enemies":"3 Darklings","floor":39,"turns":3},{"damage":0,"enemies":"Maw","floor":41,"turns":8},{"damage":18,"enemies":"Reptomancer","floor":45,"turns":6}],"seed_played":"-6971596470760267654","potions_obtained":[{"floor":1.0,"key":"FearPotion"},{"floor":5.0,"key":"LiquidMemories"},{"floor":10.0,"key":"SneckoOil"},{"floor":11.0,"key":"SpeedPotion"},{"floor":18.0,"key":"Weak Potion"},{"floor":20.0,"key":"Dexterity Potion"},{"floor":22.0,"key":"DistilledChaos"},{"floor":41,"key":"PowerPotion"}],"is_trial":false,"path_per_floor":["M","?","?","$","M","R","M","T","T","M","M","R","E","M","R","B",null,"M","?","?","M","M","R","M","M","T","?","M","$","M","$","R","B",null,"M","?","?","M","M","R","M","$","T","?","E"],"character_chosen":"THE_SILENT","items_purchased":["Paper Crane","Prepared+1","Blade Dance+1"],"campfire_rested":2,"item_purchase_floors":[29,29,31],"current_hp_per_floor":[57,57,57,57,57,57,57,57,57,48,44,44,22,22,22,16,49,49,30,30,23,20,29,21,20,20,20,20,20,20,20,29,26,29,29,29,29,28,28,28,28,28,28,18,0,0],"gold":81,"neow_bonus":"REMOVE_CARD","is_daily":false,"chose_seed":false,"campfire_upgraded":3,"win_rate":0.0,"timestamp":1612357683,"path_taken":["M","?","?","$","M","R","?","?","T","M","M","R","E","M","R","BOSS","M","?","?","?","M","R","M","M","T","?","M","$","?","$","R","BOSS","M","?","?","?","M","R","?","?","T","?","E"],"items_purchased_type":["Relic","Card","Card"],"build_version":"2020-12-22","purchased_purges":2,"victory":false,"max_hp_per_floor":[66,60,60,60,60,60,60,60,60,60,60,60,60,60,60,60,60,60,30,30,30,30,30,30,30,30,30,30,30,30,30,30,30,30,30,30,30,30,30,30,30,30,30,30,30,30],"relic_stats":{"counters":[21,125],"Golden Idol":105,"War Paint":["Defend_G","Defend_G"],"obtain_stats":[{"Golden Idol":2,"Fusion Hammer":17,"Red Mask":36,"Toxic Egg 2":8,"War Paint":9,"Paper Crane":29,"StrikeDummy":26,"Empty Cage":34,"InkBottle":13,"Ring of the Snake":0,"WarpedTongs":3},{"Golden Idol":1,"Fusion Hammer":8,"Red Mask":17,"Toxic Egg 2":3,"War Paint":3,"Paper Crane":14,"StrikeDummy":13,"Empty Cage":16,"InkBottle":6,"Ring of the Snake":0,"WarpedTongs":1},{"Golden Idol":8,"Fusion Hammer":48,"Red Mask":103,"Toxic Egg 2":15,"War Paint":15,"Paper Crane":86,"StrikeDummy":81,"Empty Cage":98,"InkBottle":34,"Ring of the Snake":0,"WarpedTongs":8}],"InkBottle":[51],"Ring of the Snake":[42],"WarpedTongs":[102]},"card_choices":[{"not_picked":["Expertise","Flying Knee","Prepared"],"picked":"SKIP","floor":1.0},{"not_picked":["Footwork","Accuracy"],"picked":"Cloak And Dagger","floor":5.0},{"not_picked":["Heel Hook","Deflect","Acrobatics"],"picked":"SKIP","floor":7.0},{"not_picked":["Heel Hook","Deflect"],"picked":"Acrobatics","floor":7.0},{"not_picked":["Dodge and Roll+1","Deadly Poison+1"],"picked":"Cloak And Dagger+1","floor":10.0},{"not_picked":["Underhanded Strike","Backflip+1"],"picked":"Envenom","floor":11.0},{"not_picked":["Bouncing Flask+1","Underhanded Strike"],"picked":"Burst+1","floor":13.0},{"not_picked":["PiercingWail+1","Deflect+1"],"picked":"Footwork","floor":14.0},{"not_picked":["Storm of Steel+1","Glass Knife"],"picked":"Corpse Explosion+1","floor":16.0},{"not_picked":["Sucker Punch","Bane","Endless Agony"],"picked":"SKIP","floor":18.0},{"not_picked":["Deadly Poison+1","Caltrops"],"picked":"Backflip+1","floor":21.0},{"not_picked":["Acrobatics+1","Envenom"],"picked":"Choke","floor":22.0},{"not_picked":["Dodge and Roll+1","Skewer+1"],"picked":"Blur+1","floor":24.0},{"not_picked":["Finisher+1","Slice+1"],"picked":"Dodge and Roll+1","floor":25.0},{"not_picked":["Caltrops","Deflect+1"],"picked":"Noxious Fumes","floor":28.0},{"not_picked":["Prepared+1","Outmaneuver+1"],"picked":"Acrobatics+1","floor":30.0},{"not_picked":["Underhanded Strike","Dagger Spray+1"],"picked":"Cloak And Dagger+1","floor":35},{"not_picked":["Bane","Sucker Punch"],"picked":"Cloak And Dagger+1","floor":38},{"not_picked":["Quick Slash","Storm of Steel+1","Poisoned Stab"],"picked":"SKIP","floor":39},{"not_picked":["Choke+1","Expertise+1","Poisoned Stab"],"picked":"SKIP","floor":41},{"not_picked":["Dark Shackles+1","Purity+1"],"picked":"The Bomb+1","floor":44},{"not_picked":["Mayhem","Discovery+1"],"picked":"Apotheosis+1","floor":44}],"player_experience":1774204,"relics_obtained":[{"floor":8.0,"key":"Toxic Egg 2"},{"floor":9.0,"key":"War Paint"},{"floor":13.0,"key":"InkBottle"},{"floor":26.0,"key":"StrikeDummy"}],"event_choices":[{"damage_healed":0.0,"max_hp_gain":0.0,"max_hp_loss":6.0,"gold_gain":0.0,"event_name":"Golden Idol","player_choice":"Lose Max HP","floor":2.0,"gold_loss":0.0,"damage_taken":0.0,"relics_obtained":["Golden Idol"]},{"damage_healed":0.0,"max_hp_gain":0.0,"max_hp_loss":0.0,"gold_gain":0.0,"event_name":"Accursed Blacksmith","player_choice":"Rummage","floor":3.0,"gold_loss":0.0,"damage_taken":0.0,"relics_obtained":["WarpedTongs"],"cards_obtained":["Pain"]},{"damage_healed":0.0,"max_hp_gain":0.0,"max_hp_loss":30.0,"gold_gain":0.0,"event_name":"Ghosts","player_choice":"Became a Ghost","floor":19.0,"gold_loss":0.0,"damage_taken":0.0,"cards_obtained":["Ghostly","Ghostly","Ghostly"]},{"damage_healed":0.0,"max_hp_gain":0.0,"max_hp_loss":0.0,"gold_gain":0.0,"event_name":"The Woman in Blue","player_choice":"Bought 1 Potion","floor":20.0,"gold_loss":0.0,"damage_taken":0.0},{"cards_removed":["Defend_G"],"damage_healed":0.0,"max_hp_gain":0.0,"max_hp_loss":0.0,"gold_gain":0.0,"event_name":"Purifier","player_choice":"Purged","floor":27.0,"gold_loss":0.0,"damage_taken":0.0},{"damage_healed":0,"gold_gain":0,"player_choice":"Paid","damage_taken":0,"relics_obtained":["Red Mask"],"max_hp_gain":0,"max_hp_loss":0,"event_name":"Tomb of Lord Red Mask","floor":36,"gold_loss":53},{"damage_healed":0,"gold_gain":0,"player_choice":"0 cards matched","damage_taken":0,"max_hp_gain":0,"max_hp_loss":0,"event_name":"Match and Keep!","floor":37,"gold_loss":0,"cards_obtained":[]},{"damage_healed":0,"gold_gain":0,"player_choice":"Memory 3","damage_taken":10,"max_hp_gain":0,"max_hp_loss":0,"event_name":"SensoryStone","floor":44,"gold_loss":0}],"is_beta":false,"boss_relics":[{"not_picked":["Ectoplasm","Runic Dome"],"picked":"Fusion Hammer"},{"not_picked":["Tiny House","Pandora\u0027s Box"],"picked":"Empty Cage"}],"items_purged_floors":[4,29],"is_endless":false,"potions_floor_spawned":[1,5,10,11,18,22,24,41],"killed_by":"Reptomancer","ascension_level":20}}