{"host":"vyjryxuuuxkt43k4","time":1612313401,"event":{"mods":["AchievementEnabler","BaseMod","Colored Map","DeckTracker","Keyboard Shortcuts","Minty Spire (QoL Compilation)","Permanent Neow","Quick Restart","Rare Cards Sparkle","Relic Stats","StSLib","SuperFastMode","everything is the same but u backflip on backflip"],"gold_per_floor":[118,118,131,146,42,42,72,72,97,97,97,130,148,159,159,233,233,213,138,150,50,65,65,78,78,78],"floor_reached":25,"language":"KOR","playtime":1051,"items_purged":["Strike_G","Strike_G"],"score":394,"play_id":"555b5e9c-17f6-4c96-96b6-cbf643892c2f","local_time":"20210203095001","is_ascension_mode":true,"campfire_choices":[{"data":"Noxious Fumes","floor":6.0,"key":"SMITH"},{"floor":8.0,"key":"DIG"},{"floor":11.0,"key":"DIG"},{"floor":15.0,"key":"REST"},{"data":"Venomology","floor":23.0,"key":"SMITH"}],"circlet_count":0,"master_deck":["AscendersBane","Strike_G+1","Strike_G","Strike_G","Defend_G","Defend_G","Defend_G+1","Defend_G","Defend_G","Survivor","Neutralize","Calculated Gamble","Eviscerate","Dagger Spray","Noxious Fumes+1","Deadly Poison","Bullet Time","Wraith Form v2","Catalyst","Venomology+1","Cloak And Dagger+1","Dodge and Roll","Acrobatics","Footwork"],"relics":["Ring of the Snake","Shovel","Oddly Smooth Stone","Pocketwatch","Juzu Bracelet","Blue Candle","Omamori","HoveringKite"],"acts_visited":["Exordium","TheCity"],"potions_floor_usage":[25],"damage_taken":[{"damage":4.0,"enemies":"Small Slimes","floor":1.0,"turns":6.0},{"damage":4.0,"enemies":"2 Louse","floor":3.0,"turns":4.0},{"damage":0.0,"enemies":"Cultist","floor":4.0,"turns":4.0},{"damage":7.0,"enemies":"Gremlin Nob","floor":7.0,"turns":3.0},{"damage":4.0,"enemies":"3 Sentries","floor":12.0,"turns":7.0},{"damage":17.0,"enemies":"Gremlin Gang","floor":13.0,"turns":4.0},{"damage":1.0,"enemies":"Blue Slaver","floor":14.0,"turns":4.0},{"damage":8.0,"enemies":"Slime Boss","floor":16.0,"turns":9.0},{"damage":8.0,"enemies":"2 Thieves","floor":18.0,"turns":4.0},{"damage":7.0,"enemies":"Chosen","floor":20.0,"turns":6.0},{"damage":7.0,"enemies":"Sentry and Sphere","floor":22.0,"turns":6.0},{"damage":21.0,"enemies":"Centurion and Healer","floor":24.0,"turns":7.0},{"damage":15,"enemies":"Slavers","floor":25,"turns":1}],"seed_played":"6495656508444733299","potions_obtained":[{"floor":3.0,"key":"Energy Potion"},{"floor":4.0,"key":"Strength Potion"},{"floor":12.0,"key":"Strength Potion"},{"floor":13.0,"key":"Block Potion"},{"floor":14.0,"key":"CunningPotion"},{"floor":22.0,"key":"Fire Potion"}],"is_trial":false,"path_per_floor":["M","?","M","M","$","R","E","R","T","?","R","E","M","M","R","B",null,"M","$","M","$","M","R","M","E"],"character_chosen":"THE_SILENT","items_purchased":["Noxious Fumes","Deadly Poison"],"campfire_rested":1,"item_purchase_floors":[5,5],"current_hp_per_floor":[55,37,33,33,33,33,26,26,26,46,46,42,25,24,42,34,54,46,46,39,39,32,32,11,0,0],"gold":78,"neow_bonus":"ONE_RARE_RELIC","is_daily":false,"chose_seed":false,"campfire_upgraded":2,"win_rate":0.0,"timestamp":1612313401,"path_taken":["M","?","M","M","$","R","E","R","T","?","R","E","M","M","R","BOSS","M","$","M","$","M","R","M","E"],"items_purchased_type":["Card","Card"],"build_version":"2020-12-22","purchased_purges":2,"victory":false,"max_hp_per_floor":[60,60,60,60,60,60,60,60,60,60,60,60,60,60,60,60,60,60,60,60,60,60,60,60,60,60],"relic_stats":{"Shovel":2,"counters":[13,65],"Blue Candle":[0],"HoveringKite":[6],"Juzu Bracelet":0,"obtain_stats":[{"Shovel":0,"Blue Candle":11,"Oddly Smooth Stone":7,"HoveringKite":17,"Juzu Bracelet":9,"Omamori":12,"Ring of the Snake":0,"Pocketwatch":8},{"Shovel":0,"Blue Candle":4,"Oddly Smooth Stone":4,"HoveringKite":8,"Juzu Bracelet":4,"Omamori":5,"Ring of the Snake":0,"Pocketwatch":4},{"Shovel":0,"Blue Candle":17,"Oddly Smooth Stone":17,"HoveringKite":41,"Juzu Bracelet":17,"Omamori":24,"Ring of the Snake":0,"Pocketwatch":17}],"Ring of the Snake":[26],"Pocketwatch":[45]},"card_choices":[{"not_picked":["Cloak And Dagger","Bane"],"picked":"Calculated Gamble","floor":1.0},{"not_picked":["Backflip","Blade Dance"],"picked":"Eviscerate","floor":3.0},{"not_picked":["Bane","Slice"],"picked":"Dagger Spray","floor":4.0},{"not_picked":["Terror","Dagger Spray"],"picked":"Bullet Time","floor":7.0},{"not_picked":["Blade Dance","Terror"],"picked":"Wraith Form v2","floor":12.0},{"not_picked":["Acrobatics","Leg Sweep"],"picked":"Catalyst","floor":13.0},{"not_picked":["Dagger Throw","Setup","Riddle With Holes"],"picked":"SKIP","floor":14.0},{"not_picked":["Unload","Storm of Steel"],"picked":"Venomology","floor":16.0},{"not_picked":["Quick Slash+1","Outmaneuver"],"picked":"Cloak And Dagger+1","floor":18.0},{"not_picked":["Bane","Dagger Spray"],"picked":"Dodge and Roll","floor":20.0},{"not_picked":["Dodge and Roll","Poisoned Stab"],"picked":"Acrobatics","floor":22.0},{"not_picked":["Quick Slash","Prepared"],"picked":"Footwork","floor":24.0}],"player_experience":639808,"relics_obtained":[{"floor":7.0,"key":"Oddly Smooth Stone"},{"floor":8.0,"key":"Pocketwatch"},{"floor":9.0,"key":"Juzu Bracelet"},{"floor":11.0,"key":"Blue Candle"},{"floor":12.0,"key":"Omamori"}],"event_choices":[{"damage_healed":0.0,"max_hp_gain":0.0,"max_hp_loss":0.0,"gold_gain":0.0,"event_name":"Shining Light","player_choice":"Entered Light","floor":2.0,"gold_loss":0.0,"damage_taken":18.0,"cards_upgraded":["Strike_G","Defend_G"]},{"damage_healed":20.0,"max_hp_gain":0.0,"max_hp_loss":0.0,"gold_gain":0.0,"event_name":"Big Fish","player_choice":"Banana","floor":10.0,"gold_loss":0.0,"damage_taken":0.0}],"is_beta":false,"boss_relics":[{"not_picked":["Black Star","Runic Dome"],"picked":"HoveringKite"}],"items_purged_floors":[19,21],"is_endless":false,"potions_floor_spawned":[3,4,12,13,14,22,24],"killed_by":"Slavers","ascension_level":17}}