{"host":"t7mx8yfj1no5p62f","time":1612371243,"event":{"mods":["BaseMod","Colored Map","Colored Powertips","Curses Come First","Minty Spire (QoL Compilation)","Relic Stats","StSLib"],"gold_per_floor":[112,129,146,10,10,39,39,57,57,68,94,114,126,160,160,239,239,254,179,198,198,218,248,248,259,285,108,108,119,151,184,184,262,262,275,275,286,311,323,359,359,402,402,402,421,66,88,117,117,117,117,117,117,28,72,72,72],"floor_reached":56,"language":"ENG","playtime":4038,"items_purged":["Strike_P","Strike_P","Defend_P"],"score":2513,"play_id":"0c5ccbc0-ada4-46fa-8a19-f6ee772a55c6","local_time":"20210203115403","is_ascension_mode":true,"campfire_choices":[{"data":"Tantrum","floor":15.0,"key":"SMITH"},{"data":"Adaptation","floor":24.0,"key":"SMITH"},{"floor":28.0,"key":"REST"},{"data":"Meditate","floor":32.0,"key":"SMITH"},{"data":"TalkToTheHand","floor":41.0,"key":"SMITH"},{"data":"Scrawl","floor":44.0,"key":"SMITH"},{"floor":49.0,"key":"RECALL"},{"data":"Nirvana","floor":53.0,"key":"SMITH"}],"circlet_count":0,"master_deck":["AscendersBane","Strike_P","Strike_P","Defend_P+1","Eruption+1","Vigilance+1","Crescendo+1","ReachHeaven+1","Tantrum+1","Adaptation+1","CutThroughFate+1","Weave+1","FollowUp","EmptyFist+1","Wireheading+1","ThirdEye+1","ThirdEye+1","Vault","JustLucky+1","Halt","Meditate+1","Evaluate","LessonLearned+1","EmptyMind+1","Weave","Nirvana+1","TalkToTheHand+1","Scrawl+1","CutThroughFate+1","TalkToTheHand+1","TalkToTheHand+1","Blind","TalkToTheHand+1"],"relics":["PureWater","Kunai","CaptainsWheel","Turnip","Bronze Scales","Philosopher\u0027s Stone","CloakClasp","Vajra","WingedGreaves","Prayer Wheel","Empty Cage","TungstenRod","CeramicFish","Strawberry","DollysMirror","Du-Vu Doll","Whetstone"],"acts_visited":["Exordium","TheCity","TheBeyond","TheEnding"],"potions_floor_usage":[56,56],"damage_taken":[{"damage":0.0,"enemies":"Jaw Worm","floor":1.0,"turns":6.0},{"damage":0.0,"enemies":"2 Louse","floor":2.0,"turns":5.0},{"damage":0.0,"enemies":"Cultist","floor":3.0,"turns":3.0},{"damage":37.0,"enemies":"3 Sentries","floor":6.0,"turns":6.0},{"damage":0.0,"enemies":"3 Louse","floor":8.0,"turns":3.0},{"damage":6.0,"enemies":"Looter","floor":10.0,"turns":2.0},{"damage":0.0,"enemies":"Gremlin Nob","floor":11.0,"turns":2.0},{"damage":3.0,"enemies":"Exordium Thugs","floor":12.0,"turns":4.0},{"damage":0.0,"enemies":"Large Slime","floor":13.0,"turns":2.0},{"damage":0.0,"enemies":"Lagavulin","floor":14.0,"turns":4.0},{"damage":0.0,"enemies":"Slime Boss","floor":16.0,"turns":4.0},{"damage":0.0,"enemies":"Spheric Guardian","floor":18.0,"turns":3.0},{"damage":17.0,"enemies":"3 Byrds","floor":20.0,"turns":4.0},{"damage":0.0,"enemies":"Cultist and Chosen","floor":22.0,"turns":4.0},{"damage":31.0,"enemies":"Slavers","floor":23.0,"turns":6.0},{"damage":13.0,"enemies":"Snake Plant","floor":25.0,"turns":5.0},{"damage":5.0,"enemies":"Snecko","floor":29.0,"turns":4.0},{"damage":0.0,"enemies":"Book of Stabbing","floor":30.0,"turns":4.0},{"damage":0.0,"enemies":"Gremlin Leader","floor":31.0,"turns":5.0},{"damage":0.0,"enemies":"Automaton","floor":33.0,"turns":7.0},{"damage":16.0,"enemies":"3 Shapes","floor":35.0,"turns":6.0},{"damage":0.0,"enemies":"Orb Walker","floor":37.0,"turns":2.0},{"damage":0.0,"enemies":"Mind Bloom Boss Battle","floor":38.0,"turns":7.0},{"damage":13.0,"enemies":"Writhing Mass","floor":39.0,"turns":9.0},{"damage":7.0,"enemies":"Giant Head","floor":40.0,"turns":5.0},{"damage":0.0,"enemies":"Reptomancer","floor":42.0,"turns":4.0},{"damage":0.0,"enemies":"Sphere and 2 Shapes","floor":45.0,"turns":4.0},{"damage":7.0,"enemies":"Spire Growth","floor":47.0,"turns":5.0},{"damage":0.0,"enemies":"Nemesis","floor":48.0,"turns":5.0},{"damage":9.0,"enemies":"Donu and Deca","floor":50.0,"turns":6.0},{"damage":8.0,"enemies":"Time Eater","floor":51.0,"turns":10.0},{"damage":52.0,"enemies":"Shield and Spear","floor":55.0,"turns":10.0},{"damage":12,"enemies":"The Heart","floor":56,"turns":2}],"seed_played":"2025858606572916853","potions_obtained":[{"floor":3.0,"key":"Regen Potion"},{"floor":8.0,"key":"EssenceOfSteel"},{"floor":11.0,"key":"PowerPotion"},{"floor":25.0,"key":"Energy Potion"},{"floor":30.0,"key":"SkillPotion"},{"floor":31.0,"key":"SpeedPotion"},{"floor":39.0,"key":"StancePotion"}],"is_trial":false,"path_per_floor":["M","M","M","$","?","E","?","M","T","M","E","M","M","E","R","B",null,"M","$","M","?","M","E","R","M","T","$","R","M","E","E","R","B",null,"M","?","M","?","M","E","R","E","T","R","M","$","M","E","R","B","B",null,"R","$","E","B"],"character_chosen":"WATCHER","items_purchased":["Adaptation","Energy Potion","Meditate","DollysMirror","Ancient Potion","Blind"],"campfire_rested":1,"item_purchase_floors":[4,4,27,46,46,54],"current_hp_per_floor":[67,67,67,67,67,45,45,45,45,39,39,36,36,36,36,36,65,65,65,48,48,48,17,17,4,4,4,26,21,21,21,21,21,61,45,45,45,45,32,25,25,32,32,32,32,32,25,25,25,16,8,63,63,63,11,0,0],"gold":72,"neow_bonus":"TEN_PERCENT_HP_BONUS","is_daily":false,"chose_seed":false,"campfire_upgraded":6,"win_rate":0.0,"timestamp":1612371243,"path_taken":["M","M","M","$","?","E","?","M","T","M","E","M","M","E","R","BOSS","M","?","M","?","M","E","R","M","T","$","R","M","E","E","R","BOSS","M","?","M","?","M","E","R","E","T","R","M","$","M","E","R","BOSS","BOSS","R","$","E","BOSS"],"items_purchased_type":["Card","Potion","Card","Relic","Potion","Card"],"build_version":"2020-12-22","purchased_purges":3,"victory":false,"max_hp_per_floor":[74,74,74,74,74,74,74,74,74,74,74,74,74,74,74,74,74,74,74,74,74,74,74,74,74,74,74,74,74,74,74,74,74,74,74,74,74,74,74,74,74,81,81,81,81,81,81,81,81,81,81,81,81,81,81,81,81],"relic_stats":{"counters":[33,158],"Bronze Scales":[336],"CeramicFish":54,"Prayer Wheel":5,"Turnip":[13],"CloakClasp":[340],"Kunai":[135],"Whetstone":["TalkToTheHand","CutThroughFate"],"obtain_stats":[{"CeramicFish":40,"Vajra":26,"CloakClasp":23,"Whetstone":55,"Empty Cage":34,"Du-Vu Doll":48,"CaptainsWheel":9,"DollysMirror":46,"Bronze Scales":14,"Strawberry":42,"Philosopher\u0027s Stone":17,"Prayer Wheel":31,"Turnip":11,"WingedGreaves":30,"Kunai":6,"PureWater":0,"TungstenRod":38},{"CeramicFish":25,"Vajra":16,"CloakClasp":15,"Whetstone":32,"Empty Cage":20,"Du-Vu Doll":29,"CaptainsWheel":5,"DollysMirror":27,"Bronze Scales":10,"Strawberry":26,"Philosopher\u0027s Stone":11,"Prayer Wheel":19,"Turnip":7,"WingedGreaves":18,"Kunai":4,"PureWater":0,"TungstenRod":23},{"CeramicFish":112,"Vajra":63,"CloakClasp":58,"Whetstone":156,"Empty Cage":83,"Du-Vu Doll":130,"CaptainsWheel":23,"DollysMirror":120,"Bronze Scales":37,"Strawberry":116,"Philosopher\u0027s Stone":41,"Prayer Wheel":76,"Turnip":27,"WingedGreaves":71,"Kunai":20,"PureWater":0,"TungstenRod":98}],"TungstenRod":17},"card_choices":[{"not_picked":["Halt","Protect"],"picked":"Crescendo","floor":1.0},{"not_picked":["SashWhip","Consecrate"],"picked":"ReachHeaven","floor":2.0},{"not_picked":["Wireheading","Swivel"],"picked":"Tantrum","floor":3.0},{"not_picked":["JustLucky","EmptyFist"],"picked":"CutThroughFate","floor":6.0},{"not_picked":["Consecrate","WaveOfTheHand"],"picked":"Weave","floor":8.0},{"not_picked":["Protect","WheelKick"],"picked":"FollowUp","floor":10.0},{"not_picked":["Halt","EmptyFist","Omniscience"],"picked":"SKIP","floor":11.0},{"not_picked":["Halt","Omniscience"],"picked":"EmptyFist","floor":11.0},{"not_picked":["Meditate","JustLucky"],"picked":"Wireheading","floor":12.0},{"not_picked":["CrushJoints","CarveReality"],"picked":"ThirdEye","floor":13.0},{"not_picked":["Protect","Wireheading"],"picked":"ThirdEye","floor":14.0},{"not_picked":["Wish","SpiritShield"],"picked":"Vault","floor":16.0},{"not_picked":["EmptyFist","Protect","Tantrum"],"picked":"SKIP","floor":18.0},{"not_picked":["FollowUp","EmptyBody","Indignation"],"picked":"SKIP","floor":20.0},{"not_picked":["FlyingSleeves","SandsOfTime"],"picked":"JustLucky+1","floor":22.0},{"not_picked":["Worship","Swivel","Prostrate"],"picked":"SKIP","floor":23.0},{"not_picked":["FlurryOfBlows","ForeignInfluence"],"picked":"Halt","floor":25.0},{"not_picked":["SandsOfTime","MentalFortress","FollowUp"],"picked":"SKIP","floor":29.0},{"not_picked":["Pray","Establishment"],"picked":"Evaluate","floor":30.0},{"not_picked":["ReachHeaven","FollowUp","WindmillStrike"],"picked":"SKIP","floor":31.0},{"not_picked":["DevaForm","Judgement"],"picked":"LessonLearned","floor":33.0},{"not_picked":["ThirdEye","CutThroughFate"],"picked":"EmptyMind","floor":35.0},{"not_picked":["WheelKick","FollowUp","BowlingBash"],"picked":"SKIP","floor":35.0},{"not_picked":["CrushJoints","EmptyBody+1"],"picked":"Weave","floor":37.0},{"not_picked":["FlurryOfBlows","Prostrate"],"picked":"Nirvana","floor":37.0},{"not_picked":["SashWhip","DeusExMachina"],"picked":"TalkToTheHand","floor":39.0},{"not_picked":["WreathOfFlame","Prostrate","FlyingSleeves+1"],"picked":"SKIP","floor":39.0},{"not_picked":["BowlingBash","LikeWater"],"picked":"Scrawl","floor":40.0},{"not_picked":["EmptyBody","WindmillStrike"],"picked":"CutThroughFate","floor":42.0},{"not_picked":["BowlingBash","FearNoEvil","Crescendo"],"picked":"SKIP","floor":45.0},{"not_picked":["Crescendo","ThirdEye","ClearTheMind"],"picked":"SKIP","floor":45.0},{"not_picked":["Fasting2+1","Collect"],"picked":"TalkToTheHand+1","floor":47.0},{"not_picked":["BowlingBash+1","Prostrate+1","CutThroughFate"],"picked":"SKIP","floor":47.0},{"not_picked":["Crescendo","Collect+1","SignatureMove"],"picked":"SKIP","floor":48.0},{"not_picked":["Tantrum","EmptyFist"],"picked":"TalkToTheHand","floor":55.0}],"player_experience":1916892,"relics_obtained":[{"floor":6.0,"key":"Kunai"},{"floor":9.0,"key":"CaptainsWheel"},{"floor":11.0,"key":"Turnip"},{"floor":14.0,"key":"Bronze Scales"},{"floor":23.0,"key":"CloakClasp"},{"floor":26.0,"key":"Vajra"},{"floor":30.0,"key":"WingedGreaves"},{"floor":31.0,"key":"Prayer Wheel"},{"floor":38.0,"key":"TungstenRod"},{"floor":40.0,"key":"CeramicFish"},{"floor":42.0,"key":"Strawberry"},{"floor":48.0,"key":"Du-Vu Doll"},{"floor":55.0,"key":"Whetstone"}],"event_choices":[{"damage_healed":0.0,"max_hp_gain":0.0,"max_hp_loss":0.0,"gold_gain":0.0,"event_name":"Living Wall","player_choice":"Grow","floor":5.0,"gold_loss":0.0,"damage_taken":0.0,"cards_upgraded":["ReachHeaven"]},{"damage_healed":0.0,"max_hp_gain":0.0,"max_hp_loss":0.0,"gold_gain":0.0,"event_name":"Upgrade Shrine","player_choice":"Upgraded","floor":7.0,"gold_loss":0.0,"damage_taken":0.0,"cards_upgraded":["CutThroughFate"]},{"damage_healed":0.0,"max_hp_gain":0.0,"max_hp_loss":0.0,"gold_gain":0.0,"event_name":"Vampires","player_choice":"Ignored","floor":21.0,"gold_loss":0.0,"damage_taken":0.0},{"damage_healed":0.0,"max_hp_gain":0.0,"max_hp_loss":0.0,"gold_gain":0.0,"event_name":"SensoryStone","player_choice":"Memory 1","floor":36.0,"gold_loss":0.0,"damage_taken":0.0},{"damage_healed":0.0,"max_hp_gain":0.0,"max_hp_loss":0.0,"gold_gain":0.0,"event_name":"MindBloom","player_choice":"Fight","floor":38.0,"gold_loss":0.0,"damage_taken":0.0}],"is_beta":false,"boss_relics":[{"not_picked":["Pandora\u0027s Box","Busted Crown"],"picked":"Philosopher\u0027s Stone"},{"not_picked":["Calling Bell","VioletLotus"],"picked":"Empty Cage"}],"items_purged_floors":[19,27,46],"is_endless":false,"potions_floor_spawned":[3,8,10,11,13,20,25,30,31,39,40,47,55],"killed_by":"The Heart","ascension_level":20}}