{"host":"fuszjwm6fqgjjp4d","time":1612339017,"event":{"mods":["BaseMod","Bestiary","Colored Map","DeckTracker","Minty Spire (QoL Compilation)","Permanent Neow","Relic Sorter","Relic Stats","StSLib"],"gold_per_floor":[112,126,139,157,122,147,147,159,159,159,84,104,104,120,120,192,192,208,219,233,233,283,283,283,283],"floor_reached":24,"language":"ENG","playtime":630,"items_purged":["Strike_B"],"score":500,"play_id":"23296d7e-96f1-49be-99f1-129a13fef474","local_time":"20210203015657","is_ascension_mode":true,"campfire_choices":[{"data":"Sunder","floor":7.0,"key":"SMITH"},{"data":"Zap","floor":13.0,"key":"SMITH"},{"data":"Dualcast","floor":15,"key":"SMITH"},{"floor":23,"key":"REST"}],"circlet_count":0,"master_deck":["AscendersBane","Strike_B","Strike_B","Strike_B","Defend_B","Defend_B","Defend_B","Defend_B","Zap+1","Dualcast+1","Good Instincts","Sweeping Beam","Doom and Gloom","Sunder+1","Conserve Battery","Capacitor","All For One","Double Energy","Biased Cognition","Rebound","Glacier"],"relics":["Cracked Core","Shuriken","Art of War","Sozu"],"acts_visited":["Exordium","TheCity"],"potions_floor_usage":[14,16],"damage_taken":[{"damage":0.0,"enemies":"Small Slimes","floor":1.0,"turns":3.0},{"damage":0.0,"enemies":"2 Louse","floor":2.0,"turns":3.0},{"damage":8.0,"enemies":"Jaw Worm","floor":3.0,"turns":4.0},{"damage":33.0,"enemies":"Exordium Thugs","floor":4.0,"turns":6.0},{"damage":32.0,"enemies":"Gremlin Nob","floor":6.0,"turns":4.0},{"damage":6.0,"enemies":"3 Louse","floor":8.0,"turns":2.0},{"damage":0.0,"enemies":"2 Fungi Beasts","floor":12.0,"turns":3.0},{"damage":7,"enemies":"Large Slime","floor":14,"turns":4},{"damage":0,"enemies":"Slime Boss","floor":16,"turns":4},{"damage":6,"enemies":"2 Thieves","floor":18,"turns":3},{"damage":25,"enemies":"3 Byrds","floor":19,"turns":4},{"damage":19,"enemies":"Snake Plant","floor":20,"turns":4},{"damage":41,"enemies":"Gremlin Leader","floor":24,"turns":5}],"seed_played":"3716780916622860139","potions_obtained":[{"floor":1.0,"key":"FocusPotion"},{"floor":3.0,"key":"EssenceOfSteel"},{"floor":4.0,"key":"FairyPotion"},{"floor":14,"key":"EssenceOfDarkness"}],"is_trial":false,"path_per_floor":["M","M","M","M","?","E","R","M","T","?","$","M","R","M","R","B",null,"M","M","M","?","?","R","E"],"character_chosen":"DEFECT","items_purchased":[],"campfire_rested":1,"item_purchase_floors":[],"current_hp_per_floor":[64,64,56,23,40,8,8,2,2,2,2,2,2,21,21,21,59,53,28,9,9,9,30,0,0],"gold":283,"neow_bonus":"RANDOM_COLORLESS","is_daily":false,"chose_seed":false,"campfire_upgraded":3,"win_rate":0.0,"timestamp":1612339017,"path_taken":["M","M","M","M","?","E","R","M","T","?","?","?","R","M","R","BOSS","M","M","M","?","?","R","E"],"items_purchased_type":[],"build_version":"2020-12-22","purchased_purges":1,"victory":false,"max_hp_per_floor":[71,71,71,71,71,71,71,71,71,71,71,71,71,71,71,71,71,71,71,71,71,71,71,71,71],"relic_stats":{"Sozu":1,"counters":[13,49],"Shuriken":[4],"Art of War":[3],"obtain_stats":[{"Sozu":17,"Shuriken":6,"Art of War":9,"Cracked Core":0},{"Sozu":9,"Shuriken":5,"Art of War":6,"Cracked Core":0},{"Sozu":33,"Shuriken":20,"Art of War":22,"Cracked Core":0}]},"card_choices":[{"not_picked":["Deep Breath","Purity"],"picked":"Good Instincts","floor":0.0},{"not_picked":["Blizzard","Leap"],"picked":"Sweeping Beam","floor":1.0},{"not_picked":["Blizzard","FTL"],"picked":"Doom and Gloom","floor":2.0},{"not_picked":["Barrage","Streamline"],"picked":"Sunder","floor":3.0},{"not_picked":["Redo","Go for the Eyes"],"picked":"Conserve Battery","floor":4.0},{"not_picked":["Steam","Melter","Rebound"],"picked":"SKIP","floor":6.0},{"not_picked":["Heatsinks","Coolheaded"],"picked":"Capacitor","floor":8.0},{"not_picked":["Streamline","Beam Cell"],"picked":"All For One","floor":12.0},{"not_picked":["Conserve Battery","Rebound"],"picked":"Double Energy","floor":14},{"not_picked":["Creative AI","Reboot"],"picked":"Biased Cognition","floor":16},{"not_picked":["Consume","Aggregate"],"picked":"Rebound","floor":18},{"not_picked":["Sweeping Beam","Barrage","Genetic Algorithm"],"picked":"SKIP","floor":19},{"not_picked":["Tempest","Sunder","Rebound"],"picked":"SKIP","floor":20}],"player_experience":1426007,"relics_obtained":[{"floor":6.0,"key":"Shuriken"},{"floor":9.0,"key":"Art of War"}],"event_choices":[{"damage_healed":17.0,"max_hp_gain":0.0,"max_hp_loss":0.0,"gold_gain":0.0,"event_name":"The Cleric","player_choice":"Healed","floor":5.0,"gold_loss":35.0,"damage_taken":0.0},{"damage_healed":0.0,"max_hp_gain":0.0,"max_hp_loss":0.0,"gold_gain":0.0,"event_name":"Shining Light","player_choice":"Ignored","floor":10.0,"gold_loss":0.0,"damage_taken":0.0},{"damage_healed":0,"gold_gain":0,"player_choice":"Read","damage_taken":0,"max_hp_gain":0,"max_hp_loss":0,"event_name":"The Library","floor":21,"gold_loss":0,"cards_obtained":["Glacier"]},{"damage_healed":0,"gold_gain":50,"player_choice":"Stole From Cult","damage_taken":0,"max_hp_gain":0,"max_hp_loss":0,"event_name":"Nest","floor":22,"gold_loss":0}],"is_beta":false,"boss_relics":[{"not_picked":["Coffee Dripper","Runic Dome"],"picked":"Sozu"}],"items_purged_floors":[11],"is_endless":false,"potions_floor_spawned":[1,3,4,14,19],"killed_by":"Gremlin Leader","ascension_level":20}}