{"host":"DrTrollPool","time":1612393149,"event":{"mods":["2.2 Compatiblity","BaseMod","BetterRewards","Colored Map","DeckTracker","Downfall","Googly Eyes","Hermit","HexUI Lib","Highlight Path","Hubris","Infinite Spire","Minty Spire (QoL Compilation)","Potionbrewer","Replay The Spire","StSLib","SuperFastMode","The Construct","The Cursed","The Disciple","The Hierophant","The Jungle","The Necromancer","The Runesmith","The Servant 0.9.4"],"gold_per_floor":[99,111,17,62,76,101,101,101,131,131,151,167,180,180,197,197,197,197],"floor_reached":16,"language":"ENG","playtime":975,"items_purged":[],"score":102,"play_id":"c94dab55-b631-47f9-9f4f-73e25b0e4d9d","local_time":"20210203235909","is_ascension_mode":false,"campfire_choices":[{"data":"sneckomod:CheapStock","floor":8,"key":"SMITH"},{"data":"sneckomod:SnekBite","floor":10,"key":"SMITH"}],"circlet_count":0,"master_deck":["sneckomod:Strike","sneckomod:Strike","sneckomod:Strike","sneckomod:Defend","sneckomod:Defend","sneckomod:Defend","sneckomod:TailWhip","sneckomod:SnekBite+1","sneckomod:Unknown","Blood_Magic","sneckomod:WideSting","sneckomod:UnknownUncommonPower","sneckomod:CheapStock+1","sneckomod:UnknownBlock","sneckomod:SnakeSap","sneckomod:Unknown1Cost","sneckomod:ImprovisedGuard","sneckomod:UnknownCommonAttack","sneckomod:Restock+1"],"relics":["sneckomod:SneckoSoul","HornCleat","Bronze Scales","infinitespire:FocusingShard","PreservedInsect"],"acts_visited":["Exordium"],"potions_floor_usage":[6,13,13,15,16],"damage_taken":[{"damage":10,"enemies":"Cultist","floor":2,"turns":4},{"damage":10,"enemies":"downfall:FleeingMerchant","floor":3,"turns":4},{"damage":11,"enemies":"Jaw Worm","floor":5,"turns":5},{"damage":27,"enemies":"Gremlin Nob","floor":6,"turns":5},{"damage":4,"enemies":"2 Louse","floor":11,"turns":3},{"damage":6,"enemies":"2 Fungi Beasts","floor":12,"turns":4},{"damage":10,"enemies":"Large Slime","floor":13,"turns":5},{"damage":5,"enemies":"Blue Slaver","floor":15,"turns":4},{"damage":18,"enemies":"IC_STATUS_ARCHETYPE","floor":16,"turns":8}],"seed_played":"1850135117307964253","potions_obtained":[{"floor":2,"key":"sneckomod:DiceRollPotion"},{"floor":6,"key":"EssenceOfSteel"},{"floor":11,"key":"potionbrewer:NoxiousPotion"},{"floor":12,"key":"potionbrewer:FreezingPotion"},{"floor":15,"key":"Doom Potion"}],"is_trial":false,"path_per_floor":["R","M","$","?","M","E","T","R","?","R","M","M","M","?","M","B"],"character_chosen":"THE_SNECKO","items_purchased":["sneckomod:CheapStock"],"campfire_rested":0,"item_purchase_floors":[3],"current_hp_per_floor":[99,89,79,79,68,41,41,41,41,41,37,31,21,21,16,0,0,0],"gold":197,"neow_bonus":"TEN_PERCENT_HP_BONUS","is_daily":false,"chose_seed":false,"campfire_upgraded":2,"win_rate":0.0,"timestamp":1612393149,"path_taken":["R","M","?","?","M","E","T","R","?","R","M","M","M","?","M","BOSS"],"items_purchased_type":["Card"],"build_version":"2020-12-18","purchased_purges":0,"victory":false,"max_hp_per_floor":[99,99,99,99,99,99,99,99,99,99,99,99,99,99,99,99,99,99],"card_choices":[{"not_picked":["sneckomod:QuickMove","sneckomod:SerpentIdol"],"picked":"sneckomod:WideSting","floor":2},{"not_picked":["sneckomod:TrashToTreasure","sneckomod:SoulDraw"],"picked":"sneckomod:UnknownUncommonPower","floor":3},{"not_picked":["sneckomod:UnknownUncommonSkill","sneckomod:RainOfDice"],"picked":"sneckomod:UnknownBlock","floor":4},{"not_picked":["sneckomod:Unknown1Cost","sneckomod:SoulDraw"],"picked":"sneckomod:SnakeSap","floor":4},{"not_picked":["sneckomod:SoulDraw","sneckomod:WideSting"],"picked":"sneckomod:Unknown1Cost","floor":5},{"not_picked":["sneckomod:Unknown2Cost","sneckomod:SnakeSap"],"picked":"sneckomod:ImprovisedGuard","floor":6},{"not_picked":["sneckomod:UnknownBlock","sneckomod:Unknown1Cost"],"picked":"sneckomod:UnknownCommonAttack","floor":11},{"not_picked":["sneckomod:DiceBlock","sneckomod:ImprovisedGuard","sneckomod:RainOfDice"],"picked":"SKIP","floor":12},{"not_picked":["sneckomod:RainOfDice","sneckomod:Unknown2Cost"],"picked":"sneckomod:Restock","floor":13},{"not_picked":["sneckomod:UnknownUncommonSkill","sneckomod:DefensiveFlair","sneckomod:WideSting"],"picked":"SKIP","floor":15}],"player_experience":139010,"relics_obtained":[{"floor":4,"key":"HornCleat"},{"floor":6,"key":"Bronze Scales"},{"floor":7,"key":"infinitespire:FocusingShard"}],"event_choices":[{"damage_healed":0,"gold_gain":0,"player_choice":"Grow","damage_taken":0,"max_hp_gain":0,"max_hp_loss":0,"event_name":"Living Wall","floor":14,"gold_loss":0,"cards_upgraded":["sneckomod:Restock"]}],"is_beta":true,"boss_relics":[],"items_purged_floors":[],"is_endless":false,"potions_floor_spawned":[2,6,11,12,15],"killed_by":"IC_STATUS_ARCHETYPE","ascension_level":0}}