{"host":"g2yp6paluzgljz05","time":1612363827,"event":{"mods":["BaseMod","Bestiary","Colored Powertips","DeckTracker","Highlight Path","Minty Spire (QoL Compilation)","Quick Restart"],"gold_per_floor":[114,114,114,189,199,199,226,246,291,19,47,47,64,90,90,188,188,203,203,203,219,231,231,266,266,266,299,299,310,330,20,20,117,117,134,34,53,53,53,53,81,94,94,94,425,43,43,53,53,53],"floor_reached":51,"language":"ENG","playtime":2410,"items_purged":["Strike_R","Twin Strike+1","Inflame+1"],"score":1138,"play_id":"04ec5353-8076-4f97-ad33-587c1b16de32","local_time":"20210204015027","is_ascension_mode":true,"campfire_choices":[{"data":"Body Slam","floor":6,"key":"SMITH"},{"floor":12,"key":"REST"},{"data":"Juggernaut","floor":15,"key":"SMITH"},{"data":"Flame Barrier","floor":23,"key":"SMITH"},{"floor":25,"key":"REST"},{"floor":28,"key":"REST"},{"data":"Bash","floor":32,"key":"PURGE"},{"data":"Defend_R","floor":40,"key":"PURGE"},{"data":"Clumsy","floor":44,"key":"PURGE"},{"floor":47,"key":"REST"},{"data":"Shrug It Off","floor":49,"key":"SMITH"}],"circlet_count":0,"master_deck":["Defend_R","Defend_R","Juggernaut+1","Mayhem+1","Shrug It Off+1","Flame Barrier+1","Shrug It Off","Body Slam+1","Battle Trance","Barricade+1","Evolve+1"],"relics":["Burning Blood","NeowsBlessing","Matryoshka","Molten Egg 2","Odd Mushroom","Frozen Egg 2","Regal Pillow","Ancient Tea Set","CaptainsWheel","Empty Cage","Blue Candle","Pantograph","Dream Catcher","Mercury Hourglass","Peace Pipe","Cursed Key","Meat on the Bone","Toxic Egg 2","Old Coin","HornCleat"],"acts_visited":["Exordium","TheCity","TheBeyond"],"potions_floor_usage":[11,16,33,50],"damage_taken":[{"damage":0,"enemies":"Cultist","floor":1,"turns":1},{"damage":0,"enemies":"2 Louse","floor":5,"turns":1},{"damage":0,"enemies":"Lagavulin","floor":7,"turns":1},{"damage":31,"enemies":"The Mushroom Lair","floor":8,"turns":5},{"damage":45,"enemies":"3 Sentries","floor":11,"turns":6},{"damage":7,"enemies":"Small Slimes","floor":13,"turns":4},{"damage":10,"enemies":"Lagavulin","floor":14,"turns":6},{"damage":36,"enemies":"Slime Boss","floor":16,"turns":7},{"damage":2,"enemies":"Chosen","floor":18,"turns":4},{"damage":26,"enemies":"2 Thieves","floor":21,"turns":4},{"damage":16,"enemies":"Centurion and Healer","floor":22,"turns":8},{"damage":11,"enemies":"Book of Stabbing","floor":24,"turns":4},{"damage":52,"enemies":"Slavers","floor":27,"turns":7},{"damage":25,"enemies":"Snake Plant","floor":29,"turns":3},{"damage":2,"enemies":"Snecko","floor":30,"turns":3},{"damage":6,"enemies":"Automaton","floor":33,"turns":5},{"damage":0,"enemies":"3 Shapes","floor":35,"turns":4},{"damage":2,"enemies":"3 Darklings","floor":37,"turns":4},{"damage":19,"enemies":"Reptomancer","floor":41,"turns":5},{"damage":14,"enemies":"Transient","floor":42,"turns":5},{"damage":32,"enemies":"Nemesis","floor":45,"turns":5},{"damage":2,"enemies":"Spire Growth","floor":48,"turns":4},{"damage":17,"enemies":"Awakened One","floor":50,"turns":6}],"seed_played":"-124433725306805378","potions_obtained":[{"floor":1,"key":"PowerPotion"},{"floor":14,"key":"EssenceOfSteel"},{"floor":16,"key":"Swift Potion"},{"floor":18,"key":"BlessingOfTheForge"},{"floor":20,"key":"FairyPotion"},{"floor":20,"key":"FearPotion"},{"floor":20,"key":"SpeedPotion"},{"floor":22,"key":"EssenceOfSteel"},{"floor":30,"key":"PowerPotion"},{"floor":35,"key":"FairyPotion"},{"floor":42,"key":"PowerPotion"}],"is_trial":false,"path_per_floor":["M","T","?","?","M","R","E","?","T","$","E","R","M","E","R","B",null,"M","?","?","M","M","R","E","R","T","E","R","M","M","$","R","B",null,"M","$","M","?","?","R","E","M","T","R","E","$","R","M","R","B",null],"character_chosen":"IRONCLAD","items_purchased":["Mayhem+1","Peace Pipe","HornCleat"],"campfire_rested":4,"item_purchase_floors":[10,31,46],"current_hp_per_floor":[78,78,78,67,73,73,79,54,54,54,15,54,53,49,49,19,65,69,69,69,49,39,39,34,73,73,27,66,47,51,51,51,76,79,80,80,80,80,80,80,67,59,59,59,45,45,80,80,80,69],"gold":53,"neow_bonus":"THREE_ENEMY_KILL","is_daily":false,"chose_seed":false,"campfire_upgraded":4,"win_rate":0.0,"timestamp":1612363827,"path_taken":["M","?","?","?","M","R","E","?","T","$","E","R","?","E","R","BOSS","M","?","?","M","?","R","E","R","T","E","R","?","M","?","R","BOSS","M","$","M","?","?","R","E","M","T","R","E","$","R","M","R","BOSS"],"items_purchased_type":["Card","Relic","Relic"],"build_version":"2020-12-22","purchased_purges":3,"victory":true,"max_hp_per_floor":[80,80,80,80,80,80,80,80,80,80,80,80,80,80,80,80,80,80,80,80,80,80,80,80,80,80,80,80,80,80,80,80,80,80,80,80,80,80,80,80,80,80,80,80,80,80,80,80,80,80],"card_choices":[{"not_picked":["Infernal Blade","Pommel Strike"],"picked":"Body Slam","floor":1},{"not_picked":["Cleave","Havoc","Thunderclap"],"picked":"SKIP","floor":5},{"not_picked":["Pommel Strike+1","Seeing Red"],"picked":"Juggernaut","floor":7},{"not_picked":["Sever Soul+1","Clothesline+1","Clash+1"],"picked":"SKIP","floor":11},{"not_picked":["Dark Embrace+1","Twin Strike+1"],"picked":"Shrug It Off","floor":13},{"not_picked":["Heavy Blade+1","Clash+1","Feel No Pain+1"],"picked":"SKIP","floor":14},{"not_picked":["Rupture+1","Twin Strike+1"],"picked":"Flame Barrier","floor":18},{"not_picked":["Havoc","Pummel+1"],"picked":"Shrug It Off","floor":21},{"not_picked":["Rampage+1","Anger+1","Power Through"],"picked":"SKIP","floor":22},{"not_picked":["Twin Strike+1","Searing Blow+1","Carnage+1"],"picked":"SKIP","floor":24},{"not_picked":["Armaments","Bludgeon+1"],"picked":"Body Slam+1","floor":27},{"not_picked":["Havoc+1","Blood for Blood+1"],"picked":"Battle Trance","floor":28},{"not_picked":["Feel No Pain+1","Disarm+1","Ghostly Armor"],"picked":"SKIP","floor":29},{"not_picked":["True Grit","Wild Strike+1","Anger+1"],"picked":"SKIP","floor":30},{"not_picked":["Cleave+1","Sentinel","Rupture+1"],"picked":"SKIP","floor":35},{"not_picked":["Burning Pact","Iron Wave+1","Clash+1"],"picked":"SKIP","floor":37},{"not_picked":["Havoc","Seeing Red","Heavy Blade+1"],"picked":"SKIP","floor":41},{"not_picked":["Wild Strike+1","Anger+1","Evolve+1"],"picked":"SKIP","floor":42},{"not_picked":["Impervious+1","Ghostly Armor+1"],"picked":"Barricade+1","floor":45},{"not_picked":["True Grit+1","Body Slam+1"],"picked":"Evolve+1","floor":47},{"not_picked":["Clash+1","Thunderclap+1","Rage+1"],"picked":"SKIP","floor":48}],"player_experience":313014,"relics_obtained":[{"floor":2,"key":"Matryoshka"},{"floor":7,"key":"Molten Egg 2"},{"floor":8,"key":"Odd Mushroom"},{"floor":9,"key":"Frozen Egg 2"},{"floor":9,"key":"Regal Pillow"},{"floor":11,"key":"Ancient Tea Set"},{"floor":14,"key":"CaptainsWheel"},{"floor":24,"key":"Blue Candle"},{"floor":26,"key":"Pantograph"},{"floor":26,"key":"Dream Catcher"},{"floor":27,"key":"Mercury Hourglass"},{"floor":41,"key":"Meat on the Bone"},{"floor":43,"key":"Toxic Egg 2"},{"floor":45,"key":"Old Coin"}],"event_choices":[{"damage_healed":0,"gold_gain":0,"player_choice":"Ignored","damage_taken":0,"max_hp_gain":0,"max_hp_loss":0,"event_name":"Golden Idol","floor":3,"gold_loss":0},{"damage_healed":0,"gold_gain":75,"player_choice":"Gather Gold","damage_taken":11,"max_hp_gain":0,"max_hp_loss":0,"event_name":"World of Goop","floor":4,"gold_loss":0},{"damage_healed":0,"gold_gain":0,"player_choice":"Fought Mushrooms","damage_taken":0,"max_hp_gain":0,"max_hp_loss":0,"event_name":"Mushrooms","floor":8,"gold_loss":0},{"damage_healed":0,"gold_gain":0,"cards_transformed":["Strike_R","Strike_R"],"player_choice":"Became Test Subject","damage_taken":0,"max_hp_gain":0,"max_hp_loss":0,"event_name":"Drug Dealer","floor":19,"gold_loss":0,"cards_obtained":["Twin Strike","Inflame"]},{"damage_healed":0,"gold_gain":0,"player_choice":"Got Potions","damage_taken":0,"max_hp_gain":0,"max_hp_loss":0,"event_name":"Lab","floor":20,"gold_loss":0},{"cards_removed":["Body Slam"],"damage_healed":0,"gold_gain":0,"player_choice":"Removed Attack","damage_taken":0,"max_hp_gain":0,"max_hp_loss":0,"event_name":"Falling","floor":38,"gold_loss":0},{"cards_removed":["Defend_R"],"damage_healed":0,"gold_gain":0,"player_choice":"Purged","damage_taken":0,"max_hp_gain":0,"max_hp_loss":0,"event_name":"Purifier","floor":39,"gold_loss":0}],"is_beta":false,"boss_relics":[{"not_picked":["Ectoplasm","Snecko Eye"],"picked":"Empty Cage"},{"not_picked":["Tiny House","Philosopher\u0027s Stone"],"picked":"Cursed Key"}],"items_purged_floors":[10,36,46],"is_endless":false,"potions_floor_spawned":[1,14,16,18,21,22,29,30,35,42],"ascension_level":8}}