{"host":"8kweeulvvasqx820","time":1612317129,"event":{"mods":["Aspiration","BaseMod","Better Altar","Better Match","Better Note","Better Sensory Stone","Better Skull","Better Third Choice","BetterRewards","Colored Map","Conspire","Displayed Cursed Tome","Downfall","Hubris","Infinite Spire","Jorbs\u0027s Wanderer Trilogy","Minty Spire (QoL Compilation)","Relic Stats","Replay The Spire","Spicy Shops","StSLib","SuperFastMode","Swap Starting Deck Mod","The Construct","The Marked","The Servant 0.9.4","everything is the same but u backflip on backflip","slay the spire mod where everything is the same but ironclad has a cowboy hat"],"gold_per_floor":[114,126,138,138,150,181,106,137,137,137,148,163,198,198,198,217,217,314,314,325,325,342,342,355,355,386,386,386,386,87,104,104,122,122,223,223,238,257,270,270,69,69,104,118,118,118,118,151,151,161,161,259,259,259,259],"floor_reached":54,"language":"ENG","playtime":3106,"items_purged":["construct:Strike_Gold"],"score":855,"play_id":"efd39679-a156-4866-9b37-28b0ea5b0d8f","local_time":"20210202205209","is_ascension_mode":true,"campfire_choices":[{"data":"construct:Strike_Gold","floor":17,"key":"PURGE"},{"data":"construct:Reserves","floor":25,"key":"SMITH"},{"data":"construct:Autoturret","floor":27,"key":"SMITH"},{"data":"Juggernaut","floor":29,"key":"SMITH"},{"data":"construct:GuardCore","floor":34,"key":"SMITH"},{"data":"construct:ModeShift","floor":42,"key":"SMITH"},{"data":"construct:ReactiveShield","floor":46,"key":"SMITH"},{"data":"construct:GuardCore","floor":49,"key":"SMITH"},{"floor":51,"key":"REST"}],"circlet_count":0,"master_deck":["construct:Strike_Gold","construct:Defend_Gold","construct:Defend_Gold","construct:Defend_Gold","construct:Defend_Gold","construct:AttackMode","construct:DefenseMode","construct:Forcefield","construct:Impenetrable","ReplayTheSpireMod:Stacked","construct:Missile","construct:Antimatter","construct:PointDefense","Juggernaut+1","construct:Reserves+1","construct:ShiftStrike","construct:Autoturret+1","construct:ScopeCore","construct:GuardCore+1","construct:Reserves","construct:LaserCore","construct:ClusterMines","construct:SiegeForm","construct:HeavyBolt+1","construct:ModeShift+1","construct:GuardCore+1","construct:ReactiveShield+1","construct:ModeShift+1","construct:HammerDown","construct:ShieldGenerator"],"relics":["Broom","Tough Bandages","Runic Capacitor","ReplayTheSpireMod:DimensionalGlitch","construct:PurpleEmber","Ring of Fury","bronze:CableSpool","Gremlin Horn","Ring of the Serpent","infinitespire:Chaos","Orrery","Painkiller Herb","Oddly Smooth Stone","hubris:Metronome","Vajra","aspiration:IroncladSkillbook"],"acts_visited":["Exordium","TheCity","TheBeyond","Exordium"],"potions_floor_usage":[18,31,39,43,43,44,52],"damage_taken":[{"damage":2,"enemies":"conspire:RoseBush","floor":1,"turns":4},{"damage":1,"enemies":"Jaw Worm","floor":2,"turns":4},{"damage":2,"enemies":"2 Louse","floor":3,"turns":3},{"damage":3,"enemies":"Large Slime","floor":5,"turns":6},{"damage":3,"enemies":"Replay:BlueRogue","floor":6,"turns":9},{"damage":11,"enemies":"3 Sentries","floor":8,"turns":8},{"damage":0,"enemies":"2 Fungi Beasts","floor":11,"turns":3},{"damage":6,"enemies":"Exordium Wildlife","floor":12,"turns":3},{"damage":0,"enemies":"Lagavulin","floor":13,"turns":8},{"damage":8,"enemies":"Large Slime","floor":16,"turns":4},{"damage":17,"enemies":"Slime Boss","floor":18,"turns":10},{"damage":14,"enemies":"Shell Parasite","floor":20,"turns":5},{"damage":50,"enemies":"Spheric Guardian","floor":22,"turns":7},{"damage":0,"enemies":"Snake Plant","floor":24,"turns":3},{"damage":0,"enemies":"Nightmare","floor":26,"turns":1},{"damage":9,"enemies":"Centurion and Healer","floor":31,"turns":4},{"damage":0,"enemies":"Cultist and Chosen","floor":33,"turns":3},{"damage":0,"enemies":"Champ","floor":35,"turns":4},{"damage":5,"enemies":"Orb Walker","floor":37,"turns":3},{"damage":17,"enemies":"3 Shapes","floor":38,"turns":5},{"damage":0,"enemies":"Sphere and 2 Shapes","floor":39,"turns":4},{"damage":9,"enemies":"R_Hoarder","floor":43,"turns":7},{"damage":4,"enemies":"Spire Growth","floor":44,"turns":4},{"damage":12,"enemies":"Reptomancer","floor":48,"turns":4},{"damage":32,"enemies":"4 Shapes","floor":50,"turns":3},{"damage":37,"enemies":"Time Eater","floor":52,"turns":8},{"damage":98,"enemies":"Cultist","floor":54,"turns":8}],"seed_played":"-2309377281154169300","potions_obtained":[{"floor":1,"key":"Elixir"},{"floor":3,"key":"Dexterity Potion"},{"floor":8,"key":"Dexterity Potion"},{"floor":12,"key":"BlessingOfTheForge"},{"floor":13,"key":"EssenceOfSteel"},{"floor":24,"key":"EssenceOfSteel"},{"floor":39,"key":"Elixir"},{"floor":48,"key":"LiquidMemories"},{"floor":52,"key":"Venom Potion"}],"is_trial":false,"path_per_floor":["M","M","M","?","M","E","$","E","T","?","M","M","E","PTL","PTL","M","R_BF","B",null,"M","?","M","?","M","R","NM","R","T","R","$","M","?","M","R","B",null,"?","?","?","?","T","T","E","?","T","T","?","E","T","?","T","B",null,"?"],"character_chosen":"THE_CONSTRUCT_MOD","items_purchased":["infinitespire:Chaos","Orrery","construct:GuardCore","construct:ReactiveShield"],"campfire_rested":1,"item_purchase_floors":[30,30,41,41],"current_hp_per_floor":[85,85,85,85,85,85,85,80,80,80,85,85,85,85,85,83,83,72,85,77,56,12,12,18,18,24,24,24,24,24,15,15,15,15,15,85,80,63,63,68,68,68,59,55,55,55,64,52,52,20,45,8,85,0,0],"gold":259,"neow_bonus":"NOSTALGIA","is_daily":false,"chose_seed":false,"campfire_upgraded":7,"win_rate":0.0,"timestamp":1612317129,"path_taken":["M","?","M","?","?","E","$","E","T","?","M","M","E","PTL","PTL","M","R_BF","BOSS","M","?","M","?","M","R","NM","R","T","R","?","M","?","?","R","BOSS","?","?","?","?","T","T","E","?","T","T","?","E","T","?","T","BOSS","?"],"items_purchased_type":["Relic","Relic","Card","Card"],"build_version":"2020-12-22","purchased_purges":1,"victory":false,"max_hp_per_floor":[85,85,85,85,85,85,85,85,85,85,85,85,85,85,85,85,85,85,85,85,85,85,85,85,85,85,85,85,85,85,85,85,85,85,85,85,85,85,85,85,85,85,85,85,85,85,85,85,85,85,85,85,85,85,85],"relic_stats":{"Tough Bandages":[498],"Gremlin Horn":[14,14],"counters":[36,170],"obtain_stats":[{"hubris:Metronome":45,"Calipers":6,"Gremlin Horn":9,"Vajra":48,"GremlinMask":15,"Painkiller Herb":36,"Broom":30,"Runic Capacitor":30,"bronze:CableSpool":30,"Tough Bandages":30,"downfall:HeartBlessingBlue":8,"hubris:DeckOfHolding":8,"infinitespire:Chaos":30,"hubris:TinFlute":28,"construct:PurpleEmber":30,"conspire:TreasureMap":4,"aspiration:Nostalgia":0,"infinitespire:EmptyRelic":30,"Oddly Smooth Stone":43,"conspire:SlowCooker":19,"aspiration:IroncladSkillbook":53,"construct:Cogwheel":0,"infinitespire:Satchel":6,"Orrery":30,"Ring of Fury":30,"m_BronzeBlood":0,"ReplayTheSpireMod:TigerMarble":13,"ReplayTheSpireMod:DimensionalGlitch":30,"Ring of the Serpent":30},{"hubris:Metronome":32,"Calipers":4,"Gremlin Horn":5,"Vajra":33,"GremlinMask":8,"Painkiller Herb":27,"Broom":24,"Runic Capacitor":24,"bronze:CableSpool":24,"Tough Bandages":24,"downfall:HeartBlessingBlue":4,"hubris:DeckOfHolding":15,"infinitespire:Chaos":24,"hubris:TinFlute":24,"construct:PurpleEmber":24,"conspire:TreasureMap":3,"aspiration:Nostalgia":9,"infinitespire:EmptyRelic":24,"Oddly Smooth Stone":31,"conspire:SlowCooker":20,"aspiration:IroncladSkillbook":35,"construct:Cogwheel":0,"infinitespire:Satchel":14,"Orrery":24,"Ring of Fury":24,"m_BronzeBlood":9,"ReplayTheSpireMod:TigerMarble":18,"ReplayTheSpireMod:DimensionalGlitch":24,"Ring of the Serpent":24},{"hubris:Metronome":147,"Calipers":18,"Gremlin Horn":21,"Vajra":151,"GremlinMask":32,"Painkiller Herb":124,"Broom":113,"Runic Capacitor":113,"bronze:CableSpool":113,"Tough Bandages":113,"downfall:HeartBlessingBlue":18,"hubris:DeckOfHolding":69,"infinitespire:Chaos":113,"hubris:TinFlute":113,"construct:PurpleEmber":113,"conspire:TreasureMap":11,"aspiration:Nostalgia":35,"infinitespire:EmptyRelic":113,"Oddly Smooth Stone":143,"conspire:SlowCooker":97,"aspiration:IroncladSkillbook":162,"construct:Cogwheel":0,"infinitespire:Satchel":61,"Orrery":113,"Ring of Fury":113,"m_BronzeBlood":35,"ReplayTheSpireMod:TigerMarble":83,"ReplayTheSpireMod:DimensionalGlitch":113,"Ring of the Serpent":113}]},"card_choices":[{"not_picked":["construct:ClusterMines","construct:Chainstrike"],"picked":"construct:Forcefield","floor":1},{"not_picked":["construct:HardReboot","construct:Anticipate"],"picked":"construct:Impenetrable","floor":2},{"not_picked":["construct:Backfire","bronze:ItsAFeature"],"picked":"ReplayTheSpireMod:Stacked","floor":3},{"not_picked":["construct:Enhance","construct:HeavyBolt"],"picked":"construct:Missile","floor":5},{"not_picked":["Wild Strike","construct:FocusedBeam"],"picked":"construct:Antimatter","floor":6},{"not_picked":["construct:Analyze","construct:Construct_Overclock","construct:SyphonStrike"],"picked":"SKIP","floor":8},{"not_picked":["construct:ClusterMines","construct:FocusedBeam","Ghostly Armor"],"picked":"SKIP","floor":11},{"not_picked":["bronze:BuggyMess","construct:ClusterMines","construct:VentSteam"],"picked":"SKIP","floor":12},{"not_picked":["construct:Stasis","construct:Accumulate"],"picked":"Juggernaut","floor":13},{"not_picked":["construct:Missile","construct:Boost","construct:Versatility"],"picked":"SKIP","floor":16},{"not_picked":["Impervious","construct:ShiftingStance"],"picked":"construct:Reserves","floor":18},{"not_picked":["construct:PowerUp","construct:ScrapCannon","construct:Reinforce"],"picked":"SKIP","floor":20},{"not_picked":["Replay:Fractal Strike","infinitespire:Menacing"],"picked":"infinitespire:SealOfDarkness+","floor":21},{"not_picked":["construct:ScrapCannon+1","construct:Impenetrable"],"picked":"construct:ShiftStrike","floor":22},{"not_picked":["construct:ClusterMines","construct:VentSteam"],"picked":"construct:Autoturret","floor":24},{"not_picked":["construct:Stasis","construct:Accumulate"],"picked":"construct:ScopeCore","floor":26},{"not_picked":["construct:Missile","construct:OneWayMirror"],"picked":"construct:GuardCore","floor":30},{"not_picked":["construct:Backfire","construct:Impenetrable"],"picked":"construct:Reserves","floor":30},{"not_picked":["construct:FierceBash","construct:Versatility"],"picked":"construct:LaserCore","floor":30},{"not_picked":["construct:Enhance","construct:Dampening+1","construct:ClusterMines+1"],"picked":"SKIP","floor":31},{"not_picked":["construct:Disrupt+1","construct:Analyze+1","construct:SyphonStrike"],"picked":"SKIP","floor":33},{"not_picked":["construct:HastyRepair","construct:Multistage"],"picked":"construct:SiegeForm","floor":35},{"not_picked":["construct:Accumulate+1","construct:Tumble+1"],"picked":"construct:HeavyBolt+1","floor":37},{"not_picked":["construct:Anticipate+1","construct:Synchronize+1","construct:Accumulate"],"picked":"SKIP","floor":38},{"not_picked":["construct:HeavyBolt","construct:ChargeShot+1"],"picked":"construct:ModeShift","floor":39},{"not_picked":["construct:HeavyBolt+1","construct:UnbalancingBlast","construct:SaveState+1"],"picked":"SKIP","floor":43},{"not_picked":["construct:Backfire+1","construct:Analyze","construct:Synchronize+1"],"picked":"SKIP","floor":44},{"not_picked":["construct:Zapper","construct:CripplingShot+1"],"picked":"construct:ModeShift+1","floor":48},{"not_picked":["construct:Anticipate+1","construct:FierceBash"],"picked":"construct:HammerDown","floor":50},{"not_picked":["construct:ShieldBurst","construct:ShiftingStance"],"picked":"construct:ShieldGenerator","floor":52}],"player_experience":145733,"relics_obtained":[{"floor":6,"key":"infinitespire:Satchel"},{"floor":8,"key":"hubris:DeckOfHolding"},{"floor":13,"key":"ReplayTheSpireMod:TigerMarble"},{"floor":26,"key":"Gremlin Horn"},{"floor":28,"key":"hubris:TinFlute"},{"floor":43,"key":"Oddly Smooth Stone"},{"floor":45,"key":"hubris:Metronome"},{"floor":48,"key":"Vajra"}],"event_choices":[{"cards_removed":["construct:Strike_Gold"],"damage_healed":0,"gold_gain":0,"player_choice":"Purged","damage_taken":0,"max_hp_gain":0,"max_hp_loss":0,"event_name":"Purifier","floor":4,"gold_loss":0},{"damage_healed":0,"gold_gain":0,"cards_transformed":["construct:Strike_Gold"],"player_choice":"Change","damage_taken":0,"max_hp_gain":0,"max_hp_loss":0,"event_name":"Living Wall","floor":10,"gold_loss":0,"cards_obtained":["construct:PointDefense"]},{"damage_healed":0,"gold_gain":0,"player_choice":"Ignored","damage_taken":0,"max_hp_gain":0,"max_hp_loss":0,"event_name":"Cursed Tome","floor":23,"gold_loss":0},{"damage_healed":0,"gold_gain":0,"cards_transformed":["construct:Defend_Gold"],"player_choice":"Transformed","damage_taken":0,"max_hp_gain":0,"max_hp_loss":0,"event_name":"Transmorgrifier","floor":32,"gold_loss":0,"cards_obtained":["construct:ClusterMines"]},{"damage_healed":5,"gold_gain":0,"player_choice":"LEAVE ","damage_taken":0,"relics_obtained":[],"max_hp_gain":0,"max_hp_loss":0,"event_name":"betterSkull:BetterSkull","floor":40,"gold_loss":0,"cards_upgraded":[]}],"is_beta":false,"boss_relics":[{"not_picked":["ChewingGum","Ectoplasm"],"picked":"conspire:SlowCooker"},{"not_picked":["Snecko Eye","Sozu"],"picked":"Painkiller Herb"},{"not_picked":["Replay:Ancient Bell","Tiny House"],"picked":"aspiration:IroncladSkillbook"}],"items_purged_floors":[7],"is_endless":true,"potions_floor_spawned":[1,3,8,12,13,24,26,39,48,52],"killed_by":"Cultist","ascension_level":1}}