{"host":"rhakyh2m1vy6smuu","time":1612364963,"event":{"mods":["BaseMod","Minty Spire (QoL Compilation)","StSLib"],"gold_per_floor":[116,116,136,24,36,36,47,76,76,76,107,125,125,154,154,233,233,250,261,281,281,206,206,235,251,251,264,292,215,244,244,244,316,316,331,351,376,376,389,414,414,440,440,467,6,35,55,55,55,55],"floor_reached":51,"language":"ENG","playtime":3851,"items_purged":["Doubt"],"score":1694,"play_id":"0c1efb2b-b62c-4568-a618-ae2af67c057a","local_time":"20210203080923","is_ascension_mode":true,"campfire_choices":[{"data":"Uppercut","floor":6.0,"key":"SMITH"},{"data":"Feel No Pain","floor":13.0,"key":"SMITH"},{"data":"Corruption","floor":15.0,"key":"SMITH"},{"data":"Rampage","floor":23.0,"key":"SMITH"},{"data":"True Grit","floor":32,"key":"SMITH"},{"data":"Double Tap","floor":41,"key":"SMITH"},{"data":"Demon Form","floor":49,"key":"SMITH"}],"circlet_count":0,"master_deck":["AscendersBane","Strike_R","Strike_R","Defend_R","Defend_R","Defend_R","Defend_R","Bash","Power Through","Uppercut+1","Intimidate","Rampage+1","Feel No Pain+1","Corruption+1","Feed","Spot Weakness","Limit Break","Exhume","Dark Embrace","Limit Break","Flex+1","Metallicize","Spot Weakness","Reckless Charge","True Grit+1","Double Tap+1","Headbutt+1","Madness","Madness","Feel No Pain","Dual Wield","Demon Form+1","Reaper","Sentinel+1","Flame Barrier","Discovery"],"relics":["Burning Blood","Charon\u0027s Ashes","Bottled Flame","Bottled Tornado","Magic Flower","Vajra","Runic Cube","Eternal Feather","Pantograph","Unceasing Top","MealTicket","Mark of Pain","Pocketwatch","Art of War","Mummified Hand","Paper Frog","The Courier","Frozen Eye","Self Forming Clay","Sundial"],"acts_visited":["Exordium","TheCity","TheBeyond"],"potions_floor_usage":[39,42,46,50,50],"damage_taken":[{"damage":8.0,"enemies":"2 Louse","floor":1.0,"turns":3.0},{"damage":1.0,"enemies":"Cultist","floor":3.0,"turns":4.0},{"damage":15.0,"enemies":"Small Slimes","floor":5.0,"turns":2.0},{"damage":17.0,"enemies":"3 Louse","floor":7.0,"turns":3.0},{"damage":24.0,"enemies":"Gremlin Nob","floor":8.0,"turns":4.0},{"damage":10.0,"enemies":"3 Sentries","floor":11.0,"turns":7.0},{"damage":4.0,"enemies":"Blue Slaver","floor":12.0,"turns":3.0},{"damage":40.0,"enemies":"Lagavulin","floor":14.0,"turns":9.0},{"damage":40.0,"enemies":"Hexaghost","floor":16.0,"turns":9.0},{"damage":7.0,"enemies":"Spheric Guardian","floor":18.0,"turns":4.0},{"damage":0.0,"enemies":"Chosen","floor":19.0,"turns":6.0},{"damage":7.0,"enemies":"Snake Plant","floor":20.0,"turns":5.0},{"damage":1.0,"enemies":"Gremlin Leader","floor":24.0,"turns":6.0},{"damage":3.0,"enemies":"Snecko","floor":25.0,"turns":6.0},{"damage":0.0,"enemies":"Chosen and Byrds","floor":27.0,"turns":5.0},{"damage":25.0,"enemies":"Book of Stabbing","floor":28.0,"turns":5.0},{"damage":21,"enemies":"Gremlin Leader","floor":30,"turns":8},{"damage":1,"enemies":"Collector","floor":33,"turns":7},{"damage":14,"enemies":"Orb Walker","floor":35,"turns":4},{"damage":0,"enemies":"3 Shapes","floor":36,"turns":4},{"damage":11,"enemies":"Mind Bloom Boss Battle","floor":37,"turns":7},{"damage":30,"enemies":"Writhing Mass","floor":39,"turns":5},{"damage":37,"enemies":"Nemesis","floor":40,"turns":7},{"damage":14,"enemies":"Reptomancer","floor":42,"turns":6},{"damage":0,"enemies":"Nemesis","floor":44,"turns":5},{"damage":33,"enemies":"Giant Head","floor":46,"turns":7},{"damage":15,"enemies":"4 Shapes","floor":47,"turns":6},{"damage":21,"enemies":"Donu and Deca","floor":50,"turns":5}],"seed_played":"-6105872628677177298","potions_obtained":[{"floor":1.0,"key":"ColorlessPotion"},{"floor":2.0,"key":"FairyPotion"},{"floor":3.0,"key":"ElixirPotion"},{"floor":14.0,"key":"Dexterity Potion"},{"floor":16.0,"key":"AttackPotion"},{"floor":20.0,"key":"ColorlessPotion"},{"floor":24.0,"key":"Energy Potion"},{"floor":25.0,"key":"Regen Potion"},{"floor":33,"key":"SteroidPotion"},{"floor":35,"key":"EssenceOfSteel"},{"floor":40,"key":"GamblersBrew"},{"floor":46,"key":"PowerPotion"}],"is_trial":false,"path_per_floor":["M","?","M","$","M","R","M","E","T","$","E","M","R","E","R","B",null,"M","M","M","$","?","R","E","M","T","M","E","$","E","?","R","B",null,"M","M","?","?","M","E","R","E","T","E","$","E","M","?","R","B",null],"character_chosen":"IRONCLAD","items_purchased":["Intimidate","Metallicize","Reaper","Frozen Eye","Self Forming Clay","Dexterity Potion"],"campfire_rested":0,"item_purchase_floors":[4,29,45,45,45,45],"current_hp_per_floor":[66,66,71,71,62,62,51,33,33,33,29,39,39,49,49,18,65,67,76,83,83,83,83,88,88,88,88,77,77,65,65,80,91,91,86,97,95,78,62,39,57,52,52,61,76,79,103,103,103,109],"gold":55,"neow_bonus":"ONE_RARE_RELIC","is_daily":false,"chose_seed":false,"campfire_upgraded":7,"win_rate":0.0,"timestamp":1612364963,"path_taken":["M","?","M","?","M","R","?","E","T","?","E","M","R","E","R","BOSS","M","M","?","$","?","R","E","M","T","M","E","$","E","?","R","BOSS","M","M","?","?","M","E","R","E","T","E","$","E","M","?","R","BOSS"],"items_purchased_type":["Card","Card","Card","Relic","Relic","Potion"],"build_version":"2020-12-22","purchased_purges":1,"victory":true,"max_hp_per_floor":[75,75,75,75,75,75,75,75,75,75,75,78,78,81,81,81,81,81,81,84,84,84,84,88,88,88,88,91,91,91,91,91,91,91,91,97,97,97,100,103,103,103,103,103,103,103,103,103,103,109],"card_choices":[{"not_picked":["Sentinel","Flex"],"picked":"Power Through","floor":1.0},{"not_picked":["Flex","Havoc"],"picked":"Uppercut","floor":3.0},{"not_picked":["Cleave","Inflame"],"picked":"Rampage","floor":5.0},{"not_picked":["Pommel Strike","Wild Strike"],"picked":"Feel No Pain","floor":7.0},{"not_picked":["Twin Strike","Shockwave"],"picked":"Corruption","floor":8.0},{"not_picked":["Havoc","Warcry"],"picked":"Feed","floor":11.0},{"not_picked":["Thunderclap","Headbutt"],"picked":"Spot Weakness","floor":12.0},{"not_picked":["Armaments","Rupture"],"picked":"Limit Break","floor":14.0},{"not_picked":["Fiend Fire","Demon Form"],"picked":"Exhume","floor":16.0},{"not_picked":["Flex","Cleave","Anger"],"picked":"SKIP","floor":18.0},{"not_picked":["Wild Strike","Hemokinesis","Havoc"],"picked":"SKIP","floor":19.0},{"not_picked":["Burning Pact","Metallicize"],"picked":"Dark Embrace","floor":20.0},{"not_picked":["Wild Strike","Anger+1"],"picked":"Limit Break","floor":24.0},{"not_picked":["Burning Pact+1","Iron Wave"],"picked":"Flex+1","floor":25.0},{"not_picked":["Anger","Armaments","Inflame"],"picked":"SKIP","floor":27.0},{"not_picked":["Power Through","Thunderclap","Sword Boomerang"],"picked":"SKIP","floor":28.0},{"not_picked":["Pummel","Shrug It Off"],"picked":"Spot Weakness","floor":30},{"not_picked":["Fiend Fire","Feed"],"picked":"Double Tap","floor":33},{"not_picked":["Flex","Bloodletting","True Grit"],"picked":"SKIP","floor":35},{"not_picked":["Flex","Bloodletting","True Grit"],"picked":"SKIP","floor":35},{"not_picked":["Armaments","True Grit","Perfected Strike+1"],"picked":"SKIP","floor":36},{"not_picked":["Anger","Searing Blow+1"],"picked":"Headbutt+1","floor":37},{"not_picked":["Immolate","Pummel"],"picked":"Feel No Pain","floor":39},{"not_picked":["Havoc","Headbutt"],"picked":"Dual Wield","floor":40},{"not_picked":["Sword Boomerang","Shrug It Off"],"picked":"Demon Form","floor":42},{"not_picked":["Entrench+1","Body Slam","Clash"],"picked":"SKIP","floor":44},{"not_picked":["Dropkick+1","Uppercut"],"picked":"Sentinel+1","floor":46},{"not_picked":["Armaments","Warcry"],"picked":"Flame Barrier","floor":47},{"not_picked":["Dark Shackles","Dramatic Entrance"],"picked":"Discovery","floor":48}],"player_experience":1508583,"relics_obtained":[{"floor":8.0,"key":"Bottled Flame"},{"floor":9.0,"key":"Bottled Tornado"},{"floor":11.0,"key":"Magic Flower"},{"floor":14.0,"key":"Vajra"},{"floor":24.0,"key":"Eternal Feather"},{"floor":26.0,"key":"Pantograph"},{"floor":28.0,"key":"Unceasing Top"},{"floor":30,"key":"MealTicket"},{"floor":37,"key":"Pocketwatch"},{"floor":40,"key":"Art of War"},{"floor":42,"key":"Mummified Hand"},{"floor":43,"key":"Paper Frog"},{"floor":44,"key":"The Courier"},{"floor":46,"key":"Sundial"}],"event_choices":[{"damage_healed":0.0,"max_hp_gain":0.0,"max_hp_loss":0.0,"gold_gain":0.0,"event_name":"Lab","player_choice":"Got Potions","floor":2.0,"gold_loss":0.0,"damage_taken":0.0},{"cards_removed":["Strike_R"],"damage_healed":0.0,"max_hp_gain":0.0,"max_hp_loss":0.0,"gold_gain":0.0,"event_name":"Beggar","player_choice":"Gave Gold","floor":22.0,"gold_loss":75.0,"damage_taken":0.0},{"damage_healed":0,"gold_gain":0,"cards_transformed":["Strike_R","Strike_R"],"player_choice":"Became Test Subject","damage_taken":0,"max_hp_gain":0,"max_hp_loss":0,"event_name":"Drug Dealer","floor":31,"gold_loss":0,"cards_obtained":["Reckless Charge","True Grit"]},{"damage_healed":0,"gold_gain":0,"player_choice":"Fight","damage_taken":0,"max_hp_gain":0,"max_hp_loss":0,"event_name":"MindBloom","floor":37,"gold_loss":0},{"damage_healed":0,"gold_gain":0,"player_choice":"Embrace Madness","damage_taken":17,"max_hp_gain":0,"max_hp_loss":0,"event_name":"Winding Halls","floor":38,"gold_loss":0,"cards_obtained":["Madness","Madness"]},{"damage_healed":0,"gold_gain":0,"player_choice":"Memory 1","damage_taken":0,"max_hp_gain":0,"max_hp_loss":0,"event_name":"SensoryStone","floor":48,"gold_loss":0}],"is_beta":false,"boss_relics":[{"not_picked":["Velvet Choker","Fusion Hammer"],"picked":"Runic Cube"},{"not_picked":["Runic Pyramid","Empty Cage"],"picked":"Mark of Pain"}],"items_purged_floors":[4],"is_endless":false,"potions_floor_spawned":[1,3,14,16,20,24,25,33,35,37,40,46,47],"ascension_level":19}}