{"host":"1q02rw1wpi0nrsss","time":1612379464,"event":{"mods":["AchievementEnabler","BaseMod","Better Note","Custom Start","Dark Map","DeckTracker","Disable Question Mark Monsters","Hermit","Minty Spire (QoL Compilation)","Permanent Neow","Quick Restart","Rare Cards Sparkle","Relic Stats","StSLib"],"gold_per_floor":[119,119,133,8,26,26,51,51,51,16,16,26,26,51,51,156,156,170,170,184,284,59,59,73,106,133,133,133,148,148,159,159,264,264,279,36,36,50,70,70,90,136,136,11,11,21,34,47,47,47],"floor_reached":51,"language":"ENG","playtime":2066,"items_purged":["Strike_G","Strike_G","Parasite"],"score":733,"play_id":"a10816a7-908b-41a3-b240-97ad96838734","local_time":"20210203111104","is_ascension_mode":true,"campfire_choices":[{"data":"Deadly Poison","floor":6.0,"key":"SMITH"},{"data":"Blur","floor":8.0,"key":"SMITH"},{"data":"Footwork","floor":13,"key":"SMITH"},{"data":"Terror","floor":15,"key":"SMITH"},{"data":"Catalyst","floor":23,"key":"SMITH"},{"data":"Parasite","floor":27,"key":"PURGE"},{"data":"Neutralize","floor":30,"key":"SMITH"},{"data":"Corpse Explosion","floor":32,"key":"SMITH"},{"data":"After Image","floor":40,"key":"SMITH"},{"data":"Blur","floor":45,"key":"SMITH"},{"data":"Backflip","floor":49,"key":"SMITH"}],"circlet_count":0,"master_deck":["Strike_G+1","Strike_G","Strike_G","Defend_G","Defend_G","Defend_G","Defend_G","Defend_G","Survivor+1","Neutralize+1","Blur+1","PiercingWail","Deadly Poison+1","Footwork+1","Terror+1","Cloak And Dagger","Corpse Explosion+1","Deadly Poison+1","Catalyst+1","Blur+1","Acrobatics+1","After Image+1","Deadly Poison+1","Backflip+1","Blur+1"],"relics":["Ring of the Snake","Peace Pipe","Singing Bowl","Oddly Smooth Stone","Cursed Key","Bag of Preparation","Eternal Feather","Black Star","Bronze Scales","Gambling Chip","Strawberry"],"acts_visited":["Exordium","TheCity","TheBeyond"],"potions_floor_usage":[12,16,16,25,31,33,42,42,42,42,46,48],"damage_taken":[{"damage":5.0,"enemies":"Small Slimes","floor":1.0,"turns":4.0},{"damage":1.0,"enemies":"Cultist","floor":3.0,"turns":5.0},{"damage":2.0,"enemies":"2 Louse","floor":5.0,"turns":4.0},{"damage":18.0,"enemies":"Gremlin Nob","floor":7.0,"turns":4.0},{"damage":0,"enemies":"Looter","floor":12,"turns":4},{"damage":4,"enemies":"Lagavulin","floor":14,"turns":10},{"damage":4,"enemies":"Slime Boss","floor":16,"turns":13},{"damage":0,"enemies":"Shell Parasite","floor":18,"turns":5},{"damage":5,"enemies":"Spheric Guardian","floor":20,"turns":5},{"damage":3,"enemies":"Snecko","floor":24,"turns":5},{"damage":2,"enemies":"Book of Stabbing","floor":25,"turns":5},{"damage":0,"enemies":"Snake Plant","floor":29,"turns":4},{"damage":26,"enemies":"Chosen and Byrds","floor":31,"turns":8},{"damage":2,"enemies":"Collector","floor":33,"turns":7},{"damage":0,"enemies":"Orb Walker","floor":35,"turns":4},{"damage":6,"enemies":"3 Darklings","floor":38,"turns":4},{"damage":9,"enemies":"4 Shapes","floor":39,"turns":7},{"damage":0,"enemies":"Maw","floor":41,"turns":6},{"damage":26,"enemies":"2 Orb Walkers","floor":42,"turns":5},{"damage":11,"enemies":"Sphere and 2 Shapes","floor":46,"turns":5},{"damage":0,"enemies":"Spire Growth","floor":47,"turns":6},{"damage":5,"enemies":"4 Shapes","floor":48,"turns":2},{"damage":26,"enemies":"Awakened One","floor":50,"turns":19}],"seed_played":"4162667756658781920","potions_obtained":[{"floor":0.0,"key":"LiquidBronze"},{"floor":0.0,"key":"ColorlessPotion"},{"floor":0.0,"key":"FairyPotion"},{"floor":2.0,"key":"AttackPotion"},{"floor":2.0,"key":"FearPotion"},{"floor":7.0,"key":"LiquidBronze"},{"floor":14,"key":"EntropicBrew"},{"floor":16,"key":"Ancient Potion"},{"floor":25,"key":"Explosive Potion"},{"floor":31,"key":"Energy Potion"},{"floor":38,"key":"EntropicBrew"},{"floor":42,"key":"AttackPotion"},{"floor":46,"key":"Explosive Potion"}],"is_trial":false,"path_per_floor":["M","?","M","$","M","R","E","R","T","?","?","M","R","E","R","B",null,"M","?","M","?","$","R","M","E","T","R","?","M","R","M","R","B",null,"M","$","$","M","M","R","M","?","T","$","R","M","M","M","R","B",null],"character_chosen":"THE_SILENT","items_purchased":["Deadly Poison","Bag of Preparation","Catalyst","Bronze Scales"],"campfire_rested":0,"item_purchase_floors":[4,22,22,36],"current_hp_per_floor":[65,65,64,64,62,62,44,44,44,61,47,47,47,43,43,39,70,70,70,67,67,67,67,66,66,66,73,73,75,75,49,61,59,75,75,75,75,71,62,74,74,50,57,57,72,63,65,62,77,51],"gold":47,"neow_bonus":"THREE_SMALL_POTIONS","is_daily":false,"chose_seed":false,"campfire_upgraded":10,"win_rate":0.0,"timestamp":1612379464,"path_taken":["M","?","M","?","M","R","E","R","T","?","?","M","R","E","R","BOSS","M","?","M","?","$","R","?","E","T","R","?","M","R","M","R","BOSS","M","?","$","M","M","R","M","?","T","$","R","M","M","M","R","BOSS"],"items_purchased_type":["Card","Relic","Card","Relic"],"build_version":"2020-12-22","purchased_purges":3,"victory":true,"max_hp_per_floor":[70,70,70,70,70,70,70,70,70,70,70,70,70,70,70,70,70,70,70,72,72,72,72,74,76,76,73,73,75,75,75,75,75,75,75,75,75,77,77,77,77,79,86,83,83,85,87,89,89,89],"relic_stats":{"Peace Pipe":1,"Singing Bowl":18,"counters":[23,141],"Bronze Scales":[216],"Gambling Chip":[12],"Eternal Feather":64,"Bag of Preparation":[28],"Black Star":0,"Cursed Key":2,"obtain_stats":[{"Peace Pipe":7,"Singing Bowl":9,"Bronze Scales":36,"Gambling Chip":42,"Strawberry":43,"Oddly Smooth Stone":14,"Eternal Feather":25,"Bag of Preparation":22,"Black Star":34,"Cursed Key":17,"Ring of the Snake":0},{"Peace Pipe":4,"Singing Bowl":4,"Bronze Scales":15,"Gambling Chip":19,"Strawberry":19,"Oddly Smooth Stone":6,"Eternal Feather":11,"Bag of Preparation":9,"Black Star":14,"Cursed Key":7,"Ring of the Snake":0},{"Peace Pipe":17,"Singing Bowl":17,"Bronze Scales":87,"Gambling Chip":109,"Strawberry":109,"Oddly Smooth Stone":31,"Eternal Feather":64,"Bag of Preparation":54,"Black Star":83,"Cursed Key":44,"Ring of the Snake":0}],"Ring of the Snake":[46]},"card_choices":[{"not_picked":["Dodge and Roll","Deflect"],"picked":"Blur","floor":1.0},{"not_picked":["Quick Slash","Sucker Punch"],"picked":"PiercingWail","floor":3.0},{"not_picked":["Backstab","Poisoned Stab"],"picked":"Footwork","floor":5.0},{"not_picked":["Flying Knee","Setup","Underhanded Strike"],"picked":"SKIP","floor":7.0},{"not_picked":["Blade Dance","Backflip"],"picked":"Terror","floor":12},{"not_picked":["Venomology","Acrobatics"],"picked":"Cloak And Dagger","floor":14},{"not_picked":["Phantasmal Killer","Burst"],"picked":"Corpse Explosion","floor":16},{"not_picked":["Sucker Punch","All Out Attack"],"picked":"Deadly Poison+1","floor":18},{"not_picked":["Underhanded Strike+1","Dagger Throw","Infinite Blades+1"],"picked":"Singing Bowl","floor":20},{"not_picked":["Bane+1","Acrobatics","Choke"],"picked":"Singing Bowl","floor":24},{"not_picked":["Cloak And Dagger","Flechettes","Catalyst"],"picked":"Singing Bowl","floor":25},{"not_picked":["Sucker Punch+1","Outmaneuver","Tactician+1"],"picked":"Singing Bowl","floor":29},{"not_picked":["Calculated Gamble","Dagger Throw"],"picked":"Acrobatics+1","floor":31},{"not_picked":["Bullet Time","Doppelganger"],"picked":"After Image","floor":33},{"not_picked":["Infinite Blades+1","Expertise"],"picked":"Deadly Poison+1","floor":35},{"not_picked":["Outmaneuver","Dagger Throw","Dagger Spray"],"picked":"Singing Bowl","floor":38},{"not_picked":["Underhanded Strike","Bane"],"picked":"Backflip","floor":39},{"not_picked":["Slice","Blade Dance"],"picked":"Blur","floor":41},{"not_picked":["Blade Dance+1","Caltrops","Calculated Gamble"],"picked":"Singing Bowl","floor":42},{"not_picked":["Underhanded Strike+1","Deflect+1","Infinite Blades+1"],"picked":"Singing Bowl","floor":46},{"not_picked":["A Thousand Cuts","Dagger Spray+1","Quick Slash"],"picked":"Singing Bowl","floor":47},{"not_picked":["PiercingWail","Endless Agony","Underhanded Strike+1"],"picked":"Singing Bowl","floor":48}],"player_experience":267003,"relics_obtained":[{"floor":7.0,"key":"Peace Pipe"},{"floor":9.0,"key":"Singing Bowl"},{"floor":14,"key":"Oddly Smooth Stone"},{"floor":25,"key":"Eternal Feather"},{"floor":42,"key":"Gambling Chip"},{"floor":43,"key":"Strawberry"}],"event_choices":[{"damage_healed":0.0,"max_hp_gain":0.0,"max_hp_loss":0.0,"gold_gain":0.0,"event_name":"Lab","player_choice":"Got Potions","floor":2.0,"gold_loss":0.0,"damage_taken":0.0},{"damage_healed":17.0,"max_hp_gain":0.0,"max_hp_loss":0.0,"gold_gain":0.0,"event_name":"The Cleric","player_choice":"Healed","floor":10.0,"gold_loss":35.0,"damage_taken":0.0},{"damage_healed":0.0,"max_hp_gain":0.0,"max_hp_loss":0.0,"gold_gain":0.0,"event_name":"Shining Light","player_choice":"Entered Light","floor":11.0,"gold_loss":0.0,"damage_taken":14.0,"cards_upgraded":["Strike_G","Survivor"]},{"damage_healed":0,"gold_gain":0,"player_choice":"Ignored","damage_taken":0,"max_hp_gain":0,"max_hp_loss":0,"event_name":"Vampires","floor":19,"gold_loss":0},{"damage_healed":0,"gold_gain":100,"player_choice":"Pray","damage_taken":0,"max_hp_gain":0,"max_hp_loss":0,"event_name":"Golden Shrine","floor":21,"gold_loss":0},{"damage_healed":0,"gold_gain":0,"player_choice":"Copied","damage_taken":0,"max_hp_gain":0,"max_hp_loss":0,"event_name":"Duplicator","floor":28,"gold_loss":0,"cards_obtained":["Blur"]},{"damage_healed":0,"gold_gain":0,"player_choice":"Fight","damage_taken":0,"max_hp_gain":0,"max_hp_loss":0,"event_name":"Mysterious Sphere","floor":42,"gold_loss":0}],"is_beta":false,"boss_relics":[{"not_picked":["Empty Cage","Tiny House"],"picked":"Cursed Key"},{"not_picked":["Sozu","WristBlade"],"picked":"Black Star"}],"items_purged_floors":[4,36,44],"is_endless":false,"potions_floor_spawned":[7,14,16,25,31,38,39,42,46],"ascension_level":1}}