{"host":"orwsrz1cc0wttjjy","time":1612377532,"event":{"mods":["100% Spire Juice","2.2 Compatiblity","AchievementEnabler","Arknights","Astrologer","BaseMod","Better Altar","Better Match","Better Skull","Better Third Choice","BetterRewards","CapriCore","ChefMod","Colored Map","Colored Powertips","Conspire","DeckTracker","Friendly Minions","Halation","Hermit","Hubris","Infinite Spire","Mimic Mod","Minty Spire (QoL Compilation)","MostiFishMod","Permanent Neow","Puzzle Mod","Relic Sorter","Relic Stats","Robot Space Explorer","Shop Mod","Spicy Shops","Spire Arcade","StSLib","Td1madao Mod","The Accelerator","The Animator","The Cursed","The Gatherer","The Hierophant","The Marked","The Poker Player","The Runesmith","Treasure Hunter","everything is the same but u backflip on backflip"],"gold_per_floor":[150,163,176,176,194,229,229,246,246,265,282,282,309,8,8,104,104,116,116,116,129,44,79,79,97,129,148,148,158,175,195,195,292,292,310,325,335,372,372,385,402,36,61,61,75,75,87,97,97,97,97],"floor_reached":50,"language":"KOR","playtime":5246,"items_purged":["TH:BikiniMail"],"score":584,"play_id":"ad783b4e-6690-45e3-8245-a659fcbe2ddb","local_time":"20210204033852","is_ascension_mode":false,"campfire_choices":[{"floor":7.0,"key":"REST"},{"floor":15.0,"key":"REST"},{"data":"theMarked:MysticalArsenal","floor":32.0,"key":"SMITH"},{"floor":44,"key":"RECALL"},{"floor":49,"key":"REST"}],"circlet_count":0,"master_deck":["theMarked:Strike","theMarked:Strike","theMarked:Strike","theMarked:Strike","theMarked:Defend","theMarked:Defend","theMarked:Defend+1","theMarked:SoldierOfQuellstein","theMarked:SwordAndMagic","theMarked:GodGivenPower","theMarked:BanishingStrike","infinitespire:Fortify","theMarked:Generate","TH:CopperCoins","theMarked:OneWithTheBlade","theMarked:Improvise","TH:TreasureMap+1","theMarked:MysticalArsenal+1","theMarked:BanishingStrike","TH:DeckOfManyThings","theMarked:Friction","theMarked:MagusForm","theMarked:FavorableWinds","theMarked:Seal+1","theMarked:Heritage","theMarked:ComboAttacks+1","TH:DeckOfManyThings","theMarked:SwordAndMagic","theMarked:EmpowerWeapon","theMarked:Improvise+1","TH:DeckOfManyThings","theMarked:UnarmedFury","CurseOfTheBell","theMarked:ResourceFulStrike+1","theMarked:Electrify+1","theMarked:BindingBlade","theMarked:Challenge","Bandage Up","theMarked:BanishingStrike+1","theMarked:PowerFlow+1","TH:TreasureMap","theMarked:MuscleMemory+1","theMarked:Memento+1","theMarked:SwordAndMagic+1"],"relics":["theMarked:ArtifactOfAir","RhineFirstAidKit","RhineSuit","SynthV:TestCard","hubris:SlimyHat","BionicSphere","HornCleat","hubris:EmptyBottle","The Courier","Bag of Marbles","Nloth\u0027s Gift","Calling Bell","Smiling Mask","hubris:DisguiseKit","Shovel","Ginger","SynthV","theMarked:NailFile","Orichalcum"],"acts_visited":["Exordium","TheCity","TheBeyond"],"potions_floor_usage":[36,50,50,50],"damage_taken":[{"damage":0.0,"enemies":"Cultist","floor":1.0,"turns":2.0},{"damage":0.0,"enemies":"Small Slimes","floor":2.0,"turns":2.0},{"damage":6.0,"enemies":"conspire:RoseBush","floor":3.0,"turns":2.0},{"damage":2.0,"enemies":"conspire:2 RoseBushes","floor":5.0,"turns":4.0},{"damage":1.0,"enemies":"3 Sentries","floor":6.0,"turns":5.0},{"damage":12.0,"enemies":"3 Louse","floor":8.0,"turns":3.0},{"damage":0.0,"enemies":"Exordium Wildlife","floor":10.0,"turns":3.0},{"damage":0.0,"enemies":"2 Fungi Beasts","floor":11.0,"turns":2.0},{"damage":14.0,"enemies":"Lagavulin","floor":13.0,"turns":4.0},{"damage":33.0,"enemies":"The Guardian","floor":16.0,"turns":8.0},{"damage":0.0,"enemies":"Spheric Guardian","floor":18.0,"turns":3.0},{"damage":15.0,"enemies":"3 Byrds","floor":21.0,"turns":6.0},{"damage":22.0,"enemies":"Slavers","floor":23.0,"turns":6.0},{"damage":1.0,"enemies":"Snecko","floor":25.0,"turns":3.0},{"damage":6.0,"enemies":"Cultist and Chosen","floor":26.0,"turns":8.0},{"damage":0.0,"enemies":"Cultist and Chosen","floor":27.0,"turns":5.0},{"damage":30.0,"enemies":"3 Cultists","floor":29.0,"turns":6.0},{"damage":9.0,"enemies":"Shelled Parasite and Fungi","floor":30.0,"turns":4.0},{"damage":0.0,"enemies":"Snecko","floor":31.0,"turns":3.0},{"damage":0.0,"enemies":"Automaton","floor":33.0,"turns":6.0},{"damage":0.0,"enemies":"Orb Walker","floor":35.0,"turns":2.0},{"damage":39,"enemies":"3 Darklings","floor":36,"turns":5},{"damage":0,"enemies":"Maw","floor":37,"turns":6},{"damage":13,"enemies":"Transient","floor":38,"turns":7},{"damage":19,"enemies":"Transient","floor":40,"turns":5},{"damage":30,"enemies":"3 Darklings","floor":41,"turns":6},{"damage":2,"enemies":"Spire Growth","floor":45,"turns":3},{"damage":12,"enemies":"Sphere and 2 Shapes","floor":47,"turns":4},{"damage":31,"enemies":"4 Shapes","floor":48,"turns":5},{"damage":55,"enemies":"Awakened One","floor":50,"turns":4}],"seed_played":"-1028865786678976671","potions_obtained":[{"floor":1.0,"key":"Swift Potion"},{"floor":2.0,"key":"Block Potion"},{"floor":10.0,"key":"Strength Potion"},{"floor":11.0,"key":"EssenceOfSteel"},{"floor":16.0,"key":"DistilledChaos"},{"floor":23.0,"key":"Swift Potion"},{"floor":27.0,"key":"PowerPotion"},{"floor":29.0,"key":"ColorlessPotion"},{"floor":30.0,"key":"Block Potion"},{"floor":37,"key":"CultistPotion"},{"floor":41,"key":"LiquidBronze"}],"is_trial":false,"path_per_floor":["M","M","M","?","M","E","R","M","T","M","M","?","E","$","R","B",null,"M","?","?","M","?","E","?","M","MIM","M","?","M","M","M","R","B",null,"M","M","M","MIM","?","M","M","$","T","R","M","?","M","M","R","B"],"character_chosen":"THE_DEFAULT","items_purchased":["theMarked:MagusForm","hubris:EmptyBottle","SynthV","theMarked:NailFile"],"campfire_rested":3,"item_purchase_floors":[14,14,42,42],"current_hp_per_floor":[70,70,64,48,46,45,66,54,54,54,54,40,26,26,47,14,70,70,70,70,55,55,33,33,70,64,64,64,34,70,70,70,70,70,70,70,70,57,57,38,70,70,70,70,68,68,56,25,46,0,0],"gold":97,"neow_bonus":"THREE_CARDS","is_daily":false,"chose_seed":false,"campfire_upgraded":1,"win_rate":0.0,"timestamp":1612377532,"path_taken":["M","?","M","?","M","E","R","M","T","M","M","?","E","?","R","BOSS","M","?","?","M","?","E","?","?","MIM","M","?","M","M","M","R","BOSS","M","M","M","?","?","M","M","?","T","R","?","?","?","M","R","BOSS"],"items_purchased_type":["Card","Relic","Relic","Relic"],"build_version":"2020-12-22","purchased_purges":1,"victory":false,"max_hp_per_floor":[70,70,70,70,70,70,70,70,70,70,70,70,70,70,70,70,70,70,70,70,70,70,70,70,70,70,70,70,70,70,70,70,70,70,70,70,70,70,70,70,70,70,70,70,70,70,70,70,70,70,70],"relic_stats":{"Shovel":0,"counters":[30,132],"Nloth\u0027s Gift":6,"Ginger":[0],"Orichalcum":[18],"Smiling Mask":10,"obtain_stats":[{"hubris:DisguiseKit":34,"theMarked:NailFile":42,"DaveBox":0,"SynthV":42,"RhineSuit":0,"The Courier":22,"hubris:SlimyHat":6,"Ginger":38,"hubris:EmptyBottle":14,"Orichalcum":43,"Smiling Mask":34,"Calling Bell":34,"theMarked:ArtifactOfAir":0,"SynthV:TestCard":1,"HornCleat":13,"RhineFirstAidKit":17,"Shovel":34,"BionicSphere":9,"Bag of Marbles":23,"Nloth\u0027s Gift":28},{"hubris:DisguiseKit":20,"theMarked:NailFile":26,"DaveBox":0,"SynthV":26,"RhineSuit":0,"The Courier":12,"hubris:SlimyHat":5,"Ginger":24,"hubris:EmptyBottle":9,"Orichalcum":26,"Smiling Mask":20,"Calling Bell":20,"theMarked:ArtifactOfAir":0,"SynthV:TestCard":1,"HornCleat":9,"RhineFirstAidKit":10,"Shovel":20,"BionicSphere":6,"Bag of Marbles":13,"Nloth\u0027s Gift":16},{"hubris:DisguiseKit":85,"theMarked:NailFile":116,"DaveBox":0,"SynthV":116,"RhineSuit":0,"The Courier":44,"hubris:SlimyHat":15,"Ginger":105,"hubris:EmptyBottle":27,"Orichalcum":116,"Smiling Mask":85,"Calling Bell":85,"theMarked:ArtifactOfAir":0,"SynthV:TestCard":2,"HornCleat":27,"RhineFirstAidKit":35,"Shovel":85,"BionicSphere":18,"Bag of Marbles":50,"Nloth\u0027s Gift":66}]},"card_choices":[{"not_picked":["theMarked:EmpowerWeapon","theMarked:Aftermath"],"picked":"theMarked:SwordAndMagic","floor":0.0},{"not_picked":["theMarked:StartUp","theMarked:Indomitable","theMarked:CreepingChasm"],"picked":"SKIP","floor":1.0},{"not_picked":["theMarked:ResourceFulStrike","theMarked:Improvise","theMarked:Panic","theMarked:ElectricStrings"],"picked":"theMarked:GodGivenPower","floor":2.0},{"not_picked":["theMarked:WastefulAttack","theMarked:ResourceFulStrike","theMarked:RepellingDischarge","theMarked:Reabsorb"],"picked":"theMarked:BanishingStrike","floor":3.0},{"not_picked":["infinitespire:Execution","infinitespire:Menacing"],"picked":"infinitespire:Fortify","floor":4.0},{"not_picked":["theMarked:HeightenedSenses","theMarked:TakeCover","theMarked:MuscleMemory","theMarked:BanishingWave"],"picked":"theMarked:Generate","floor":5.0},{"not_picked":["TH:PixieDust","TH:ElvenBoots","TH:CursedSword"],"picked":"TH:CopperCoins","floor":6.0},{"not_picked":["theMarked:Polarize","theMarked:StartUp","theMarked:Aftermath","theMarked:Standoff"],"picked":"theMarked:OneWithTheBlade","floor":6.0},{"not_picked":["theMarked:Electrify","theMarked:BanishingWave","theMarked:Parry","theMarked:Determination"],"picked":"theMarked:Improvise","floor":8.0},{"not_picked":["TH:EnergyPotion","TH:PixieDust","TH:ArmorSpikes"],"picked":"TH:TreasureMap","floor":9.0},{"not_picked":["theMarked:Parkour","theMarked:Static","theMarked:MuscleMemory","theMarked:PowerFlow"],"picked":"theMarked:MysticalArsenal","floor":10.0},{"not_picked":["theMarked:Maelstrom","theMarked:HeightenedSenses","theMarked:Overcharge","theMarked:MysticalArsenal"],"picked":"theMarked:BanishingStrike","floor":11.0},{"not_picked":["TH:CopperCoins","TH:ElvenBoots","TH:PixieDust"],"picked":"TH:DeckOfManyThings","floor":13.0},{"not_picked":["theMarked:ChainLightning","theMarked:Standoff","theMarked:Toughness","theMarked:ElectricStrings"],"picked":"theMarked:Friction","floor":13.0},{"not_picked":["TH:EnergyPotion","TH:PixieDust","TH:TreasureMap"],"picked":"TH:BikiniMail","floor":16.0},{"not_picked":["theMarked:SuspiciousRaven","theMarked:Levitate","theMarked:TakeOffHeels","theMarked:MagusForm"],"picked":"theMarked:FavorableWinds","floor":16.0},{"not_picked":["theMarked:KeepCalmAndFight+1","theMarked:MuscleMemory+1","theMarked:ParalyzingBlade","theMarked:WastefulAttack"],"picked":"theMarked:Seal+1","floor":18.0},{"not_picked":["theMarked:Determination","theMarked:RogueSparks","theMarked:TunnelVision","theMarked:Frustration+1"],"picked":"theMarked:ComboAttacks+1","floor":21.0},{"not_picked":["TH:Mimic","TH:CursedSword","TH:PixieDust"],"picked":"TH:DeckOfManyThings","floor":23.0},{"not_picked":["theMarked:EmpowerWeapon","theMarked:ContemptForTheProud","theMarked:Improvise","theMarked:Electrify"],"picked":"theMarked:SwordAndMagic","floor":23.0},{"not_picked":["theMarked:Memento","theMarked:PowerFlow+1","theMarked:ComboAttacks","theMarked:FavorableWinds"],"picked":"theMarked:EmpowerWeapon","floor":25.0},{"not_picked":["theMarked:Frustration","theMarked:TakeCover","theMarked:SwordAndMagic","theMarked:TwofoldDefense+1","theMarked:Polarize"],"picked":"SKIP","floor":27.0},{"not_picked":["theMarked:TwofoldDefense+1","theMarked:Overthink+1","theMarked:LightningStrikesTwice+1","theMarked:ChainLightning"],"picked":"theMarked:Improvise+1","floor":29.0},{"not_picked":["theMarked:Determination","theMarked:Vacuum","theMarked:Overthink","theMarked:Aftermath","theMarked:ElectricStrings"],"picked":"SKIP","floor":30.0},{"not_picked":["theMarked:Frustration","theMarked:Convert","theMarked:Generate","theMarked:Panic","theMarked:Aftermath"],"picked":"SKIP","floor":31.0},{"not_picked":["TH:PixieDust","TH:ElvenBoots","TH:EnergyPotion"],"picked":"TH:DeckOfManyThings","floor":33.0},{"not_picked":["theMarked:Defy","theMarked:DispelDoubt","theMarked:TurnInvisible","theMarked:MagusForm"],"picked":"theMarked:UnarmedFury","floor":33.0},{"not_picked":["theMarked:Reabsorb","theMarked:ElectricStrings","theMarked:EmpowerWeapon+1","theMarked:Improvise","Thunderclap"],"picked":"theMarked:ResourceFulStrike+1","floor":35.0},{"not_picked":["theMarked:Seal","theMarked:ChainLightning","theMarked:ElectricStrings+1","theMarked:Memento","Shockwave"],"picked":"theMarked:Electrify+1","floor":36},{"not_picked":["theMarked:TwofoldDefense+1","theMarked:ShockingTouch+1","theMarked:WardOff","theMarked:SwordAndMagic+1","Shrug It Off"],"picked":"theMarked:BindingBlade","floor":37},{"not_picked":["theMarked:Parry+1","theMarked:TakeCover+1","theMarked:BanishingWave","theMarked:Memento","Clash"],"picked":"theMarked:Challenge","floor":38},{"not_picked":["Discovery","Blind","Deep Breath","Mind Blast"],"picked":"Bandage Up","floor":39},{"not_picked":["theMarked:EmpowerWeapon+1","theMarked:StartUp","theMarked:HeightenedSenses","theMarked:Static","True Grit"],"picked":"theMarked:BanishingStrike+1","floor":40},{"not_picked":["theMarked:Abjuration","theMarked:SwordAndMagic+1","theMarked:RepellingDischarge","theMarked:Challenge","Shrug It Off"],"picked":"theMarked:PowerFlow+1","floor":41},{"not_picked":["TH:ArmorSpikes","TH:BikiniMail","TH:Mimic"],"picked":"TH:TreasureMap","floor":43},{"not_picked":["theMarked:WardOff+1","theMarked:Improvise+1","theMarked:BanishingStrike+1","theMarked:EmpowerWeapon+1","Heavy Blade"],"picked":"theMarked:MuscleMemory+1","floor":45},{"not_picked":["theMarked:CreepingChasm","theMarked:Toughness","theMarked:Indomitable+1","theMarked:Snap","Twin Strike"],"picked":"theMarked:Memento+1","floor":47},{"not_picked":["theMarked:Parkour+1","theMarked:WardOff+1","theMarked:Determination","theMarked:HeightenedSenses+1","Anger"],"picked":"theMarked:SwordAndMagic+1","floor":48}],"player_experience":323339,"relics_obtained":[{"floor":1.0,"key":"SynthV:TestCard"},{"floor":6.0,"key":"hubris:SlimyHat"},{"floor":9.0,"key":"BionicSphere"},{"floor":13.0,"key":"HornCleat"},{"floor":23.0,"key":"Bag of Marbles"},{"floor":34.0,"key":"Smiling Mask"},{"floor":34.0,"key":"hubris:DisguiseKit"},{"floor":34.0,"key":"Shovel"},{"floor":38,"key":"Ginger"},{"floor":43,"key":"Orichalcum"}],"event_choices":[{"damage_healed":54.0,"max_hp_gain":0.0,"max_hp_loss":70.0,"gold_gain":0.0,"event_name":"betterThird:BetterShining","player_choice":"Upgrade","floor":12.0,"gold_loss":0.0,"damage_taken":14.0,"cards_upgraded":["TH:TreasureMap","theMarked:Defend"]},{"damage_healed":0.0,"max_hp_gain":0.0,"max_hp_loss":0.0,"gold_gain":0.0,"event_name":"The Library","player_choice":"Read","floor":19.0,"gold_loss":0.0,"damage_taken":0.0,"cards_obtained":["theMarked:Heritage"]},{"damage_healed":0.0,"max_hp_gain":0.0,"max_hp_loss":0.0,"gold_gain":0.0,"event_name":"Vampires","player_choice":"Ignored","floor":20.0,"gold_loss":0.0,"damage_taken":0.0},{"damage_healed":0.0,"max_hp_gain":0.0,"max_hp_loss":0.0,"gold_gain":0.0,"event_name":"Addict","player_choice":"Obtained Relic","floor":22.0,"gold_loss":85.0,"damage_taken":0.0,"relics_obtained":["The Courier"]},{"cards_removed":["theMarked:Defend"],"damage_healed":0.0,"max_hp_gain":0.0,"max_hp_loss":0.0,"gold_gain":0.0,"event_name":"betterThird:BetterWriting","player_choice":"Elegance","floor":24.0,"gold_loss":0.0,"damage_taken":0.0},{"damage_healed":0.0,"max_hp_gain":0.0,"max_hp_loss":0.0,"gold_gain":0.0,"event_name":"N\u0027loth","player_choice":"Traded Relic","floor":28.0,"relics_lost":["DaveBox"],"gold_loss":0.0,"damage_taken":0.0,"relics_obtained":["Nloth\u0027s Gift"]},{"damage_healed":0,"gold_gain":0,"player_choice":"Memory 1","damage_taken":0,"max_hp_gain":0,"max_hp_loss":0,"event_name":"SensoryStone","floor":39,"gold_loss":0},{"cards_removed":["theMarked:Strike"],"damage_healed":0,"gold_gain":0,"player_choice":"Purged","damage_taken":0,"max_hp_gain":0,"max_hp_loss":0,"event_name":"Purifier","floor":46,"gold_loss":0}],"is_beta":false,"boss_relics":[{"not_picked":["NightmareShop","Snecko Eye"],"picked":"RhineFirstAidKit"},{"not_picked":["Black Star","hubris:TerracottaHorce"],"picked":"Calling Bell"}],"items_purged_floors":[42],"is_endless":false,"potions_floor_spawned":[1,2,10,11,16,23,27,29,30,31,37,41],"killed_by":"Awakened One","ascension_level":0}}