{"host":"ueaeb6fe0hvwaqzf","time":1612394496,"event":{"mods":["2.2 Compatiblity","AchievementEnabler","Act Like it!","Aspiration","BaseMod","BetterRewards","Clawfect","Colored Map","Colored Powertips","Conspire","Defuse TimeMaze Blight","Downfall","Energized Spire","GifTheSpireLib","GungeonMod","Hallownest","Highlight Path","Hubris","Infinite Spire","Koishi","Marisa????????","Mimic Mod","Minty Spire (QoL Compilation)","Pale of the Ancients","Permanent Neow","Quick Restart","Random Character Button","Remilia??????","Replay The Spire","StSLib","Stuff the Spire","Td1madao Mod","The Bug Knight","The Disciple","The IronCluck","The Servant 0.9.4","slay the spire mod where everything is the same but ironclad has a cowboy hat"],"gold_per_floor":[119,119,132,132,132,132,158,158,158,214,226,240,165,185,185,281,281,299,9,9,9,9,9,9,42,42,42,73,85,100,112,112,208,208,222,222,256,10,24,24,54,54,54,68,100,100,100,111,111,111,111],"floor_reached":50,"language":"ENG","playtime":2740,"items_purged":["Strike_Br","OverTime","Defend_Br"],"score":664,"play_id":"d323df83-2447-4264-b5ed-b69a53559bbb","local_time":"20210203232136","is_ascension_mode":true,"campfire_choices":[{"floor":6,"key":"REST"},{"data":"ResonantCall","floor":8,"key":"SMITH"},{"data":"HandsUpC","floor":15,"key":"SMITH"},{"data":"OracleForm","floor":23,"key":"SMITH"},{"floor":27,"key":"REST"},{"floor":32,"key":"REST"},{"data":"ReplayUltimateDefense","floor":40,"key":"SMITH"},{"data":"RageCommand","floor":42,"key":"SMITH"},{"floor":47,"key":"REST"},{"floor":49,"key":"REST"}],"circlet_count":0,"master_deck":["Allegretto+1","Lento+1","Defend_Br","Defend_Br","Defend_Br+1","SecondHand","PatternShift+1","ResonantCall+1","ReplayTheSpireMod:Book of Names","Allegretto+1","TickedOff","HandsUpC+1","ReapSow","OracleForm+1","BiteCommand","ReapSow","OracleForm","WatchCommand","SlimeSpray+1","ExoVibe","LockedAnchor+1","RageCommand+1","EscortCommand+1","LockedPlans+1","BeatsPerMinute+1","Allargando","Goo","ReplayUltimateDefense+1","RageCommand+1","ExoVibe","Moderato","HandsUpC+1","EscortCommand+1","Engulf+1","Accruing"],"relics":["hubris:CrackedHourglass","aspiration:FetidBarrel","Replay:Ringing Soul","infinitespire:WardingShard","Ring of Chaos","Shuriken","Nilry\u0027s Codex","Boot","DemoMod:MonsterBlood","Mercury Hourglass","Pen Nib","Astrolabe","infinitespire:Satchel","DollysMirror","Frozen Egg 2","aspiration:ChemicalBlood","Potion Belt"],"acts_visited":["Exordium","TheCity","TheBeyond"],"potions_floor_usage":[10,16,16,25,25,29,35,50,50,50,50,50],"damage_taken":[{"damage":1,"enemies":"Jaw Worm","floor":1,"turns":5},{"damage":0,"enemies":"Cultist","floor":3,"turns":5},{"damage":0,"enemies":"Replay:BlueRogue","floor":7,"turns":7},{"damage":1,"enemies":"Gremlin Nob","floor":10,"turns":3},{"damage":0,"enemies":"Small Slimes","floor":11,"turns":2},{"damage":0,"enemies":"3 Louse","floor":12,"turns":4},{"damage":0,"enemies":"conspire:2 RoseBushes","floor":14,"turns":4},{"damage":19,"enemies":"Hexaghost","floor":16,"turns":9},{"damage":0,"enemies":"Spheric Guardian","floor":18,"turns":2},{"damage":47,"enemies":"Slavers","floor":25,"turns":5},{"damage":25,"enemies":"conspire:SneckoGhost","floor":28,"turns":6},{"damage":6,"enemies":"3 Byrds","floor":29,"turns":4},{"damage":11,"enemies":"3 Cultists","floor":30,"turns":4},{"damage":1,"enemies":"conspire:HollyBat","floor":31,"turns":6},{"damage":39,"enemies":"hubris:MusketHawk","floor":33,"turns":9},{"damage":0,"enemies":"3 Darklings","floor":35,"turns":5},{"damage":8,"enemies":"conspire:MimicChest","floor":37,"turns":8},{"damage":2,"enemies":"Orb Walker","floor":39,"turns":3},{"damage":24,"enemies":"Reptomancer","floor":41,"turns":8},{"damage":8,"enemies":"Writhing Mass","floor":44,"turns":6},{"damage":54,"enemies":"Nemesis","floor":45,"turns":8},{"damage":25,"enemies":"Transient","floor":48,"turns":4},{"damage":45,"enemies":"conspire:OrnateMirror","floor":50,"turns":9}],"seed_played":"-6797688001623598167","potions_obtained":[{"floor":1,"key":"champ:CounterPotion"},{"floor":3,"key":"AttackPotion"},{"floor":12,"key":"DuplicationPotion"},{"floor":16,"key":"Swift Potion"},{"floor":18,"key":"LifebloodPotion"},{"floor":25,"key":"Swift Potion"},{"floor":30,"key":"SkillPotion"},{"floor":37,"key":"Cursed Concoction"},{"floor":44,"key":"bronze:BurnAndBuffPotion"},{"floor":45,"key":"Guardian:BlockOnCardUsePotion"}],"is_trial":false,"path_per_floor":["M","?","M","?","?","R","E","R","T","?","M","M","$","M","R","B",null,"M","$","?","?","?","R","AVR","E","T","R","E","M","M","M","R_BF","B",null,"M","?","?","$","M","R","E","R","T","M","E","?","R","M","R","B"],"character_chosen":"CHRONO_CLASS","items_purchased":["ReapSow","Shuriken","DollysMirror"],"campfire_rested":5,"item_purchase_floors":[19,19,38],"current_hp_per_floor":[64,64,64,48,35,54,54,54,54,56,59,62,62,65,65,49,80,83,86,70,70,70,70,70,33,33,61,39,36,28,30,62,3,114,117,120,112,115,116,116,95,95,95,90,39,39,79,57,98,0,0],"gold":111,"neow_bonus":"BOSS_RELIC","is_daily":false,"chose_seed":false,"campfire_upgraded":5,"win_rate":0.0,"timestamp":1612394496,"path_taken":["M","?","?","?","?","R","E","R","T","?","M","M","$","M","R","BOSS","M","$","?","?","?","R","AVR","E","T","R","E","?","M","M","R_BF","BOSS","M","?","?","?","M","R","E","R","T","M","E","?","R","M","R","BOSS"],"items_purchased_type":["Card","Relic","Relic"],"build_version":"2020-12-22","purchased_purges":3,"victory":false,"max_hp_per_floor":[65,65,65,65,65,65,65,65,65,68,71,74,74,77,77,80,80,83,86,86,86,86,86,86,96,96,96,99,102,105,108,108,111,114,117,120,120,123,126,126,129,129,129,132,135,135,135,138,138,138,138],"card_choices":[{"not_picked":["Echoward","AlternateTimeline"],"picked":"Tempo","floor":1},{"not_picked":["Backlash","LockedBlood"],"picked":"ResonantCall","floor":3},{"not_picked":["infinitespire:Execution","ReplayTheSpireMod:??????????????????????"],"picked":"ReplayTheSpireMod:Book of Names","floor":4},{"not_picked":["VestedLegacy","LockedMedicine","LockedScales"],"picked":"SKIP","floor":7},{"not_picked":["LockedScales","LockedBlood"],"picked":"TickedOff","floor":10},{"not_picked":["VestedLegacy","Goo"],"picked":"HandsUpC","floor":11},{"not_picked":["Recurrance","BlueShift"],"picked":"OverTime","floor":12},{"not_picked":["Engulf","LockedScales"],"picked":"ReapSow","floor":14},{"not_picked":["LockedFlame","LockedLightning"],"picked":"OracleForm","floor":16},{"not_picked":["FormalWear","HandsUpB"],"picked":"BiteCommand","floor":18},{"not_picked":["LockedAnchor+1","VestedLegacy+1"],"picked":"OracleForm","floor":25},{"not_picked":["CrunchTime+1","FormalWear"],"picked":"WatchCommand","floor":28},{"not_picked":["LockedWhetstone","Tempo+1"],"picked":"SlimeSpray+1","floor":29},{"not_picked":["AlternateTimeline","LockedPlans"],"picked":"ExoVibe","floor":30},{"not_picked":["TickedOff","ExoVibe+1"],"picked":"LockedAnchor+1","floor":31},{"not_picked":["OldTimer","LockedLightning"],"picked":"RageCommand","floor":33},{"not_picked":["LockedMercury","PrimeTime"],"picked":"Goo","floor":35},{"not_picked":["Impatience","PanicButton"],"picked":"ReplayUltimateDefense","floor":36},{"not_picked":["ReapSow+1","LockedWarPaint"],"picked":"ExoVibe","floor":39},{"not_picked":["Parity","Echoward"],"picked":"HandsUpC+1","floor":41},{"not_picked":["WindUp","CrunchTime"],"picked":"EscortCommand+1","floor":44},{"not_picked":["LockedCalendar+1","LockedTurtyl+1"],"picked":"Engulf+1","floor":45},{"not_picked":["HandsUpB+1","Parity+1"],"picked":"Accruing","floor":48}],"player_experience":254023,"relics_obtained":[{"floor":7,"key":"aspiration:FetidBarrel"},{"floor":9,"key":"Replay:Ringing Soul"},{"floor":20,"key":"Nilry\u0027s Codex"},{"floor":25,"key":"DemoMod:MonsterBlood"},{"floor":26,"key":"Mercury Hourglass"},{"floor":28,"key":"Pen Nib"},{"floor":37,"key":"infinitespire:Satchel"},{"floor":41,"key":"Frozen Egg 2"},{"floor":43,"key":"aspiration:ChemicalBlood"},{"floor":45,"key":"Potion Belt"}],"event_choices":[{"damage_healed":0,"gold_gain":0,"player_choice":"Upgraded","damage_taken":0,"max_hp_gain":0,"max_hp_loss":0,"event_name":"Upgrade Shrine","floor":2,"gold_loss":0,"cards_upgraded":["Tempo"]},{"damage_healed":0,"gold_gain":0,"player_choice":"Entered Light","damage_taken":13,"max_hp_gain":0,"max_hp_loss":0,"event_name":"Shining Light","floor":5,"gold_loss":0,"cards_upgraded":["PatternShift","Defend_Br"]},{"damage_healed":0,"gold_gain":30,"player_choice":"Searched \u00273\u0027 times","damage_taken":0,"relics_obtained":["infinitespire:WardingShard"],"max_hp_gain":0,"max_hp_loss":0,"event_name":"Dead Adventurer","floor":10,"gold_loss":0},{"damage_healed":0,"gold_gain":0,"player_choice":"Obtained Book","damage_taken":16,"max_hp_gain":0,"max_hp_loss":0,"event_name":"Cursed Tome","floor":20,"gold_loss":0},{"damage_healed":0,"gold_gain":0,"player_choice":"Memory 1","damage_taken":0,"max_hp_gain":0,"max_hp_loss":0,"event_name":"SensoryStone","floor":36,"gold_loss":0},{"damage_healed":0,"gold_gain":0,"player_choice":"Forge","damage_taken":0,"max_hp_gain":0,"max_hp_loss":0,"event_name":"Accursed Blacksmith","floor":46,"gold_loss":0,"cards_upgraded":["RageCommand"]}],"is_beta":false,"boss_relics":[{"not_picked":["hubris:BlackHole","energizedSpire:RedRose"],"picked":"Ring of Chaos"},{"not_picked":["SlaversCollar","Abe\u0027s Treasure"],"picked":"Astrolabe"}],"items_purged_floors":[13,24,38],"is_endless":false,"potions_floor_spawned":[1,3,12,16,18,25,30,37,44,45],"killed_by":"conspire:OrnateMirror","ascension_level":1}}