{"host":"x8sop9v6zw8yitbt","time":1612379426,"event":{"mods":["BaseMod","Best Route Mod","Block Reminder","Challenge The Spire","Colored Powertips","Dark Map","DeckTracker","Minty Spire (QoL Compilation)","Permanent Neow","Quick Restart","Rare Cards Sparkle","Reliquary","Spicy Shops","Spikes Relics","StSLib","Virulent Crown"],"gold_per_floor":[112,112,37,56,74,74,104,104,104,104,104],"floor_reached":10,"language":"ENG","playtime":284,"items_purged":["Strike_G"],"score":69,"play_id":"af319260-ed75-4cae-bedf-e638380b0cf6","local_time":"20210203141026","is_ascension_mode":true,"campfire_choices":[{"data":"InfectiousVector","floor":6,"key":"SMITH"},{"data":"Bullet Time","floor":8,"key":"SMITH"}],"circlet_count":0,"master_deck":["Strike_G","Strike_G","Strike_G","Defend_G","Defend_G","Defend_G","Defend_G","Defend_G","Survivor","Neutralize","InfectiousVector+1","Backflip","Bullet Time+1","Dash","Deadly Poison"],"relics":["Ring of the Snake","Mummified Hand","reliquary:IridiumChain"],"acts_visited":["Exordium"],"potions_floor_usage":[],"damage_taken":[{"damage":0,"enemies":"Jaw Worm","floor":1,"turns":5},{"damage":8,"enemies":"Cultist","floor":4,"turns":7},{"damage":0,"enemies":"Small Slimes","floor":5,"turns":4},{"damage":36,"enemies":"Lagavulin","floor":7,"turns":12},{"damage":9,"enemies":"Gremlin Nob","floor":10,"turns":3}],"seed_played":"-7091078024221266760","potions_obtained":[{"floor":4,"key":"Explosive Potion"},{"floor":5,"key":"Strength Potion"}],"is_trial":false,"path_per_floor":["M","?","$","M","M","R","E","R","T","E"],"character_chosen":"THE_SILENT","items_purchased":[],"campfire_rested":0,"item_purchase_floors":[],"current_hp_per_floor":[70,70,70,62,62,62,26,26,26,17,17],"gold":104,"neow_bonus":"THREE_CARDS","is_daily":false,"chose_seed":false,"campfire_upgraded":2,"win_rate":0.0,"timestamp":1612379426,"path_taken":["M","?","$","M","?","R","E","R","T","E"],"items_purchased_type":[],"build_version":"2020-12-22","purchased_purges":1,"victory":false,"max_hp_per_floor":[70,70,70,70,70,70,70,70,70,70,70],"card_choices":[{"not_picked":["Poisoned Stab","Backflip"],"picked":"InfectiousVector","floor":0},{"not_picked":["Prepared","Bane"],"picked":"Backflip","floor":1},{"not_picked":["Tactician","Bane"],"picked":"Dash","floor":4},{"not_picked":["Bane","Well Laid Plans"],"picked":"Deadly Poison","floor":5},{"not_picked":["Blade Dance","A Thousand Cuts","Malaise"],"picked":"SKIP","floor":7}],"player_experience":881708,"relics_obtained":[{"floor":7,"key":"Mummified Hand"},{"floor":9,"key":"reliquary:IridiumChain"}],"event_choices":[{"damage_healed":0,"gold_gain":0,"cards_transformed":["Strike_G"],"player_choice":"Transformed","damage_taken":0,"max_hp_gain":0,"max_hp_loss":0,"event_name":"Transmorgrifier","floor":2,"gold_loss":0,"cards_obtained":["Bullet Time"]}],"is_beta":false,"boss_relics":[],"items_purged_floors":[3],"is_endless":false,"potions_floor_spawned":[4,5],"killed_by":"Gremlin Nob","ascension_level":1}}