{"host":"85sjp5lsubt86171","time":1612365533,"event":{"mods":["Act Like it!","BaseMod","BetterRewards","CapriCore","Colored Map","Gensokyo","Library of Ruina","Library of Ruina Extra","Minty Spire (QoL Compilation)","Quick Restart","Relic Stats","Shop Mod","Spicy Shops","StSLib","SuperFastMode","The Immortal","Waifu the Spire","【功能Mod】精心准备"],"gold_per_floor":[115,115,115,115,131,159,170,186,237,237,237,272,352,365,365,461,461,481,481,481,133,182,182,226,146,195,42,85,85,85,395,395,509,509,537,554,563,6,6,31,31,59,110,110,77,93,403,638,638,638,638,638,638,4,48,48],"floor_reached":57,"language":"ZHS","playtime":1935,"items_purged":["MokouMod:Strike","MokouMod:Defend","MokouMod:Strike","MokouMod:Defend"],"score":2387,"play_id":"47e5f1d8-2967-4b0b-8a87-7de620087850","local_time":"20210203231853","is_ascension_mode":true,"campfire_choices":[{"floor":10.0,"key":"DIG"},{"floor":15.0,"key":"DIG"},{"floor":23.0,"key":"DIG"},{"data":"MokouMod:SubterraneanCore","floor":30.0,"key":"SMITH"},{"data":"MokouMod:RisingSunBarrier","floor":32.0,"key":"SMITH"},{"floor":41.0,"key":"DIG"},{"floor":44.0,"key":"DIG"},{"floor":49.0,"key":"RECALL"},{"floor":53.0,"key":"DIG"}],"circlet_count":0,"master_deck":["MokouMod:Defend","MokouMod:Defend","MokouMod:HeatSpark","MokouMod:RisingSunBarrier+1","MokouMod:SearingShot+1","MokouMod:ControlledCombustion","MokouMod:SacredFire+1","MokouMod:Geothermal+1","Writhe","MokouMod:Singe+1","MokouMod:SubterraneanCore+1","MokouMod:Geothermal+1","MokouMod:WarmUp+1","MokouMod:Geothermal+1","MokouMod:BurningDraft+1"],"relics":["MokouMod:PhoenixFeather","Shovel","Pocketwatch","Gambling Chip","Molten Egg 2","PageOfTheQueenOfHatred","Happy Flower","Gensokyo:PerfectCherryBlossom","PageOfTheKnightOfDespair","PageOfGreed","Strawberry","Tiny Chest","PageOfWrath","PageOfNihil","PreservedInsect","Black Star","Regal Pillow","Medical Kit","PageOfBloodbath","CeramicFish","Sundial","Juzu Bracelet","TheAbacus","Torii","Lantern","Runic Pyramid","Incense Burner","PageOfSpiderBud","InkBottle","Potion Belt","PageOfScorchedGirl","Omamori","HornCleat","PageOfWrath","Bag of Marbles","The Courier","PageOfWizard","PageOfPorccubus","Letter Opener","Bag of Preparation","Anchor","PageOfQueenBee","PageOfScarecrow","Mummified Hand","Bronze Scales"],"acts_visited":["Exordium","Gensokyo:Gensokyo","Gensokyo:Gensokyoer","TheEnding"],"potions_floor_usage":[56],"damage_taken":[{"damage":0.0,"enemies":"Gensokyo:2_Kodama","floor":1.0,"turns":2.0},{"damage":3.0,"enemies":"Gensokyo:Gryphon","floor":5.0,"turns":2.0},{"damage":0.0,"enemies":"Gensokyo:Mamizou","floor":6.0,"turns":4.0},{"damage":0.0,"enemies":"Gensokyo:3_Fairies","floor":7.0,"turns":2.0},{"damage":0.0,"enemies":"Gensokyo:3_Kodama","floor":8.0,"turns":2.0},{"damage":0.0,"enemies":"Gensokyo:Cirno","floor":12.0,"turns":4.0},{"damage":86.0,"enemies":"Gensokyo:CorruptedTreant","floor":14.0,"turns":3.0},{"damage":0.0,"enemies":"Gensokyo:Reimu","floor":16.0,"turns":5.0},{"damage":22.0,"enemies":"Gensokyo:3_Dogs","floor":18.0,"turns":4.0},{"damage":26.0,"enemies":"Gensokyo:Tenshi","floor":24.0,"turns":3.0},{"damage":10.0,"enemies":"Gensokyo:Reisen","floor":28.0,"turns":4.0},{"damage":10.0,"enemies":"Gensokyo:AngelMirror","floor":31.0,"turns":4.0},{"damage":1.0,"enemies":"Gensokyo:Kaguya","floor":33.0,"turns":6.0},{"damage":0.0,"enemies":"Gensokyo:AncientGuardian","floor":35.0,"turns":3.0},{"damage":8.0,"enemies":"Gensokyo:3_Bats","floor":36.0,"turns":2.0},{"damage":0.0,"enemies":"Gensokyo:Kasen","floor":40.0,"turns":1.0},{"damage":0.0,"enemies":"Gensokyo:Marisa","floor":42.0,"turns":1.0},{"damage":0.0,"enemies":"Gensokyo:AtlasGolem","floor":46.0,"turns":2.0},{"damage":0.0,"enemies":"Gensokyo:Rafflesia","floor":47.0,"turns":1.0},{"damage":0.0,"enemies":"Gensokyo:Doremy","floor":48.0,"turns":1.0},{"damage":0.0,"enemies":"Gensokyo:Scarlet_Devils","floor":50.0,"turns":7.0},{"damage":0.0,"enemies":"Shield and Spear","floor":55.0,"turns":1.0},{"damage":0,"enemies":"The Heart","floor":56,"turns":3}],"seed_played":"-6055053067092098350","potions_obtained":[{"floor":5.0,"key":"FearPotion"},{"floor":14.0,"key":"PowerPotion"},{"floor":40.0,"key":"SteroidPotion"},{"floor":42.0,"key":"Strength Potion"},{"floor":46.0,"key":"LiquidMemories"},{"floor":47.0,"key":"Block Potion"}],"is_trial":false,"path_per_floor":["M","?","$","?","M","E","M","M","T","R","?","E","?","M","R","B",null,"M","?","?","$","T","R","E","COS","T","$","E","$","R","M","R","B",null,"M","M","?","$","?","E","R","E","T","R","COS","M","M","E","R","B",null,null,"R","$","E","B",null],"character_chosen":"MKU","items_purchased":["Shovel","Lee\u0027s Waffle","MokouMod:RisingSunBarrier","Molten Egg 2","MokouMod:SearingShot+1","PageOfTheQueenOfHatred","Happy Flower","Block Potion","Regal Pillow","Medical Kit","TheAbacus","PageOfSpiderBud","InkBottle","Bag of Preparation","Anchor","PageOfQueenBee","PageOfScarecrow"],"campfire_rested":0,"item_purchase_floors":[0,0,0,0,0,0,0,0,21,21,27,38,38,54,54,54,54],"current_hp_per_floor":[82,82,82,82,80,82,82,82,82,89,72,75,75,2,2,18,71,53,53,53,53,53,53,41,41,41,41,35,35,35,40,40,61,82,89,89,89,89,89,89,89,89,89,89,89,89,89,89,89,89,89,89,89,89,89,89],"gold":48,"neow_bonus":"","is_daily":false,"chose_seed":false,"campfire_upgraded":2,"win_rate":0.0,"timestamp":1612365533,"path_taken":["M","?","$","?","M","E","?","M","T","R","?","E","?","M","R","BOSS","M","?","?","$","?","R","E","COS","T","$","E","?","R","M","R","BOSS","M","M","?","$","?","E","R","E","T","R","COS","M","M","E","R","BOSS","R","$","E","BOSS"],"items_purchased_type":["Relic","Relic","Card","Relic","Card","Relic","Relic","Potion","Relic","Relic","Relic","Relic","Relic","Relic","Relic","Relic","Relic"],"build_version":"2020-12-22","purchased_purges":4,"victory":true,"max_hp_per_floor":[82,82,82,82,82,82,82,82,82,89,89,89,89,89,89,89,89,89,89,89,89,89,89,89,89,89,89,89,89,89,89,89,89,89,89,89,89,89,89,89,89,89,89,89,89,89,89,89,89,89,89,89,89,89,89,89],"relic_stats":{"Regal Pillow":0,"Happy Flower":[22],"Torii":4,"counters":[68,222],"CeramicFish":90,"PreservedInsect":381,"Juzu Bracelet":0,"Bag of Preparation":[24],"Letter Opener":[20],"Medical Kit":[10],"Shovel":6,"TheAbacus":[912],"Sundial":[54],"Mummified Hand":[2],"Gambling Chip":[72],"Bronze Scales":[3],"Tiny Chest":1,"Black Star":6,"obtain_stats":[{"PageOfTheQueenOfHatred":12,"CeramicFish":23,"Ginger":11,"PageOfSingingMachine":44,"Centennial Puzzle":44,"HornCleat":35,"Sundial":24,"Strawberry":10,"PageOfWizard":42,"Prayer Wheel":4,"Philosopher\u0027s Stone":17,"Girya":24,"Happy Flower":0,"Astrolabe":34,"Oddly Smooth Stone":26,"Letter Opener":53,"Bronze Scales":55,"Pandora\u0027s Box":0,"Molten Egg 2":0,"Black Star":17,"Unceasing Top":27,"Pocketwatch":35,"Darkstone Periapt":43,"Regal Pillow":21,"Lantern":28,"Torii":28,"Mango":3,"Bag of Preparation":27,"Juzu Bracelet":40,"Incense Burner":44,"Gensokyo:PortableGap":12,"Gensokyo:DualWield":36,"PageOfSpiderBud":13,"PageOfGreed":10,"PageOfWrath":26,"PageOfScarecrow":54,"Frozen Eye":30,"TheAbacus":27,"PageOfMercenary":55,"Shovel":0,"PageOfQueenBee":54,"Mummified Hand":27,"Gambling Chip":19,"PageOfTheKnightOfDespair":23,"Tiny Chest":11,"PageOfPinocchio":6,"Gensokyo:PerfectCherryBlossom":4,"InkBottle":38,"Gensokyo:SongOfSouls":28,"Runic Pyramid":34,"Potion Belt":4,"Lee\u0027s Waffle":0,"PageOfNihil":28,"PageOfBloodbath":22,"PreservedInsect":15,"The Courier":44,"Omamori":41,"Medical Kit":14,"Anchor":54,"MokouMod:PhoenixFeather":0,"PageOfScorchedGirl":40,"Coffee Dripper":17,"Art of War":7,"Bag of Marbles":43,"PageOfPorccubus":0,"Toy Ornithopter":8},{"PageOfTheQueenOfHatred":6,"CeramicFish":54,"Ginger":24,"PageOfSingingMachine":40,"Centennial Puzzle":40,"HornCleat":35,"Sundial":55,"Strawberry":49,"PageOfWizard":39,"Prayer Wheel":2,"Philosopher\u0027s Stone":26,"Girya":29,"Happy Flower":44,"Astrolabe":34,"Oddly Smooth Stone":30,"Letter Opener":66,"Bronze Scales":67,"Pandora\u0027s Box":0,"Molten Egg 2":44,"Black Star":53,"Unceasing Top":31,"Pocketwatch":35,"Darkstone Periapt":39,"Regal Pillow":54,"Lantern":56,"Torii":56,"Mango":20,"Bag of Preparation":12,"Juzu Bracelet":37,"Incense Burner":40,"Gensokyo:PortableGap":24,"Gensokyo:DualWield":35,"PageOfSpiderBud":7,"PageOfGreed":5,"PageOfWrath":12,"PageOfScarecrow":66,"Frozen Eye":31,"TheAbacus":12,"PageOfMercenary":43,"Shovel":44,"PageOfQueenBee":66,"Mummified Hand":12,"Gambling Chip":10,"PageOfTheKnightOfDespair":12,"Tiny Chest":49,"PageOfPinocchio":3,"Gensokyo:PerfectCherryBlossom":45,"InkBottle":60,"Gensokyo:SongOfSouls":31,"Runic Pyramid":58,"Potion Belt":2,"Lee\u0027s Waffle":44,"PageOfNihil":14,"PageOfBloodbath":54,"PreservedInsect":52,"The Courier":62,"Omamori":38,"Medical Kit":25,"Anchor":66,"MokouMod:PhoenixFeather":0,"PageOfScorchedGirl":61,"Coffee Dripper":9,"Art of War":23,"Bag of Marbles":62,"PageOfPorccubus":18,"Toy Ornithopter":4},{"PageOfTheQueenOfHatred":25,"CeramicFish":183,"Ginger":97,"PageOfSingingMachine":146,"Centennial Puzzle":147,"HornCleat":132,"Sundial":186,"Strawberry":167,"PageOfWizard":144,"Prayer Wheel":7,"Philosopher\u0027s Stone":105,"Girya":113,"Happy Flower":155,"Astrolabe":130,"Oddly Smooth Stone":116,"Letter Opener":218,"Bronze Scales":219,"Pandora\u0027s Box":0,"Molten Egg 2":155,"Black Star":179,"Unceasing Top":120,"Pocketwatch":131,"Darkstone Periapt":144,"Regal Pillow":183,"Lantern":190,"Torii":190,"Mango":77,"Bag of Preparation":49,"Juzu Bracelet":139,"Incense Burner":145,"Gensokyo:PortableGap":97,"Gensokyo:DualWield":133,"PageOfSpiderBud":27,"PageOfGreed":21,"PageOfWrath":49,"PageOfScarecrow":218,"Frozen Eye":120,"TheAbacus":49,"PageOfMercenary":152,"Shovel":155,"PageOfQueenBee":218,"Mummified Hand":49,"Gambling Chip":42,"PageOfTheKnightOfDespair":49,"Tiny Chest":167,"PageOfPinocchio":12,"Gensokyo:PerfectCherryBlossom":157,"InkBottle":205,"Gensokyo:SongOfSouls":120,"Runic Pyramid":200,"Potion Belt":7,"Lee\u0027s Waffle":155,"PageOfNihil":55,"PageOfBloodbath":183,"PreservedInsect":174,"The Courier":207,"Omamori":141,"Medical Kit":99,"Anchor":218,"MokouMod:PhoenixFeather":0,"PageOfScorchedGirl":206,"Coffee Dripper":40,"Art of War":90,"Bag of Marbles":207,"PageOfPorccubus":70,"Toy Ornithopter":16}],"InkBottle":[18],"Pocketwatch":[68]},"card_choices":[{"not_picked":["MokouMod:Sear","MokouMod:TemporalFireSeal+1"],"picked":"MokouMod:ResoluteFlare+1","floor":1.0},{"not_picked":["MokouMod:Firecracker","MokouMod:FlickeringFlame+1"],"picked":"MokouMod:ControlledCombustion","floor":5.0},{"not_picked":["MokouMod:CrimsonArmoury","MokouMod:IgnitionBlast"],"picked":"MokouMod:SacredFire+1","floor":6.0},{"not_picked":["MokouMod:Ember+1","MokouMod:UncontrollableSolarReaction+1","MokouMod:AdaptivePyromancy+1"],"picked":"SKIP","floor":7.0},{"not_picked":["MokouMod:BlazingComet+1","MokouMod:RoaringFlare+1","MokouMod:IndiscriminateIgnition"],"picked":"SKIP","floor":8.0},{"not_picked":["MokouMod:WarmUp","MokouMod:ResoluteFlare+1"],"picked":"MokouMod:Geothermal+1","floor":12.0},{"not_picked":["MokouMod:SearingShot+1","MokouMod:ResoluteFlare+1","MokouMod:WarmUp"],"picked":"SKIP","floor":14.0},{"not_picked":["MokouMod:EnchantingBambooForest","MokouMod:RadiantBlade+1"],"picked":"MokouMod:PhoenixForm","floor":16.0},{"not_picked":["MokouMod:FlamingFireTalons+1","MokouMod:FlareStarter+1","MokouMod:Wildfire+1"],"picked":"SKIP","floor":18.0},{"not_picked":["MokouMod:DanceofFlames","MokouMod:Afterburner+1"],"picked":"MokouMod:Singe+1","floor":24.0},{"not_picked":["MokouMod:IndiscriminateIgnition","MokouMod:Cataclysm+1"],"picked":"MokouMod:SubterraneanCore","floor":28.0},{"not_picked":["MokouMod:UncontrollableSolarReaction+1","MokouMod:FujiyamaVolcano+1","MokouMod:HeartofFire+1"],"picked":"SKIP","floor":31.0},{"not_picked":["MokouMod:RadiantBlade+1","MokouMod:BurningHiddenBullet+1"],"picked":"MokouMod:Geothermal+1","floor":33.0},{"not_picked":["MokouMod:Fireball+1","MokouMod:BlazingComet+1"],"picked":"MokouMod:WarmUp+1","floor":35.0},{"not_picked":["MokouMod:IgneousBlow+1","MokouMod:InfernalWave+1","MokouMod:ResoluteFlare+1"],"picked":"SKIP","floor":36.0},{"not_picked":["MokouMod:RadiantBlade+1","MokouMod:Burn+1","MokouMod:Cataclysm+1"],"picked":"SKIP","floor":40.0},{"not_picked":["MokouMod:PhoenixFeathers","MokouMod:FujiyamaVolcano+1","MokouMod:IcarusDive+1"],"picked":"SKIP","floor":42.0},{"not_picked":["MokouMod:Fireball+1","MokouMod:Ember+1","MokouMod:ScorchingColumn+1"],"picked":"SKIP","floor":46.0},{"not_picked":["MokouMod:SearingShot+1","MokouMod:Singe+1","MokouMod:Sear"],"picked":"SKIP","floor":47.0},{"not_picked":["MokouMod:Burn+1","MokouMod:Combust+1","MokouMod:CrimsonFlare+1"],"picked":"SKIP","floor":48.0},{"not_picked":["MokouMod:Cataclysm+1","MokouMod:HeatCyclone"],"picked":"MokouMod:BurningDraft+1","floor":55.0}],"player_experience":1474208,"relics_obtained":[{"floor":6.0,"key":"PageOfTheKnightOfDespair"},{"floor":9.0,"key":"PageOfGreed"},{"floor":10.0,"key":"Strawberry"},{"floor":12.0,"key":"PageOfWrath"},{"floor":14.0,"key":"PageOfNihil"},{"floor":15.0,"key":"PreservedInsect"},{"floor":22.0,"key":"PageOfBloodbath"},{"floor":23.0,"key":"CeramicFish"},{"floor":24.0,"key":"Sundial"},{"floor":24.0,"key":"Juzu Bracelet"},{"floor":28.0,"key":"Torii"},{"floor":28.0,"key":"Lantern"},{"floor":40.0,"key":"Potion Belt"},{"floor":40.0,"key":"PageOfScorchedGirl"},{"floor":41.0,"key":"Omamori"},{"floor":42.0,"key":"HornCleat"},{"floor":42.0,"key":"PageOfWrath"},{"floor":43.0,"key":"Bag of Marbles"},{"floor":44.0,"key":"The Courier"},{"floor":48.0,"key":"PageOfWizard"},{"floor":48.0,"key":"PageOfPorccubus"},{"floor":53.0,"key":"Letter Opener"},{"floor":55.0,"key":"Mummified Hand"},{"floor":55.0,"key":"Bronze Scales"}],"event_choices":[],"is_beta":false,"boss_relics":[{"not_picked":["SacredBark","Calling Bell"],"picked":"Black Star"},{"not_picked":["Tiny House","PageOfBlackSwan"],"picked":"Runic Pyramid"}],"items_purged_floors":[0,0,21,38],"is_endless":false,"potions_floor_spawned":[5,14,16,35,40,42,46,47],"ascension_level":6}}