{"host":"kq5z4hx2798lxd5l","time":1612396074,"event":{"mods":["BaseMod","Better Note","BetterRewards","Colored Map","Colored Powertips","Downfall","Hermit","Hubris","Infinite Spire","Jorbs\u0027s Wanderer Trilogy","Marisa????????","Minty Spire (QoL Compilation)","Rare Cards Sparkle","Reliquary","Replay The Spire","StSLib","The Cursed","The Disciple","The Hierophant","The Necromancer","The Runesmith","The Servant 0.9.4"],"gold_per_floor":[109,124,143,218,236,236,267,279,279,302,337,337,371,390,390,488,488,508,518,468,482,261,261,261,261],"floor_reached":24,"language":"SPA","playtime":1231,"items_purged":["Strike_R"],"score":218,"play_id":"3caac165-4d04-49e1-8846-c7f922cbda87","local_time":"20210203234754","is_ascension_mode":false,"campfire_choices":[{"data":"Armaments","floor":6,"key":"SMITH"},{"data":"infinitespire:OneForAll","floor":12,"key":"SMITH"},{"data":"Bludgeon","floor":15,"key":"SMITH"},{"data":"Shockwave","floor":23,"key":"SMITH"}],"circlet_count":0,"master_deck":["Strike_R","Strike_R","Strike_R","Strike_R","Defend_R","Defend_R","Defend_R","Defend_R","Bash","infinitespire:OneForAll+1","Armaments+1","Cleave","Pommel Strike","Shrug It Off","Rage","Warcry","Bludgeon+1","Thunderclap","Exhume","Searing Blow","Shockwave+1"],"relics":["Burning Blood","Mercury Hourglass","ReplayTheSpireMod:Lightbulb","reliquary:RedPaperclip","Brimstone"],"acts_visited":["Exordium","TheCity"],"potions_floor_usage":[7,7,24],"damage_taken":[{"damage":7,"enemies":"Small Slimes","floor":1,"turns":4},{"damage":10,"enemies":"Jaw Worm","floor":2,"turns":6},{"damage":1,"enemies":"Cultist","floor":3,"turns":3},{"damage":1,"enemies":"Exordium Wildlife","floor":5,"turns":3},{"damage":24,"enemies":"3 Sentries","floor":7,"turns":7},{"damage":0,"enemies":"Large Slime","floor":8,"turns":4},{"damage":14,"enemies":"Lagavulin","floor":11,"turns":7},{"damage":9,"enemies":"3 Sentries","floor":13,"turns":6},{"damage":12,"enemies":"Blue Slaver","floor":14,"turns":2},{"damage":17,"enemies":"Fading Forest","floor":16,"turns":11},{"damage":1,"enemies":"Shell Parasite","floor":18,"turns":4},{"damage":0,"enemies":"Spheric Guardian","floor":19,"turns":2},{"damage":38,"enemies":"Centurion and Healer","floor":21,"turns":6},{"damage":65,"enemies":"Nightmare","floor":24,"turns":7}],"seed_played":"-171765687866080721","potions_obtained":[{"floor":2,"key":"Explosive Potion"},{"floor":5,"key":"BlessingOfTheForge"},{"floor":11,"key":"BloodPotion"},{"floor":13,"key":"bronze:BurnAndBuffPotion"},{"floor":19,"key":"Milkshake"}],"is_trial":false,"path_per_floor":["M","M","M","?","M","R","E","M","T","T","E","R","E","M","R","B",null,"M","M","?","M","$","R","NM"],"character_chosen":"IRONCLAD","items_purchased":["Brimstone"],"campfire_rested":0,"item_purchase_floors":[22],"current_hp_per_floor":[87,83,88,77,82,82,64,70,70,70,62,62,59,53,53,50,88,88,88,88,56,56,56,0,0],"gold":261,"neow_bonus":"TEN_PERCENT_HP_BONUS","is_daily":false,"chose_seed":false,"campfire_upgraded":4,"win_rate":0.0,"timestamp":1612396074,"path_taken":["M","M","M","?","M","R","E","M","T","?","E","R","E","?","R","BOSS","M","M","?","M","$","R","NM"],"items_purchased_type":["Relic"],"build_version":"2020-12-22","purchased_purges":1,"victory":false,"max_hp_per_floor":[88,88,88,88,88,88,88,88,88,88,88,88,88,88,88,88,88,88,88,88,88,88,88,88,88],"card_choices":[{"not_picked":["Flex","Dropkick"],"picked":"infinitespire:OneForAll","floor":1},{"not_picked":["Warcry","Rupture"],"picked":"Armaments","floor":2},{"not_picked":["Havoc","Headbutt"],"picked":"Cleave","floor":3},{"not_picked":["Life Link","Sword Boomerang"],"picked":"Pommel Strike","floor":5},{"not_picked":["Massacre","Evolve"],"picked":"Shrug It Off","floor":7},{"not_picked":["Cleave","Run Through"],"picked":"Rage","floor":8},{"not_picked":["Uppercut","Second Wind"],"picked":"Warcry","floor":11},{"not_picked":["ReplayTheSpireMod:Limb From Limb","Uppercut"],"picked":"Bludgeon","floor":13},{"not_picked":["Clothesline","Replay:Undeath\u0027s Touch"],"picked":"Thunderclap","floor":14},{"not_picked":["Demonic Infusion","Demon Form"],"picked":"Exhume","floor":16},{"not_picked":["Body Slam","Clash","Fire Breathing"],"picked":"SKIP","floor":18},{"not_picked":["Perfected Strike","Sentinel"],"picked":"Searing Blow","floor":19},{"not_picked":["Iron Wave","ReplayTheSpireMod:Corrosion Curse"],"picked":"Shockwave","floor":21}],"player_experience":490133,"relics_obtained":[{"floor":7,"key":"Mercury Hourglass"},{"floor":10,"key":"ReplayFunnel"},{"floor":11,"key":"ReplayTheSpireMod:Lightbulb"},{"floor":13,"key":"Regal Pillow"}],"event_choices":[{"damage_healed":0,"gold_gain":75,"player_choice":"Gather Gold","damage_taken":11,"max_hp_gain":0,"max_hp_loss":0,"event_name":"World of Goop","floor":4,"gold_loss":0},{"damage_healed":0,"gold_gain":0,"player_choice":"Bet on Owner","damage_taken":0,"max_hp_gain":0,"max_hp_loss":0,"event_name":"The Joust","floor":20,"gold_loss":50}],"is_beta":false,"boss_relics":[{"not_picked":["Runic Dome","Cursed Key"],"picked":"reliquary:RedPaperclip"}],"items_purged_floors":[22],"is_endless":false,"potions_floor_spawned":[2,5,11,13,19],"killed_by":"Nightmare","ascension_level":0}}