{"host":"auv68s8i97pkmhwr","time":1612353299,"event":{"mods":["A Penny For Your Troubles","AchievementEnabler","BaseMod","Best Route Mod","Bestiary","Better Altar","Better Match","Better Sensory Stone","Better Skull","Better Third Choice","Better Vampires","BetterRewards","Block Reminder","Colored Map","Colored Powertips","Dark Map","Displayed Cursed Tome","Minty Spire (QoL Compilation)","StSLib","SuperFastMode","Uncapped","Unceasing Turn Reminder"],"gold_per_floor":[118,134,154,167,180,211,224,259,259,272,272,272,286,320,320,421,421,435,435,454,467,482,510,510,530,554,572,587,587,587,587,587,686,686,702,702,712,732,752,752,780,798,798,848,860,860,508,508,508],"floor_reached":48,"language":"ENG","playtime":1849,"items_purged":["Strike_B","Strike_B","Defend_B","Writhe"],"score":1146,"play_id":"7322b6cf-26c3-4a75-bf89-c11348c1a24d","local_time":"20210203195459","is_ascension_mode":true,"campfire_choices":[{"floor":11.0,"key":"REST"},{"data":"Chaos","floor":15.0,"key":"SMITH"},{"floor":30,"key":"REST"},{"floor":32,"key":"REST"},{"data":"Coolheaded","floor":40,"key":"SMITH"},{"data":"Coolheaded","floor":46,"key":"SMITH"}],"circlet_count":0,"master_deck":["AscendersBane","Strike_B+1","Strike_B+1","Defend_B","Defend_B","Defend_B","Zap","Dualcast","Defragment+1","Rip and Tear","Glacier","Coolheaded+1","Loop+1","Chaos+1","Core Surge","Compile Driver+1","Sweeping Beam+1","Coolheaded+1","Echo Form+1","CurseOfTheBell","Consume+1"],"relics":["Cracked Core","TungstenRod","Frozen Egg 2","Whetstone","StoneCalendar","Calipers","CaptainsWheel","Sundial","Pocketwatch","Regal Pillow","Art of War","Runic Dome","Anchor","betterAltar:BloodRelic","Cables","Bloody Idol","Calling Bell","Centennial Puzzle","InkBottle","Torii","Bag of Marbles","Letter Opener","FossilizedHelix","Akabeko"],"acts_visited":["Exordium","TheCity","TheBeyond"],"potions_floor_usage":[38,41,42],"damage_taken":[{"damage":0.0,"enemies":"Cultist","floor":1.0,"turns":3.0},{"damage":7.0,"enemies":"Jaw Worm","floor":2.0,"turns":3.0},{"damage":1.0,"enemies":"2 Louse","floor":3.0,"turns":4.0},{"damage":9.0,"enemies":"Large Slime","floor":4.0,"turns":7.0},{"damage":0.0,"enemies":"2 Fungi Beasts","floor":5.0,"turns":4.0},{"damage":0.0,"enemies":"3 Sentries","floor":6.0,"turns":7.0},{"damage":14.0,"enemies":"Exordium Thugs","floor":7.0,"turns":6.0},{"damage":15.0,"enemies":"Gremlin Nob","floor":8.0,"turns":4.0},{"damage":0.0,"enemies":"Blue Slaver","floor":10.0,"turns":4.0},{"damage":6.0,"enemies":"Looter","floor":13.0,"turns":3.0},{"damage":0.0,"enemies":"Lagavulin","floor":14.0,"turns":6.0},{"damage":6.0,"enemies":"Hexaghost","floor":16.0,"turns":7.0},{"damage":11.0,"enemies":"Shell Parasite","floor":18.0,"turns":5.0},{"damage":2.0,"enemies":"3 Byrds","floor":20.0,"turns":6.0},{"damage":10.0,"enemies":"Cultist and Chosen","floor":21.0,"turns":6.0},{"damage":1.0,"enemies":"3 Cultists","floor":22.0,"turns":7.0},{"damage":8.0,"enemies":"Gremlin Leader","floor":23.0,"turns":11.0},{"damage":0.0,"enemies":"Snecko","floor":24.0,"turns":2.0},{"damage":24,"enemies":"Snake Plant","floor":25,"turns":4},{"damage":0,"enemies":"Cultist and Chosen","floor":27,"turns":6},{"damage":0,"enemies":"Snecko","floor":28,"turns":4},{"damage":0,"enemies":"Collector","floor":33,"turns":11},{"damage":0,"enemies":"3 Shapes","floor":35,"turns":6},{"damage":9,"enemies":"Orb Walker","floor":37,"turns":4},{"damage":0,"enemies":"4 Shapes","floor":38,"turns":5},{"damage":11,"enemies":"Spire Growth","floor":39,"turns":7},{"damage":13,"enemies":"Giant Head","floor":41,"turns":7},{"damage":5,"enemies":"Jaw Worm Horde","floor":42,"turns":5},{"damage":0,"enemies":"Mind Bloom Boss Battle","floor":44,"turns":7},{"damage":10,"enemies":"Sphere and 2 Shapes","floor":45,"turns":4},{"damage":0,"enemies":"Maw","floor":48,"turns":1}],"seed_played":"-7988104727476551485","potions_obtained":[{"floor":1.0,"key":"SmokeBomb"},{"floor":2.0,"key":"Swift Potion"},{"floor":3.0,"key":"ColorlessPotion"},{"floor":6.0,"key":"GamblersBrew"},{"floor":16.0,"key":"SpeedPotion"},{"floor":20.0,"key":"DuplicationPotion"},{"floor":21.0,"key":"Energy Potion"},{"floor":28,"key":"AttackPotion"},{"floor":33,"key":"SkillPotion"},{"floor":44,"key":"BlessingOfTheForge"}],"is_trial":false,"path_per_floor":["M","M","M","M","M","E","M","E","T","M","R","$","M","E","R","B",null,"M","T","M","M","M","E","M","M","T","M","M","?","R","?","R","B",null,"M","?","M","M","M","R","E","M","T","?","M","R","$","M"],"character_chosen":"DEFECT","items_purchased":["Frozen Egg 2","Defragment+1","Rip and Tear","Whetstone","Glacier","Coolheaded","Calipers","Loop+1","SkillPotion","Akabeko"],"campfire_rested":3,"item_purchase_floors":[0,0,0,0,0,0,0,0,47,47],"current_hp_per_floor":[68,61,60,51,51,51,37,22,22,22,59,59,53,53,53,47,68,57,57,55,45,44,36,36,12,12,14,16,16,53,13,50,60,71,75,71,67,71,65,65,63,69,69,71,66,66,66,71,71],"gold":508,"neow_bonus":"","is_daily":false,"chose_seed":false,"campfire_upgraded":3,"win_rate":0.0,"timestamp":1612353299,"path_taken":["M","M","M","M","M","E","M","E","T","M","R","$","M","E","R","BOSS","M","?","M","M","?","E","M","?","T","M","M","?","R","?","R","BOSS","M","?","M","M","M","R","E","M","T","?","?","R","$","M"],"items_purchased_type":["Relic","Card","Card","Relic","Card","Card","Relic","Card","Potion","Relic"],"build_version":"2020-12-22","purchased_purges":4,"victory":false,"max_hp_per_floor":[75,75,75,75,75,75,75,75,75,75,75,75,75,75,75,75,75,75,75,75,75,75,75,75,75,75,75,75,75,75,75,75,75,75,75,71,71,71,71,71,71,71,71,71,71,71,71,71,71],"card_choices":[{"not_picked":["Streamline","Go for the Eyes","Rebound"],"picked":"SKIP","floor":1.0},{"not_picked":["Beam Cell","Redo","Steam"],"picked":"SKIP","floor":2.0},{"not_picked":["Conserve Battery","Sweeping Beam","Scrape"],"picked":"SKIP","floor":3.0},{"not_picked":["Hologram","Sweeping Beam","BootSequence"],"picked":"SKIP","floor":4.0},{"not_picked":["Redo","Rip and Tear","Coolheaded"],"picked":"SKIP","floor":5.0},{"not_picked":["Chaos","BootSequence","Undo"],"picked":"SKIP","floor":6.0},{"not_picked":["BootSequence","Undo"],"picked":"Chaos","floor":6.0},{"not_picked":["Redo","Gash","Beam Cell"],"picked":"SKIP","floor":7.0},{"not_picked":["Beam Cell","Gash","Multi-Cast"],"picked":"SKIP","floor":8.0},{"not_picked":["Turbo","Auto Shields","Hologram"],"picked":"SKIP","floor":10.0},{"not_picked":["Steam Power","Go for the Eyes","Force Field"],"picked":"SKIP","floor":13.0},{"not_picked":["Skim","Tempest","Darkness"],"picked":"SKIP","floor":14.0},{"not_picked":["Reboot","Seek"],"picked":"Core Surge","floor":16.0},{"not_picked":["Hello World+1","Reprogram+1","Gash+1"],"picked":"SKIP","floor":18.0},{"not_picked":["Sweeping Beam+1","Conserve Battery","Sunder+1"],"picked":"SKIP","floor":20.0},{"not_picked":["Skim+1","Leap","Redo"],"picked":"SKIP","floor":21.0},{"not_picked":["Glacier","Stack+1","Steam"],"picked":"SKIP","floor":22.0},{"not_picked":["Stack","Go for the Eyes","Compile Driver+1"],"picked":"SKIP","floor":23.0},{"not_picked":["Stack","Go for the Eyes"],"picked":"Compile Driver+1","floor":23.0},{"not_picked":["BootSequence+1","Beam Cell"],"picked":"Sweeping Beam+1","floor":25},{"not_picked":["Conserve Battery","Scrape"],"picked":"Coolheaded","floor":27},{"not_picked":["Double Energy","BootSequence","Cold Snap"],"picked":"SKIP","floor":28},{"not_picked":["Reboot","Rainbow"],"picked":"Echo Form+1","floor":33},{"not_picked":["Recycle+1","Sweeping Beam+1","Barrage"],"picked":"SKIP","floor":35},{"not_picked":["Reprogram+1","Rebound+1","Double Energy+1"],"picked":"SKIP","floor":37},{"not_picked":["Compile Driver+1","Reboot","Recycle+1"],"picked":"SKIP","floor":38},{"not_picked":["Doom and Gloom+1","Ball Lightning"],"picked":"Consume+1","floor":39},{"not_picked":["Loop+1","Go for the Eyes+1","Coolheaded+1"],"picked":"SKIP","floor":41},{"not_picked":["Go for the Eyes+1","Heatsinks+1","Amplify"],"picked":"SKIP","floor":42},{"not_picked":["Conserve Battery","Coolheaded","Storm+1"],"picked":"SKIP","floor":45}],"player_experience":1277476,"relics_obtained":[{"floor":6.0,"key":"Sundial"},{"floor":8.0,"key":"Pocketwatch"},{"floor":9.0,"key":"Regal Pillow"},{"floor":14.0,"key":"Art of War"},{"floor":23.0,"key":"Anchor"},{"floor":26,"key":"Blood Vial"},{"floor":34,"key":"Centennial Puzzle"},{"floor":34,"key":"InkBottle"},{"floor":34,"key":"Torii"},{"floor":41,"key":"Bag of Marbles"},{"floor":43,"key":"Letter Opener"},{"floor":44,"key":"FossilizedHelix"}],"event_choices":[{"damage_healed":0,"gold_gain":0,"player_choice":"Opened","damage_taken":0,"relics_obtained":["Cables"],"max_hp_gain":0,"max_hp_loss":0,"event_name":"The Mausoleum","floor":29,"gold_loss":0,"cards_obtained":["Writhe"]},{"damage_healed":0,"gold_gain":0,"player_choice":" RottenVial Idol ","damage_taken":42,"relics_obtained":["betterAltar:BloodRelic","Bloody Idol"],"max_hp_gain":53,"max_hp_loss":13,"event_name":"betterAltar:BetterAltar","floor":31,"potions_obtained":[],"relics_lost":["Blood Vial"],"gold_loss":0},{"damage_healed":0,"gold_gain":0,"player_choice":"Max HP","damage_taken":0,"max_hp_gain":0,"max_hp_loss":4,"event_name":"Winding Halls","floor":36,"gold_loss":0},{"damage_healed":0,"gold_gain":0,"player_choice":"Fight","damage_taken":0,"max_hp_gain":0,"max_hp_loss":0,"event_name":"MindBloom","floor":44,"gold_loss":0}],"is_beta":false,"boss_relics":[{"not_picked":["Pandora\u0027s Box","SacredBark"],"picked":"Runic Dome"},{"not_picked":["Fusion Hammer","Empty Cage"],"picked":"Calling Bell"}],"items_purged_floors":[0,0,0,47],"is_endless":false,"potions_floor_spawned":[1,2,3,6,16,20,21,24,28,33,35,37,44],"killed_by":"Maw","ascension_level":10}}