{"host":"j4g6ia6asvpyu2b0","time":1612311818,"event":{"mods":["BaseMod","Colored Map","Minty Spire (QoL Compilation)","Permanent Neow","Quick Restart","Relic Stats","StSLib","Unceasing Turn Reminder"],"gold_per_floor":[115,126,301,301,226,259,534,534,534,551,561,99,129,142,142,243,243,255,180,198,113,50,77,92,92,92,92,122,136,166,179,179,275,275,295,295,346,420,440,440,467,467,467,479,505,433,433,445,445,445,445,445,42,77,77],"floor_reached":56,"language":"ENG","playtime":1607,"items_purged":["Doubt","Regret","Strike_R","Strike_R"],"score":1579,"play_id":"2a3f4594-858f-40b2-aa4f-984d5f0a1a4b","local_time":"20210202172338","is_ascension_mode":true,"campfire_choices":[{"data":"Bash","floor":8.0,"key":"SMITH"},{"data":"Whirlwind","floor":15.0,"key":"SMITH"},{"data":"Feel No Pain","floor":25.0,"key":"SMITH"},{"data":"Heavy Blade","floor":27.0,"key":"SMITH"},{"floor":32.0,"key":"DIG"},{"floor":40.0,"key":"DIG"},{"floor":42.0,"key":"DIG"},{"floor":49.0,"key":"RECALL"},{"floor":52.0,"key":"DIG"}],"circlet_count":0,"master_deck":["Strike_R","Strike_R","Defend_R","Defend_R","Defend_R","Defend_R","Bash+1","Spot Weakness","Heavy Blade+1","Perfected Strike","Feel No Pain+1","Whirlwind+1","Barricade","Corruption","Sentinel","Battle Trance","Heavy Blade","Uppercut+1","Heavy Blade+1","Iron Wave+1","Shockwave+1","Disarm","Reaper","Armaments+1","Discovery","Discovery","Discovery","Uppercut","Feel No Pain","Clothesline+1","Dark Embrace","Seeing Red","True Grit","HandOfGreed","Dual Wield"],"relics":["Snecko Eye","Lizard Tail","InkBottle","Membership Card","Bag of Preparation","Mercury Hourglass","Question Card","Sozu","Thread and Needle","Self Forming Clay","Charon\u0027s Ashes","Shovel","Singing Bowl","Kunai","Busted Crown","Gambling Chip","Sundial","CaptainsWheel","Ice Cream","Ornamental Fan","Smiling Mask","Eternal Feather","Brimstone","Gremlin Horn","Centennial Puzzle","Blood Vial","Bottled Lightning"],"acts_visited":["Exordium","TheCity","TheBeyond","TheEnding"],"potions_floor_usage":[55,55],"damage_taken":[{"damage":0.0,"enemies":"Cultist","floor":1.0,"turns":2.0},{"damage":6.0,"enemies":"Jaw Worm","floor":2.0,"turns":2.0},{"damage":31.0,"enemies":"Lagavulin","floor":6.0,"turns":5.0},{"damage":1.0,"enemies":"2 Louse","floor":10.0,"turns":2.0},{"damage":16.0,"enemies":"Exordium Thugs","floor":11.0,"turns":4.0},{"damage":6.0,"enemies":"Gremlin Nob","floor":13.0,"turns":3.0},{"damage":0.0,"enemies":"2 Fungi Beasts","floor":14.0,"turns":2.0},{"damage":17.0,"enemies":"Hexaghost","floor":16.0,"turns":8.0},{"damage":7.0,"enemies":"Shell Parasite","floor":18.0,"turns":3.0},{"damage":0.0,"enemies":"2 Thieves","floor":20.0,"turns":2.0},{"damage":0.0,"enemies":"Gremlin Leader","floor":23.0,"turns":3.0},{"damage":0.0,"enemies":"Snecko","floor":24.0,"turns":3.0},{"damage":0.0,"enemies":"Book of Stabbing","floor":28.0,"turns":3.0},{"damage":0.0,"enemies":"Shelled Parasite and Fungi","floor":29.0,"turns":2.0},{"damage":0.0,"enemies":"Gremlin Leader","floor":30.0,"turns":3.0},{"damage":0.0,"enemies":"Snake Plant","floor":31.0,"turns":3.0},{"damage":4.0,"enemies":"Champ","floor":33.0,"turns":8.0},{"damage":0.0,"enemies":"3 Shapes","floor":35.0,"turns":2.0},{"damage":9.0,"enemies":"2 Orb Walkers","floor":37.0,"turns":4.0},{"damage":0.0,"enemies":"3 Darklings","floor":39.0,"turns":2.0},{"damage":0.0,"enemies":"Nemesis","floor":41.0,"turns":5.0},{"damage":0.0,"enemies":"Transient","floor":44.0,"turns":5.0},{"damage":0.0,"enemies":"Reptomancer","floor":45.0,"turns":4.0},{"damage":0.0,"enemies":"Writhing Mass","floor":48.0,"turns":3.0},{"damage":8.0,"enemies":"Time Eater","floor":50.0,"turns":5.0},{"damage":0.0,"enemies":"Shield and Spear","floor":54.0,"turns":2.0},{"damage":3,"enemies":"The Heart","floor":55,"turns":5}],"seed_played":"3695172750493639260","potions_obtained":[{"floor":2.0,"key":"Ancient Potion"},{"floor":11.0,"key":"Block Potion"},{"floor":16.0,"key":"ElixirPotion"}],"is_trial":false,"path_per_floor":["M","M","?","T","$","E","?","R","T","M","M","$","E","M","R","B",null,"M","?","M","?","$","E","M","R","T","R","E","M","E","M","R","B",null,"M","?","?","T","M","R","E","R","T","M","E","$","?","M","R","B",null,"R","$","E","B",null],"character_chosen":"IRONCLAD","items_purchased":["Membership Card","Whirlwind","Bag of Preparation","Mercury Hourglass","PowerPotion","Brimstone","Centennial Puzzle","Dark Embrace","Seeing Red","True Grit","HandOfGreed","Blood Vial"],"campfire_rested":0,"item_purchase_floors":[12,12,12,12,12,46,53,53,53,53,53,53],"current_hp_per_floor":[80,74,74,74,74,43,43,43,43,42,26,26,20,20,20,3,80,73,73,73,73,73,73,73,73,73,73,73,73,73,73,73,69,80,80,70,63,63,63,63,71,71,71,84,86,86,86,86,86,78,86,86,86,86,83],"gold":77,"neow_bonus":"BOSS_RELIC","is_daily":false,"chose_seed":false,"campfire_upgraded":4,"win_rate":0.0,"timestamp":1612311818,"path_taken":["M","?","?","?","$","E","?","R","T","?","M","$","E","M","R","BOSS","M","?","M","?","$","E","M","R","T","R","E","M","E","M","R","BOSS","M","?","?","?","M","R","E","R","T","M","E","?","?","M","R","BOSS","R","$","E","BOSS"],"items_purchased_type":["Relic","Card","Relic","Relic","Potion","Relic","Relic","Card","Card","Card","Card","Relic"],"build_version":"2020-12-22","purchased_purges":4,"victory":true,"max_hp_per_floor":[80,80,80,80,80,80,80,80,80,80,80,80,80,80,80,80,80,80,80,80,80,80,80,80,80,80,80,80,80,80,80,80,80,80,80,80,82,82,82,82,84,84,84,84,86,86,86,86,86,86,86,86,86,86,86],"relic_stats":{"Singing Bowl":6,"Gremlin Horn":[0,0],"counters":[27,95],"Self Forming Clay":[18],"Eternal Feather":0,"Charon\u0027s Ashes":[476],"Bag of Preparation":[44],"Question Card":22,"Smiling Mask":25,"Mercury Hourglass":[284],"Sozu":7,"Blood Vial":0,"Lizard Tail":0,"Centennial Puzzle":[3],"Shovel":4,"Busted Crown":22,"Sundial":[4],"Ornamental Fan":[40],"Gambling Chip":[27],"Snecko Eye":[221,169,189,197],"Kunai":[20],"obtain_stats":[{"Ice Cream":41,"Singing Bowl":30,"Gremlin Horn":52,"Bag of Preparation":12,"Smiling Mask":43,"Burning Blood":0,"Sozu":17,"Blood Vial":53,"Lizard Tail":6,"Centennial Puzzle":53,"Shovel":28,"Sundial":38,"Gambling Chip":37,"Kunai":32,"InkBottle":9,"Self Forming Clay":23,"Thread and Needle":21,"Eternal Feather":45,"Charon\u0027s Ashes":26,"Question Card":13,"Mercury Hourglass":12,"CaptainsWheel":40,"Busted Crown":34,"Ornamental Fan":42,"Brimstone":46,"Snecko Eye":0,"Membership Card":12,"Bottled Lightning":54},{"Ice Cream":21,"Singing Bowl":15,"Gremlin Horn":25,"Bag of Preparation":5,"Smiling Mask":21,"Burning Blood":0,"Sozu":8,"Blood Vial":25,"Lizard Tail":3,"Centennial Puzzle":25,"Shovel":13,"Sundial":19,"Gambling Chip":19,"Kunai":16,"InkBottle":3,"Self Forming Clay":11,"Thread and Needle":10,"Eternal Feather":23,"Charon\u0027s Ashes":12,"Question Card":6,"Mercury Hourglass":5,"CaptainsWheel":20,"Busted Crown":17,"Ornamental Fan":21,"Brimstone":23,"Snecko Eye":0,"Membership Card":5,"Bottled Lightning":26},{"Ice Cream":71,"Singing Bowl":47,"Gremlin Horn":88,"Bag of Preparation":15,"Smiling Mask":71,"Burning Blood":0,"Sozu":28,"Blood Vial":88,"Lizard Tail":9,"Centennial Puzzle":88,"Shovel":42,"Sundial":64,"Gambling Chip":64,"Kunai":50,"InkBottle":9,"Self Forming Clay":36,"Thread and Needle":33,"Eternal Feather":80,"Charon\u0027s Ashes":39,"Question Card":18,"Mercury Hourglass":15,"CaptainsWheel":66,"Busted Crown":58,"Ornamental Fan":71,"Brimstone":80,"Snecko Eye":0,"Membership Card":15,"Bottled Lightning":90}],"InkBottle":[37]},"card_choices":[{"not_picked":["Pommel Strike","Twin Strike"],"picked":"Spot Weakness","floor":1.0},{"not_picked":["Headbutt","Iron Wave"],"picked":"Heavy Blade","floor":2.0},{"not_picked":["Anger","Infernal Blade"],"picked":"Perfected Strike","floor":6.0},{"not_picked":["Entrench","Disarm","Wild Strike"],"picked":"SKIP","floor":10.0},{"not_picked":["Evolve","Iron Wave"],"picked":"Feel No Pain","floor":11.0},{"not_picked":["Body Slam","Warcry","Rage"],"picked":"SKIP","floor":13.0},{"not_picked":["Shockwave","Dual Wield","Clash"],"picked":"Barricade","floor":14.0},{"not_picked":["Barricade","Demon Form","Bludgeon"],"picked":"Corruption","floor":16.0},{"not_picked":["Pommel Strike","Reckless Charge","Spot Weakness"],"picked":"Sentinel","floor":18.0},{"not_picked":["Havoc","Blood for Blood","Iron Wave"],"picked":"Battle Trance","floor":20.0},{"not_picked":["Headbutt","Cleave+1","Pummel+1"],"picked":"Heavy Blade","floor":23.0},{"not_picked":["Body Slam","Clash","Flame Barrier"],"picked":"Uppercut+1","floor":24.0},{"not_picked":["Havoc","Evolve+1","Iron Wave"],"picked":"Heavy Blade+1","floor":28.0},{"not_picked":["Flex","Headbutt","Bloodletting"],"picked":"Iron Wave+1","floor":29.0},{"not_picked":["Thunderclap","Fiend Fire","Combust+1"],"picked":"Shockwave+1","floor":30.0},{"not_picked":["Entrench","Rampage","Fire Breathing"],"picked":"Disarm","floor":31.0},{"not_picked":["Brutality","Bludgeon","Double Tap"],"picked":"Reaper","floor":33.0},{"not_picked":["Pommel Strike"],"picked":"Armaments+1","floor":35.0},{"not_picked":["Sadistic Nature"],"picked":"Discovery","floor":36.0},{"not_picked":["Master of Strategy"],"picked":"Discovery","floor":36.0},{"not_picked":["Secret Weapon"],"picked":"Discovery","floor":36.0},{"not_picked":["True Grit","Perfected Strike+1"],"picked":"Singing Bowl","floor":37.0},{"not_picked":["Wild Strike+1"],"picked":"Uppercut","floor":39.0},{"not_picked":["Power Through+1","Rage+1"],"picked":"Singing Bowl","floor":41.0},{"not_picked":["Headbutt+1"],"picked":"Feel No Pain","floor":44.0},{"not_picked":["Sword Boomerang+1","Thunderclap"],"picked":"Singing Bowl","floor":45.0},{"not_picked":["Searing Blow+1"],"picked":"Clothesline+1","floor":48.0},{"not_picked":["Dropkick+1"],"picked":"Dual Wield","floor":54.0}],"player_experience":1112498,"relics_obtained":[{"floor":6.0,"key":"Lizard Tail"},{"floor":9.0,"key":"InkBottle"},{"floor":13.0,"key":"Question Card"},{"floor":23.0,"key":"Self Forming Clay"},{"floor":26.0,"key":"Charon\u0027s Ashes"},{"floor":28.0,"key":"Shovel"},{"floor":30.0,"key":"Singing Bowl"},{"floor":32.0,"key":"Kunai"},{"floor":37.0,"key":"Gambling Chip"},{"floor":38.0,"key":"Sundial"},{"floor":40.0,"key":"CaptainsWheel"},{"floor":41.0,"key":"Ice Cream"},{"floor":42.0,"key":"Ornamental Fan"},{"floor":43.0,"key":"Smiling Mask"},{"floor":45.0,"key":"Eternal Feather"},{"floor":52.0,"key":"Gremlin Horn"},{"floor":54.0,"key":"Bottled Lightning"}],"event_choices":[{"damage_healed":0.0,"max_hp_gain":0.0,"max_hp_loss":0.0,"gold_gain":175.0,"event_name":"Liars Game","player_choice":"AGREE","floor":3.0,"gold_loss":0.0,"damage_taken":0.0,"cards_obtained":["Doubt"]},{"damage_healed":0.0,"max_hp_gain":0.0,"max_hp_loss":0.0,"gold_gain":275.0,"event_name":"Golden Shrine","player_choice":"Desecrate","floor":7.0,"gold_loss":0.0,"damage_taken":0.0,"cards_obtained":["Regret"]},{"cards_removed":["Strike_R"],"damage_healed":0.0,"max_hp_gain":0.0,"max_hp_loss":0.0,"gold_gain":0.0,"event_name":"Beggar","player_choice":"Gave Gold","floor":19.0,"gold_loss":75.0,"damage_taken":0.0},{"damage_healed":0.0,"max_hp_gain":0.0,"max_hp_loss":0.0,"gold_gain":0.0,"event_name":"Addict","player_choice":"Obtained Relic","floor":21.0,"gold_loss":85.0,"damage_taken":0.0,"relics_obtained":["Thread and Needle"]},{"damage_healed":0.0,"max_hp_gain":0.0,"max_hp_loss":0.0,"gold_gain":0.0,"event_name":"SensoryStone","player_choice":"Memory 3","floor":36.0,"gold_loss":0.0,"damage_taken":10.0},{"damage_healed":0.0,"max_hp_gain":0.0,"max_hp_loss":0.0,"gold_gain":0.0,"event_name":"Mysterious Sphere","player_choice":"Fight","floor":37.0,"gold_loss":0.0,"damage_taken":0.0},{"damage_healed":0.0,"max_hp_gain":0.0,"max_hp_loss":0.0,"gold_gain":0.0,"event_name":"Tomb of Lord Red Mask","player_choice":"Ignored","floor":47.0,"gold_loss":0.0,"damage_taken":0.0}],"is_beta":false,"boss_relics":[{"not_picked":["SacredBark","Tiny House"],"picked":"Sozu"},{"not_picked":["Pandora\u0027s Box","Velvet Choker"],"picked":"Busted Crown"}],"items_purged_floors":[5,12,22,53],"is_endless":false,"potions_floor_spawned":[2,11,16,24,28,29,35,39,44,48],"ascension_level":1}}