{"host":"wvwkddos141hgtsy","time":1612321200,"event":{"mods":["AchievementEnabler","AlwaysNeverKeys","BaseMod","Better Altar","Better Match","Better Note","Better Sensory Stone","Better Skull","Better Third Choice","Better Vampires","BetterRewards","ChefMod","Colored Map","Colored Powertips","Custom Start","Downfall","Googly Eyes","Hermit","Highlight Path","Minty Spire (QoL Compilation)","Relic Stats","StSLib","SuperFastMode","The Alterego","The Cursed","The Hayseed","The Hierophant","The Runesmith"],"gold_per_floor":[99,99,99,99,110,125,125,125,160,160,160,187,187,197,208,308,308,308,325,341,352,352,352,352,352],"floor_reached":23,"language":"ENG","playtime":1334,"items_purged":[],"score":199,"play_id":"75029425-9c61-42a5-894f-0e96107fba54","local_time":"20210202220000","is_ascension_mode":false,"campfire_choices":[{"data":"champ:Execute","floor":1.0,"key":"SMITH"},{"data":"champ:ViciousMockery","floor":10.0,"key":"SMITH"},{"data":"champ:DancingMaster","floor":13,"key":"SMITH"},{"data":"champ:GladiatorForm","floor":18,"key":"SMITH"}],"circlet_count":0,"master_deck":["champ:Strike","champ:Strike","champ:Strike","champ:Strike","champ:Defend","champ:Defend","champ:Defend","champ:Defend","champ:Execute+1","champ:Taunt","champ:ViciousMockery+1","champ:DancingMaster+1","champ:GutPunch","champ:Backstep","champ:LastStand","champ:DeathBlow","champ:GladiatorForm+1","champ:FanOfKnives","champ:BerserkerStyle"],"relics":["champ:ChampionCrown","downfall:HeartsMalice","Letter Opener","Dream Catcher","Happy Flower","Sozu"],"acts_visited":["Exordium","TheCity"],"potions_floor_usage":[16,16],"damage_taken":[{"damage":0.0,"enemies":"Small Slimes","floor":2.0,"turns":1.0},{"damage":0.0,"enemies":"2 Louse","floor":3.0,"turns":1.0},{"damage":0.0,"enemies":"Cultist","floor":4.0,"turns":1.0},{"damage":14.0,"enemies":"Blue Slaver","floor":5.0,"turns":5.0},{"damage":14.0,"enemies":"2 Fungi Beasts","floor":6.0,"turns":4.0},{"damage":34.0,"enemies":"3 Sentries","floor":9.0,"turns":9.0},{"damage":37,"enemies":"Lagavulin","floor":12,"turns":10},{"damage":13,"enemies":"Gremlin Gang","floor":14,"turns":5},{"damage":12,"enemies":"Blue Slaver","floor":15,"turns":2},{"damage":44,"enemies":"SI_SHIV_ARCHETYPE","floor":16,"turns":10},{"damage":71,"enemies":"3 Byrds","floor":19,"turns":5},{"damage":78,"enemies":"Snake Plant","floor":20,"turns":7},{"damage":30,"enemies":"Snecko","floor":21,"turns":5},{"damage":6,"enemies":"Chosen and Byrds","floor":23,"turns":1}],"seed_played":"-9106376180096629887","potions_obtained":[{"floor":5.0,"key":"AttackPotion"},{"floor":9.0,"key":"SteroidPotion"},{"floor":12,"key":"champ:OpenerPotion"},{"floor":14,"key":"Weak Potion"},{"floor":16,"key":"SneckoOil"}],"is_trial":false,"path_per_floor":["R","M","M","M","M","M","T","?","E","R","?","E","R","M","M","B",null,"R","M","M","M","?","M"],"character_chosen":"THE_CHAMP","items_purchased":[],"campfire_rested":0,"item_purchase_floors":[],"current_hp_per_floor":[90,90,90,90,86,82,82,82,58,58,58,46,46,43,41,36,90,90,59,21,6,6,0,0,0],"gold":352,"neow_bonus":"THREE_ENEMY_KILL","is_daily":false,"chose_seed":false,"campfire_upgraded":4,"win_rate":0.0,"timestamp":1612321200,"path_taken":["R","M","M","M","M","M","T","?","E","R","?","E","R","M","M","BOSS","R","M","M","M","?","M"],"items_purchased_type":[],"build_version":"2020-12-22","purchased_purges":0,"victory":false,"max_hp_per_floor":[90,90,90,90,90,90,90,90,90,90,90,90,90,90,90,90,90,90,90,90,90,90,90,90,90],"relic_stats":{"Sozu":3,"Dream Catcher":0,"Happy Flower":[11],"counters":[14,63],"Letter Opener":[80],"obtain_stats":[{"Sozu":17,"Dream Catcher":9,"Happy Flower":12,"champ:ChampionCrown":0,"downfall:HeartsMalice":0,"Letter Opener":7},{"Sozu":10,"Dream Catcher":6,"Happy Flower":7,"champ:ChampionCrown":0,"downfall:HeartsMalice":0,"Letter Opener":5},{"Sozu":45,"Dream Catcher":18,"Happy Flower":28,"champ:ChampionCrown":0,"downfall:HeartsMalice":0,"Letter Opener":9}]},"card_choices":[{"not_picked":["champ:Shatter","champ:BringItOn"],"picked":"champ:ViciousMockery","floor":2.0},{"not_picked":["champ:TornadoPunch","champ:FlashCut","champ:CrookedStrike"],"picked":"SKIP","floor":3.0},{"not_picked":["champ:DefensiveShout","champ:BringItOn"],"picked":"champ:DancingMaster","floor":4.0},{"not_picked":["champ:Haymaker","champ:Shatter"],"picked":"champ:GutPunch","floor":5.0},{"not_picked":["champ:Haymaker","champ:AdrenalArmor"],"picked":"champ:Backstep","floor":6.0},{"not_picked":["champ:AdrenalArmor","champ:FlashCut","champ:EndlessRage"],"picked":"SKIP","floor":9.0},{"not_picked":["champ:BerserkerStyle","champ:EnGarde"],"picked":"champ:LastStand","floor":12},{"not_picked":["champ:BladeFlurry","champ:HeartStrike","champ:Circumvent"],"picked":"SKIP","floor":14},{"not_picked":["champ:PreciseThrust","champ:ShieldWall"],"picked":"champ:DeathBlow","floor":15},{"not_picked":["champ:HoldFirm","champ:IgnorePain"],"picked":"champ:GladiatorForm","floor":16},{"not_picked":["champ:BringItOn","champ:FlashCut"],"picked":"champ:FanOfKnives","floor":19},{"not_picked":["champ:DefensiveShout","champ:BringItOn","champ:FanOfKnives"],"picked":"SKIP","floor":20},{"not_picked":["champ:GutPunch+1","champ:PreciseThrust"],"picked":"champ:BerserkerStyle","floor":21}],"player_experience":396173,"relics_obtained":[{"floor":7.0,"key":"Letter Opener"},{"floor":9.0,"key":"Dream Catcher"},{"floor":12,"key":"Happy Flower"}],"event_choices":[{"cards_removed":["champ:Strike"],"damage_healed":0,"gold_gain":0,"player_choice":"Give","damage_taken":0,"max_hp_gain":0,"max_hp_loss":0,"event_name":"betterNote:BetterNote","floor":11,"gold_loss":0,"cards_obtained":["None"]}],"is_beta":false,"boss_relics":[{"not_picked":["Tiny House","Velvet Choker"],"picked":"Sozu"}],"items_purged_floors":[],"is_endless":false,"potions_floor_spawned":[5,9,12,14,16,19,20,21],"killed_by":"Chosen and Byrds","ascension_level":0}}