{"host":"i9o3eksapkmftcbs","time":1612331591,"event":{"mods":["2.2 Compatiblity","AchievementEnabler","Act Like it!","Arknights","Bard","BaseMod","BetterRewards","Colored Map","Colored Powertips","Conspire","Duelist Mod","Halation","Hubris","Infinite Spire","Lobotomy","Minty Spire (QoL Compilation)","Rare Cards Sparkle","Reliquary","Robot Space Explorer","StSLib","The Blackbeard","The Clintock","The Dragon Tamer","The Mystic","Transform Curses"],"gold_per_floor":[118,78,89,108,1,1,1,1],"floor_reached":7,"language":"ENG","playtime":345,"items_purged":[],"score":49,"play_id":"5174745c-3f2b-4c96-b47a-ab97f85950c2","local_time":"20210202235311","is_ascension_mode":true,"campfire_choices":[],"circlet_count":0,"master_deck":["Strike_P","Strike_P","Strike_P","Strike_P","Defend_P","Defend_P","Defend_P","Defend_P","Eruption","Vigilance","Prostrate","Pray","ClearTheMind","Weave","WreathOfFlame","Decay","Normality","infinitespire:Execution"],"relics":["PureWater","Calipers"],"acts_visited":["Exordium"],"potions_floor_usage":[3,7,7,7],"damage_taken":[{"damage":2,"enemies":"Jaw Worm","floor":1,"turns":4},{"damage":0,"enemies":"Cultist","floor":3,"turns":2},{"damage":11,"enemies":"Small Slimes","floor":4,"turns":4},{"damage":43,"enemies":"3 Sentries","floor":7,"turns":4}],"seed_played":"-8239120996717965293","potions_obtained":[{"floor":2,"key":"infinitespire:BlackPotion"},{"floor":2,"key":"SteroidPotion"},{"floor":2,"key":"Ambrosia"},{"floor":4,"key":"SteroidPotion"}],"is_trial":false,"path_per_floor":["M","?","M","M","$","?","E"],"character_chosen":"WATCHER","items_purchased":["Weave","WreathOfFlame"],"campfire_rested":0,"item_purchase_floors":[5,5],"current_hp_per_floor":[49,49,49,38,38,38,0,0],"gold":1,"neow_bonus":"ONE_RARE_RELIC","is_daily":false,"chose_seed":false,"campfire_upgraded":0,"win_rate":0.0,"timestamp":1612331591,"path_taken":["M","?","M","?","$","?","E"],"items_purchased_type":["Card","Card"],"build_version":"2020-12-22","purchased_purges":0,"victory":false,"max_hp_per_floor":[72,72,72,72,72,72,72,72],"card_choices":[{"not_picked":["EmptyBody","EmptyFist"],"picked":"Prostrate","floor":1},{"not_picked":["CrushJoints","Halt"],"picked":"Pray","floor":3},{"not_picked":["InnerPeace","Protect"],"picked":"ClearTheMind","floor":4},{"not_picked":["infinitespire:SevenWalls","infinitespire:NeuralNetwork"],"picked":"infinitespire:Execution","floor":6}],"player_experience":384258,"relics_obtained":[],"event_choices":[{"damage_healed":0,"gold_gain":0,"player_choice":"Bought 3 Potions","damage_taken":0,"max_hp_gain":0,"max_hp_loss":0,"event_name":"The Woman in Blue","floor":2,"gold_loss":0}],"is_beta":false,"boss_relics":[],"items_purged_floors":[],"is_endless":false,"potions_floor_spawned":[4],"killed_by":"3 Sentries","ascension_level":4}}