{"host":"rtw1tnr74gozsrw1","time":1612381219,"event":{"mods":["BaseMod","Colored Map","Colored Powertips","Highlight Path","Minty Spire (QoL Compilation)","StSLib"],"gold_per_floor":[113,38,38,38,11,11,26,41,41,52,52,52,52],"floor_reached":12,"language":"ENG","playtime":321,"items_purged":["Strike_R"],"score":68,"play_id":"1ffd09af-1070-4c9f-bffa-aab2eebd8849","local_time":"20210203204019","is_ascension_mode":false,"campfire_choices":[{"data":"Immolate","floor":6,"key":"SMITH"},{"data":"Rage","floor":11,"key":"SMITH"}],"circlet_count":0,"master_deck":["Strike_R","Strike_R","Strike_R","Defend_R","Defend_R","Defend_R","Defend_R","Bash+1","Blood for Blood","Immolate+1","Dark Shackles","Flex","Rage+1"],"relics":["Burning Blood","HornCleat"],"acts_visited":["Exordium"],"potions_floor_usage":[],"damage_taken":[{"damage":5,"enemies":"Small Slimes","floor":1,"turns":4},{"damage":0,"enemies":"Cultist","floor":7,"turns":3},{"damage":6,"enemies":"Jaw Worm","floor":8,"turns":2},{"damage":2,"enemies":"Large Slime","floor":10,"turns":5},{"damage":0,"enemies":"3 Sentries","floor":12,"turns":1}],"seed_played":"4983326032436749136","potions_obtained":[{"floor":8,"key":"Fruit Juice"}],"is_trial":false,"path_per_floor":["M","$","?","?","$","R","M","M","T","M","R","E"],"character_chosen":"IRONCLAD","items_purchased":["Flex"],"campfire_rested":0,"item_purchase_floors":[5],"current_hp_per_floor":[80,80,73,73,73,73,79,79,79,80,80,80,80],"gold":52,"neow_bonus":"UPGRADE_CARD","is_daily":false,"chose_seed":false,"campfire_upgraded":2,"win_rate":0.0,"timestamp":1612381219,"path_taken":["M","$","?","?","$","R","M","M","T","M","R","E"],"items_purchased_type":["Card"],"build_version":"2020-12-22","purchased_purges":1,"victory":false,"max_hp_per_floor":[80,80,80,80,80,80,80,80,80,80,80,80,80],"card_choices":[{"not_picked":["Flex","Iron Wave","Shrug It Off"],"picked":"SKIP","floor":1},{"not_picked":["Dual Wield","Headbutt","Flex"],"picked":"SKIP","floor":7},{"not_picked":["Sentinel","Ghostly Armor"],"picked":"Rage","floor":8},{"not_picked":["Burning Pact","Shrug It Off","Disarm"],"picked":"SKIP","floor":10}],"player_experience":79811,"relics_obtained":[{"floor":9,"key":"HornCleat"}],"event_choices":[{"cards_removed":["Strike_R"],"damage_healed":0,"gold_gain":0,"player_choice":"Card Removal","damage_taken":7,"max_hp_gain":0,"max_hp_loss":0,"event_name":"Golden Wing","floor":3,"gold_loss":0},{"damage_healed":0,"gold_gain":0,"player_choice":"3 cards matched","damage_taken":0,"max_hp_gain":0,"max_hp_loss":0,"event_name":"Match and Keep!","floor":4,"gold_loss":0,"cards_obtained":["Blood for Blood","Immolate","Dark Shackles"]}],"is_beta":false,"boss_relics":[],"items_purged_floors":[2],"is_endless":false,"potions_floor_spawned":[8],"killed_by":"3 Sentries","ascension_level":0}}