{"host":"s8caws4n06h39s1x","time":1612393663,"event":{"mods":["BaseMod","Colored Powertips","Highlight Path","Minty Spire (QoL Compilation)","Quick Restart"],"gold_per_floor":[118,118,39,55,65,93,93,119,119,154,154,172,202,277,277,382,432,448,448,468,468,485,485,513,513,513,540,193,193,233,255,255,360,360,383,383,383],"floor_reached":36,"language":"ENG","playtime":3748,"items_purged":[],"score":497,"play_id":"fad27498-ffa5-494c-a8ee-6de01ac83372","local_time":"20210204000743","is_ascension_mode":true,"campfire_choices":[{"floor":7.0,"key":"REST"},{"floor":11.0,"key":"REST"},{"floor":15.0,"key":"REST"},{"floor":23,"key":"REST"},{"floor":25,"key":"REST"},{"floor":29,"key":"REST"},{"floor":32,"key":"REST"}],"circlet_count":0,"master_deck":["Strike_G","Strike_G","Strike_G","Strike_G","Defend_G","Defend_G","Defend_G","Defend_G","Defend_G","Survivor+1","Neutralize","Outmaneuver","Infinite Blades","Underhanded Strike","All Out Attack","Deflect","Accuracy","Acrobatics","All Out Attack","Deflect","After Image","Dagger Throw","Blade Dance","Quick Slash","Backflip","Dodge and Roll+1","Backflip+1","Outmaneuver","Flying Knee","Dagger Throw+1","Cloak And Dagger+1","Envenom","Noxious Fumes"],"relics":["Ring of the Snake","Meat on the Bone","Question Card","Singing Bowl","Paper Crane","Thread and Needle","Tiny House","Enchiridion","Pen Nib","Pantograph","Bag of Preparation","CeramicFish","Medical Kit","Regal Pillow","Fusion Hammer"],"acts_visited":["Exordium","TheCity","TheBeyond"],"potions_floor_usage":[16,30,30,33,36],"damage_taken":[{"damage":7.0,"enemies":"Small Slimes","floor":1.0,"turns":4.0},{"damage":0.0,"enemies":"Cultist","floor":4.0,"turns":4.0},{"damage":9.0,"enemies":"Jaw Worm","floor":5.0,"turns":6.0},{"damage":20.0,"enemies":"3 Sentries","floor":6.0,"turns":7.0},{"damage":5.0,"enemies":"Gremlin Nob","floor":8.0,"turns":4.0},{"damage":26.0,"enemies":"Lagavulin","floor":10.0,"turns":7.0},{"damage":15.0,"enemies":"Lots of Slimes","floor":12.0,"turns":3.0},{"damage":40.0,"enemies":"Gremlin Nob","floor":13.0,"turns":5.0},{"damage":25,"enemies":"The Guardian","floor":16,"turns":15},{"damage":14,"enemies":"Spheric Guardian","floor":18,"turns":7},{"damage":9,"enemies":"Chosen","floor":20,"turns":7},{"damage":21,"enemies":"Snake Plant","floor":22,"turns":7},{"damage":22,"enemies":"Book of Stabbing","floor":24,"turns":9},{"damage":52,"enemies":"Gremlin Leader","floor":27,"turns":11},{"damage":0,"enemies":"Slavers","floor":30,"turns":7},{"damage":26,"enemies":"Cultist and Chosen","floor":31,"turns":7},{"damage":67,"enemies":"Collector","floor":33,"turns":18},{"damage":24,"enemies":"3 Darklings","floor":35,"turns":7},{"damage":58,"enemies":"2 Orb Walkers","floor":36,"turns":5}],"seed_played":"3800915586638188968","potions_obtained":[{"floor":1.0,"key":"Poison Potion"},{"floor":2.0,"key":"PowerPotion"},{"floor":2.0,"key":"EssenceOfSteel"},{"floor":10.0,"key":"Dexterity Potion"},{"floor":12.0,"key":"Fruit Juice"},{"floor":16,"key":"Block Potion"},{"floor":17,"key":"GamblersBrew"},{"floor":18,"key":"Strength Potion"},{"floor":27,"key":"DistilledChaos"},{"floor":35,"key":"Poison Potion"}],"is_trial":true,"path_per_floor":["M","?","$","M","M","E","R","E","T","E","R","M","E","?","R","B",null,"M","?","M","?","M","R","E","R","T","E","$","R","E","M","R","B",null,"M","?"],"character_chosen":"THE_SILENT","items_purchased":["Infinite Blades","CeramicFish","Outmaneuver","Flying Knee","Medical Kit"],"campfire_rested":7,"item_purchase_floors":[3,28,28,28,28],"current_hp_per_floor":[63,63,63,63,54,34,55,50,50,36,57,47,19,8,30,17,80,66,66,57,41,32,56,46,70,70,30,30,54,54,40,79,25,80,56,0,0],"gold":383,"neow_bonus":"","is_daily":false,"chose_seed":false,"campfire_upgraded":0,"win_rate":0.0,"timestamp":1612393663,"path_taken":["M","?","?","?","?","E","R","E","T","E","R","M","E","?","R","BOSS","M","?","?","?","M","R","E","R","T","E","$","R","E","M","R","BOSS","M","?"],"items_purchased_type":["Card","Relic","Card","Card","Relic"],"build_version":"2020-12-22","purchased_purges":0,"victory":false,"max_hp_per_floor":[70,70,70,70,70,70,70,70,70,70,70,75,75,75,75,75,80,80,80,80,80,80,80,80,80,80,80,80,80,80,80,80,80,80,80,80,80],"card_choices":[{"not_picked":["Caltrops","Deadly Poison"],"picked":"Outmaneuver","floor":1.0},{"not_picked":["Deflect","Leg Sweep"],"picked":"Underhanded Strike","floor":4.0},{"not_picked":["Outmaneuver","Reflex"],"picked":"All Out Attack","floor":5.0},{"not_picked":["PiercingWail","Poisoned Stab"],"picked":"Deflect","floor":6.0},{"not_picked":["Dagger Throw","Prepared"],"picked":"Accuracy","floor":8.0},{"not_picked":["Heel Hook","Caltrops","Poisoned Stab"],"picked":"Acrobatics","floor":10.0},{"not_picked":["Bane","Deflect","Leg Sweep"],"picked":"All Out Attack","floor":12.0},{"not_picked":["Masterful Stab","Deadly Poison","Catalyst"],"picked":"Deflect","floor":13.0},{"not_picked":["Phantasmal Killer","Wraith Form v2","Night Terror"],"picked":"After Image","floor":16},{"not_picked":["PiercingWail","Calculated Gamble","Outmaneuver"],"picked":"Dagger Throw","floor":17},{"not_picked":["Acrobatics","Bouncing Flask+1","Bane"],"picked":"Blade Dance","floor":18},{"not_picked":["Poisoned Stab","Bouncing Flask+1","Caltrops"],"picked":"Quick Slash","floor":20},{"not_picked":["Die Die Die","Deadly Poison","Deflect"],"picked":"Backflip","floor":22},{"not_picked":["Catalyst","Venomology","Sucker Punch+1"],"picked":"Dodge and Roll+1","floor":24},{"not_picked":["Crippling Poison","Acrobatics","All Out Attack"],"picked":"Backflip+1","floor":27},{"not_picked":["Acrobatics","Dodge and Roll","Bouncing Flask"],"picked":"Dagger Throw+1","floor":30},{"not_picked":["Deflect","Riddle With Holes","Finisher"],"picked":"Cloak And Dagger+1","floor":31},{"not_picked":["Burst","Wraith Form v2","Doppelganger"],"picked":"Envenom","floor":33},{"not_picked":["Dagger Throw","Bouncing Flask","Predator"],"picked":"Noxious Fumes","floor":35}],"player_experience":464819,"relics_obtained":[{"floor":6.0,"key":"Meat on the Bone"},{"floor":8.0,"key":"Question Card"},{"floor":9.0,"key":"Singing Bowl"},{"floor":10.0,"key":"Paper Crane"},{"floor":13.0,"key":"Thread and Needle"},{"floor":21,"key":"Enchiridion"},{"floor":24,"key":"Pen Nib"},{"floor":26,"key":"Pantograph"},{"floor":27,"key":"Bag of Preparation"},{"floor":30,"key":"Regal Pillow"}],"event_choices":[{"damage_healed":0.0,"max_hp_gain":0.0,"max_hp_loss":0.0,"gold_gain":0.0,"event_name":"Lab","player_choice":"Got Potions","floor":2.0,"gold_loss":0.0,"damage_taken":0.0},{"damage_healed":0.0,"max_hp_gain":0.0,"max_hp_loss":0.0,"gold_gain":75.0,"event_name":"World of Goop","player_choice":"Gather Gold","floor":14.0,"gold_loss":0.0,"damage_taken":11.0},{"cards_removed":["Strike_G"],"damage_healed":0,"gold_gain":0,"player_choice":"Offered Basic","damage_taken":0,"max_hp_gain":0,"max_hp_loss":0,"event_name":"Bonfire Elementals","floor":19,"gold_loss":0},{"damage_healed":0,"gold_gain":0,"player_choice":"Obtained Book","damage_taken":16,"max_hp_gain":0,"max_hp_loss":0,"event_name":"Cursed Tome","floor":21,"gold_loss":0},{"damage_healed":0,"gold_gain":0,"player_choice":"Fight","damage_taken":0,"max_hp_gain":0,"max_hp_loss":0,"event_name":"Mysterious Sphere","floor":36,"gold_loss":0}],"is_beta":false,"boss_relics":[{"not_picked":["Velvet Choker","Ectoplasm"],"picked":"Tiny House"},{"not_picked":["Pandora\u0027s Box","Cursed Key"],"picked":"Fusion Hammer"}],"items_purged_floors":[],"is_endless":true,"potions_floor_spawned":[1,10,12,16,18,22,27,35],"killed_by":"2 Orb Walkers","ascension_level":1}}