{"host":"watonwak","time":1612395796,"event":{"mods":["AchievementEnabler","BaseMod","Bestiary","Colored Map","Minty Spire (QoL Compilation)","Relic Stats","StSLib"],"gold_per_floor":[111,125,145,27,40,40,40,40,63,80,90,117,117,131,131,206,206,226,239,47,47,47],"floor_reached":21,"language":"ENG","playtime":854,"items_purged":[],"score":454,"play_id":"3814308c-2e38-4673-9409-65f5835f4915","local_time":"20210203234316","is_ascension_mode":true,"campfire_choices":[{"floor":6,"key":"REST"},{"data":"Streamline","floor":8,"key":"SMITH"},{"floor":15,"key":"REST"}],"circlet_count":0,"master_deck":["AscendersBane","Strike_B","Strike_B","Defend_B","Defend_B","Defend_B","Zap","Dualcast","Sweeping Beam","Auto Shields","Glacier","Capacitor","Streamline+1","Sweeping Beam","White Noise","Ball Lightning","White Noise","Reinforced Body","Biased Cognition","Leap+1","Loop+1","Self Repair+1","Coolheaded","Stack","Turbo"],"relics":["Cracked Core","NeowsBlessing","Art of War","Bag of Marbles","NlothsMask","Astrolabe","Medical Kit"],"acts_visited":["Exordium","TheCity"],"potions_floor_usage":[16],"damage_taken":[{"damage":0,"enemies":"2 Louse","floor":1,"turns":1},{"damage":0,"enemies":"Cultist","floor":2,"turns":1},{"damage":0,"enemies":"Small Slimes","floor":3,"turns":1},{"damage":42,"enemies":"Exordium Thugs","floor":5,"turns":7},{"damage":12,"enemies":"Lots of Slimes","floor":10,"turns":3},{"damage":13,"enemies":"3 Louse","floor":11,"turns":3},{"damage":10,"enemies":"3 Sentries","floor":12,"turns":9},{"damage":0,"enemies":"Large Slime","floor":14,"turns":5},{"damage":0,"enemies":"Slime Boss","floor":16,"turns":6},{"damage":28,"enemies":"Shell Parasite","floor":18,"turns":7},{"damage":38,"enemies":"Chosen","floor":19,"turns":4},{"damage":6,"enemies":"3 Cultists","floor":21,"turns":3}],"seed_played":"8786346668237687571","potions_obtained":[{"floor":2,"key":"PowerPotion"},{"floor":5,"key":"Weak Potion"},{"floor":18,"key":"LiquidMemories"}],"is_trial":false,"path_per_floor":["M","M","M","$","M","R","$","R","T","M","M","E","?","M","R","B",null,"M","M","$","M"],"character_chosen":"DEFECT","items_purchased":["Capacitor","Streamline","Medical Kit","Turbo"],"campfire_rested":2,"item_purchase_floors":[4,4,20,20],"current_hp_per_floor":[64,64,64,64,22,43,43,43,43,31,18,8,8,8,29,29,61,43,5,5,0,0],"gold":47,"neow_bonus":"THREE_ENEMY_KILL","is_daily":false,"chose_seed":false,"campfire_upgraded":1,"win_rate":0.0,"timestamp":1612395796,"path_taken":["M","M","M","$","M","R","$","R","T","M","M","E","?","M","R","BOSS","M","M","$","M"],"items_purchased_type":["Card","Card","Relic","Card"],"build_version":"2020-12-18","purchased_purges":0,"victory":false,"max_hp_per_floor":[71,71,71,71,71,71,71,71,71,71,71,71,71,71,71,71,71,71,71,71,71,71],"relic_stats":{"counters":[12,50],"Astrolabe":["Leap","Loop","Self Repair"],"Art of War":[10],"Medical Kit":[0],"obtain_stats":[{"NeowsBlessing":0,"Astrolabe":17,"Art of War":9,"Bag of Marbles":12,"Cracked Core":0,"Medical Kit":20,"NlothsMask":13},{"NeowsBlessing":0,"Astrolabe":9,"Art of War":4,"Bag of Marbles":7,"Cracked Core":0,"Medical Kit":11,"NlothsMask":7},{"NeowsBlessing":0,"Astrolabe":36,"Art of War":10,"Bag of Marbles":25,"Cracked Core":0,"Medical Kit":47,"NlothsMask":25}]},"card_choices":[{"not_picked":["Rebound","Hologram"],"picked":"Sweeping Beam","floor":1},{"not_picked":["Turbo","Redo"],"picked":"Auto Shields","floor":2},{"not_picked":["Hologram","BootSequence"],"picked":"Glacier","floor":3},{"not_picked":["Steam Power","Compile Driver"],"picked":"Sweeping Beam","floor":5},{"not_picked":["Recycle","Cold Snap"],"picked":"White Noise","floor":10},{"not_picked":["Leap","Gash"],"picked":"Ball Lightning","floor":11},{"not_picked":["Cold Snap","Gash"],"picked":"White Noise","floor":12},{"not_picked":["Force Field","Steam"],"picked":"Reinforced Body","floor":14},{"not_picked":["Reboot","All For One"],"picked":"Biased Cognition","floor":16},{"not_picked":["Force Field","Conserve Battery"],"picked":"Coolheaded","floor":18},{"not_picked":["Cold Snap","Aggregate"],"picked":"Stack","floor":19}],"player_experience":1214955,"relics_obtained":[{"floor":9,"key":"Art of War"},{"floor":12,"key":"Bag of Marbles"}],"event_choices":[{"damage_healed":0,"gold_gain":0,"player_choice":"Trade","damage_taken":0,"relics_obtained":["NlothsMask"],"max_hp_gain":0,"max_hp_loss":0,"event_name":"FaceTrader","floor":13,"gold_loss":0}],"is_beta":true,"boss_relics":[{"not_picked":["Nuclear Battery","Calling Bell"],"picked":"Astrolabe"}],"items_purged_floors":[],"is_endless":false,"potions_floor_spawned":[2,5,14,18],"killed_by":"3 Cultists","ascension_level":19}}