{"host":"928gv66myv2vlnsd","time":1612389998,"event":{"mods":["BaseMod","Highlight Path","Minty Spire (QoL Compilation)","StSLib"],"gold_per_floor":[117,117,117,117,0,33,46,46,46,86,110,153,21,34,34,127,127,143,159,7,7,7,7,48,66,93,8,8,42,42,42,42],"floor_reached":31,"language":"ENG","playtime":1199,"items_purged":["Strike_R"],"score":628,"play_id":"e0ced2fc-0332-434e-aa2e-250b9b4701c7","local_time":"20210203170638","is_ascension_mode":true,"campfire_choices":[{"data":"Rampage","floor":8,"key":"SMITH"},{"floor":15,"key":"REST"},{"data":"True Grit","floor":23,"key":"SMITH"},{"floor":28,"key":"REST"},{"floor":30,"key":"REST"}],"circlet_count":0,"master_deck":["AscendersBane","Strike_R+1","Defend_R+1","Defend_R+1","Defend_R+1","Defend_R+1","Bash","Hemokinesis","Pummel","Rampage+1","Evolve","Power Through+1","Shockwave","Burning Pact","True Grit+1","Impervious","Double Tap","Headbutt","Battle Trance","Writhe","Entrench+1","Spot Weakness"],"relics":["Burning Blood","NeowsBlessing","Golden Idol","FossilizedHelix","Oddly Smooth Stone","InkBottle","Potion Belt","Empty Cage","Bird Faced Urn","Bronze Scales","War Paint","Toy Ornithopter"],"acts_visited":["Exordium","TheCity"],"potions_floor_usage":[12,12,24,29,31],"damage_taken":[{"damage":0,"enemies":"Cultist","floor":1,"turns":1},{"damage":0,"enemies":"Gremlin Nob","floor":6,"turns":1},{"damage":0,"enemies":"Jaw Worm","floor":7,"turns":1},{"damage":64,"enemies":"3 Sentries","floor":10,"turns":16},{"damage":6,"enemies":"2 Louse","floor":11,"turns":2},{"damage":20,"enemies":"Gremlin Nob","floor":12,"turns":4},{"damage":0,"enemies":"Blue Slaver","floor":14,"turns":5},{"damage":30,"enemies":"Slime Boss","floor":16,"turns":13},{"damage":11,"enemies":"Spheric Guardian","floor":18,"turns":6},{"damage":8,"enemies":"Shell Parasite","floor":19,"turns":8},{"damage":29,"enemies":"Slavers","floor":24,"turns":9},{"damage":30,"enemies":"Sentry and Sphere","floor":25,"turns":10},{"damage":12,"enemies":"Book of Stabbing","floor":29,"turns":6},{"damage":61,"enemies":"Slavers","floor":31,"turns":6}],"seed_played":"-8544978835845648488","potions_obtained":[{"floor":7,"key":"BloodPotion"},{"floor":10,"key":"DuplicationPotion"},{"floor":16,"key":"Fire Potion"},{"floor":18,"key":"Weak Potion"},{"floor":19,"key":"Block Potion"}],"is_trial":false,"path_per_floor":["M","?","?","?","$","E","M","R","T","E","M","E","$","M","R","B",null,"M","M","$","?","?","R","E","M","T","?","R","E","R","E"],"character_chosen":"IRONCLAD","items_purchased":["Hemokinesis","Pummel","Burning Pact","True Grit","Battle Trance"],"campfire_rested":3,"item_purchase_floors":[5,5,13,13,20],"current_hp_per_floor":[74,68,73,66,66,72,73,73,73,15,15,15,15,21,42,18,59,54,52,52,52,52,52,31,9,9,9,30,26,47,0,0],"gold":42,"neow_bonus":"THREE_ENEMY_KILL","is_daily":false,"chose_seed":false,"campfire_upgraded":2,"win_rate":0.0,"timestamp":1612389998,"path_taken":["M","?","?","?","$","E","M","R","T","E","M","E","?","M","R","BOSS","M","M","$","?","?","R","E","M","T","?","R","E","R","E"],"items_purchased_type":["Card","Card","Card","Card","Card"],"build_version":"2020-12-22","purchased_purges":1,"victory":false,"max_hp_per_floor":[75,68,73,73,73,73,73,73,73,73,73,73,73,73,73,73,73,73,73,73,73,73,73,73,73,73,73,73,73,73,73,73],"card_choices":[{"not_picked":["Body Slam","Clash","Twin Strike"],"picked":"SKIP","floor":1},{"not_picked":["Clash","Havoc","Warcry"],"picked":"SKIP","floor":6},{"not_picked":["Blood for Blood","Dark Embrace"],"picked":"Rampage","floor":7},{"not_picked":["Headbutt","Wild Strike"],"picked":"Evolve","floor":10},{"not_picked":["Iron Wave","Combust"],"picked":"Power Through","floor":11},{"not_picked":["Dual Wield","Anger"],"picked":"Shockwave","floor":12},{"not_picked":["Body Slam","Havoc"],"picked":"Impervious","floor":14},{"not_picked":["Juggernaut","Corruption"],"picked":"Double Tap","floor":16},{"not_picked":["Clothesline","Flex","Searing Blow"],"picked":"SKIP","floor":18},{"not_picked":["Body Slam+1","Twin Strike+1"],"picked":"Headbutt","floor":19},{"not_picked":["Iron Wave","Fiend Fire"],"picked":"Entrench","floor":24},{"not_picked":["Clothesline","Anger","Whirlwind"],"picked":"SKIP","floor":25},{"not_picked":["Pommel Strike","Carnage+1"],"picked":"Spot Weakness","floor":29}],"player_experience":1432801,"relics_obtained":[{"floor":6,"key":"FossilizedHelix"},{"floor":9,"key":"Oddly Smooth Stone"},{"floor":10,"key":"InkBottle"},{"floor":12,"key":"Potion Belt"},{"floor":24,"key":"Bronze Scales"},{"floor":29,"key":"Toy Ornithopter"}],"event_choices":[{"damage_healed":0,"gold_gain":0,"player_choice":"Lose Max HP","damage_taken":0,"relics_obtained":["Golden Idol"],"max_hp_gain":0,"max_hp_loss":7,"event_name":"Golden Idol","floor":2,"gold_loss":0},{"damage_healed":0,"gold_gain":0,"player_choice":"Donut","damage_taken":0,"max_hp_gain":5,"max_hp_loss":0,"event_name":"Big Fish","floor":3,"gold_loss":0},{"cards_removed":["Strike_R"],"damage_healed":0,"gold_gain":0,"player_choice":"Card Removal","damage_taken":7,"max_hp_gain":0,"max_hp_loss":0,"event_name":"Golden Wing","floor":4,"gold_loss":0},{"damage_healed":0,"gold_gain":0,"player_choice":"Opened","damage_taken":0,"relics_obtained":["Bird Faced Urn"],"max_hp_gain":0,"max_hp_loss":0,"event_name":"The Mausoleum","floor":21,"gold_loss":0,"cards_obtained":["Writhe"]},{"damage_healed":0,"gold_gain":0,"player_choice":"Simplicity","damage_taken":0,"max_hp_gain":0,"max_hp_loss":0,"event_name":"Back to Basics","floor":22,"gold_loss":0,"cards_upgraded":["Strike_R","Defend_R","Defend_R","Defend_R","Defend_R"]},{"damage_healed":0,"gold_gain":0,"player_choice":"Obtained Relic","damage_taken":0,"relics_obtained":["War Paint"],"max_hp_gain":0,"max_hp_loss":0,"event_name":"Addict","floor":27,"gold_loss":85}],"is_beta":false,"boss_relics":[{"not_picked":["Philosopher\u0027s Stone","Busted Crown"],"picked":"Empty Cage"}],"items_purged_floors":[20],"is_endless":false,"potions_floor_spawned":[7,10,16,18,19],"killed_by":"Slavers","ascension_level":20}}