{"host":"9rexl4trwadr43zo","time":1612345282,"event":{"mods":["BaseMod","Colored Map","Minty Spire (QoL Compilation)"],"gold_per_floor":[116,116,116,127,127,153,153,179,179,179,194,211,89,119,119,216,216,235,248,248,260,260],"floor_reached":21,"language":"ENG","playtime":1181,"items_purged":["Strike_R"],"score":265,"play_id":"dc1d7f58-5d1d-4b98-9474-a8e054c12a92","local_time":"20210203094122","is_ascension_mode":true,"campfire_choices":[{"data":"Evolve","floor":7,"key":"SMITH"},{"data":"Barricade","floor":10,"key":"SMITH"},{"floor":15,"key":"REST"}],"circlet_count":0,"master_deck":["Strike_R","Strike_R","Strike_R","Defend_R","Defend_R","Defend_R","Defend_R","Bash","True Grit+1","Evolve+1","Sword Boomerang","Barricade+1","Inflame","Shrug It Off","Flame Barrier","Entrench"],"relics":["Black Blood","NeowsBlessing","Shuriken","Darkstone Periapt","Mummified Hand","MawBank"],"acts_visited":["Exordium","TheCity"],"potions_floor_usage":[19],"damage_taken":[{"damage":0,"enemies":"Jaw Worm","floor":1,"turns":1},{"damage":0,"enemies":"Cultist","floor":4,"turns":1},{"damage":0,"enemies":"Gremlin Nob","floor":6,"turns":1},{"damage":21,"enemies":"3 Sentries","floor":8,"turns":12},{"damage":9,"enemies":"Small Slimes","floor":11,"turns":5},{"damage":13,"enemies":"Red Slaver","floor":12,"turns":6},{"damage":41,"enemies":"The Guardian","floor":16,"turns":21},{"damage":62,"enemies":"Shell Parasite","floor":18,"turns":15},{"damage":6,"enemies":"3 Byrds","floor":19,"turns":4},{"damage":33,"enemies":"Sentry and Sphere","floor":21,"turns":5}],"seed_played":"-2791460718511842581","potions_obtained":[{"floor":1,"key":"Ancient Potion"},{"floor":4,"key":"LiquidBronze"},{"floor":19,"key":"Fire Potion"}],"is_trial":false,"path_per_floor":["M","?","?","M","?","E","R","E","T","R","M","M","$","?","R","B",null,"M","M","?","M"],"character_chosen":"IRONCLAD","items_purchased":["Shrug It Off"],"campfire_rested":1,"item_purchase_floors":[13],"current_hp_per_floor":[80,80,80,80,80,80,80,65,65,65,62,55,55,55,79,44,71,21,27,27,0,0],"gold":260,"neow_bonus":"THREE_ENEMY_KILL","is_daily":false,"chose_seed":false,"campfire_upgraded":2,"win_rate":0.0,"timestamp":1612345282,"path_taken":["M","?","?","?","?","E","R","E","T","R","M","?","?","?","R","BOSS","M","M","?","?"],"items_purchased_type":["Card"],"build_version":"2020-12-22","purchased_purges":1,"victory":false,"max_hp_per_floor":[80,80,80,80,80,80,80,80,80,80,80,80,80,80,80,80,80,80,80,80,80,80],"card_choices":[{"not_picked":["Blood for Blood","Warcry"],"picked":"True Grit","floor":1},{"not_picked":["Sentinel","Clash"],"picked":"Evolve","floor":4},{"not_picked":["Ghostly Armor","Wild Strike","Burning Pact"],"picked":"SKIP","floor":6},{"not_picked":["Havoc","Ghostly Armor"],"picked":"Barricade","floor":8},{"not_picked":["Thunderclap","Wild Strike","Headbutt"],"picked":"SKIP","floor":11},{"not_picked":["Heavy Blade","Thunderclap"],"picked":"Inflame","floor":12},{"not_picked":["Twin Strike","Hemokinesis"],"picked":"Flame Barrier","floor":18},{"not_picked":["Inflame","Warcry+1"],"picked":"Entrench","floor":19}],"player_experience":289767,"relics_obtained":[{"floor":6,"key":"Shuriken"},{"floor":8,"key":"Darkstone Periapt"},{"floor":9,"key":"Mummified Hand"}],"event_choices":[{"damage_healed":0,"gold_gain":0,"player_choice":"Grow","damage_taken":0,"max_hp_gain":0,"max_hp_loss":0,"event_name":"Living Wall","floor":2,"gold_loss":0,"cards_upgraded":["True Grit"]},{"damage_healed":0,"gold_gain":0,"player_choice":"Ignored","damage_taken":0,"max_hp_gain":0,"max_hp_loss":0,"event_name":"Golden Idol","floor":3,"gold_loss":0},{"damage_healed":0,"gold_gain":0,"cards_transformed":["Strike_R"],"player_choice":"Transformed","damage_taken":0,"max_hp_gain":0,"max_hp_loss":0,"event_name":"Transmorgrifier","floor":5,"gold_loss":0,"cards_obtained":["Sword Boomerang"]},{"damage_healed":0,"gold_gain":30,"player_choice":"Searched \u00271\u0027 times","damage_taken":0,"max_hp_gain":0,"max_hp_loss":0,"event_name":"Dead Adventurer","floor":14,"gold_loss":0},{"damage_healed":0,"gold_gain":0,"player_choice":"Gave Potion","damage_taken":0,"relics_obtained":["MawBank"],"max_hp_gain":0,"max_hp_loss":0,"event_name":"WeMeetAgain","floor":20,"gold_loss":0}],"is_beta":false,"boss_relics":[{"not_picked":["Pandora\u0027s Box","SlaversCollar"],"picked":"Black Blood"}],"items_purged_floors":[13],"is_endless":false,"potions_floor_spawned":[1,4,19],"killed_by":"Sentry and Sphere","ascension_level":5}}