{"host":"iejw1f7ltal95128","time":1612315675,"event":{"mods":["2.2 Compatiblity","AchievementEnabler","Act Like it!","BaseMod","Bestiary","Better Note","Better Sensory Stone","Better Third Choice","BetterRewards","Booster Modes","Card Forge","Colored Powertips","Downfall","Energized Spire","Gremlin Skip","Minty Spire (QoL Compilation)","Pale of the Ancients","Permanent Neow","Relic Sorter","Replay The Spire","Shop Mod","StSLib","Unknown Chances","UnlockEverythingMod"],"gold_per_floor":[99,109,126,126,144,171,171,26,26,26,26],"floor_reached":9,"language":"ENG","playtime":720,"items_purged":["Slimebound:Defend_Slimebound"],"score":61,"play_id":"ff2fd523-1ce1-4f91-9e17-b4dd65c61e04","local_time":"20210202212755","is_ascension_mode":false,"campfire_choices":[{"data":"Slimebound:CorrosiveSpit","floor":1,"key":"SMITH"}],"circlet_count":0,"master_deck":["Slimebound:Strike_Slimebound","Slimebound:Strike_Slimebound","Slimebound:Strike_Slimebound","Slimebound:Tackle","Slimebound:Defend_Slimebound","Slimebound:Defend_Slimebound","Slimebound:Split","Slimebound:CorrosiveSpit+1","Slimebound:DuplicatedForm","Slimebound:SplitAcid","Slimebound:Repurpose","Slimebound:ForwardTackle","Slimebound:Overexert","Slimebound:LivingWall","Slimebound:LevelUp+1","Slimebound:LevelUp+1"],"relics":["Slimebound:AbsorbEndCombat","Hammer of Thor","Seething Fire","Anvil of the Gods","Bottled Flame","Frozen Egg 2"],"acts_visited":["Exordium"],"potions_floor_usage":[8],"damage_taken":[{"damage":24,"enemies":"Cultist","floor":2,"turns":3},{"damage":19,"enemies":"Jaw Worm","floor":3,"turns":4},{"damage":21,"enemies":"2 Louse","floor":5,"turns":3},{"damage":30,"enemies":"Replay:BlueRogue","floor":6,"turns":3},{"damage":31,"enemies":"downfall:FleeingMerchant","floor":8,"turns":4},{"damage":32,"enemies":"3 Sentries","floor":9,"turns":7}],"seed_played":"1004063312129271865","potions_obtained":[{"floor":5,"key":"SteroidPotion"},{"floor":6,"key":"Toxic Potion"}],"is_trial":false,"path_per_floor":["R","M","M","?","M","E","T","$","E"],"character_chosen":"SLIMEBOUND","items_purchased":["Slimebound:LevelUp+1"],"campfire_rested":0,"item_purchase_floors":[8],"current_hp_per_floor":[59,52,52,52,50,39,39,27,0,0,0],"gold":26,"neow_bonus":"THREE_RARE_CARDS","is_daily":false,"chose_seed":false,"campfire_upgraded":1,"win_rate":0.0,"timestamp":1612315675,"path_taken":["R","M","M","?","M","E","T","$","E"],"items_purchased_type":["Card"],"build_version":"2020-12-22","purchased_purges":1,"victory":false,"max_hp_per_floor":[59,59,59,59,59,59,59,59,59,59,59],"card_choices":[{"not_picked":["Slimebound:DouseInSlime","Slimebound:SelfFormingGoo"],"picked":"Slimebound:DuplicatedForm","floor":0},{"not_picked":["Slimebound:HauntingLick","Slimebound:GoopSpray"],"picked":"Slimebound:SplitAcid","floor":2},{"not_picked":["Slimebound:MegaLick","Slimebound:Gluttony"],"picked":"Slimebound:Repurpose","floor":3},{"not_picked":["Slimebound:GoopTackle","Slimebound:RollThrough"],"picked":"Slimebound:ForwardTackle","floor":5},{"not_picked":["Slimebound:TongueLash","Slimebound:ItLooksTasty"],"picked":"Slimebound:Overexert","floor":6},{"not_picked":["Slimebound:ComboTackle","Slimebound:LeechingTouch"],"picked":"Slimebound:LivingWall","floor":8}],"player_experience":440889,"relics_obtained":[{"floor":6,"key":"Bottled Flame"},{"floor":7,"key":"Frozen Egg 2"}],"event_choices":[],"is_beta":false,"boss_relics":[],"items_purged_floors":[8],"is_endless":false,"potions_floor_spawned":[5,6],"killed_by":"3 Sentries","ascension_level":0}}