{"host":"mw3dmj42qtkbha4b","time":1612332720,"event":{"mods":["BaseMod","Colored Map","Colored Powertips","DeckTracker","Minty Spire (QoL Compilation)","StSLib","SuperFastMode"],"gold_per_floor":[111,121,121,121,134,168,168,198,198,198,230,230,230,230],"floor_reached":13,"language":"KOR","playtime":265,"items_purged":[],"score":202,"play_id":"67776ab7-1463-4641-86ef-169b66e785eb","local_time":"20210203151200","is_ascension_mode":true,"campfire_choices":[{"data":"Vigilance","floor":7.0,"key":"SMITH"},{"data":"1","floor":10.0,"key":"LIFT"},{"data":"2","floor":12.0,"key":"LIFT"}],"circlet_count":0,"master_deck":["AscendersBane","Strike_P","Strike_P","Strike_P","Strike_P","Defend_P","Defend_P","Defend_P","Defend_P","Eruption+1","Vigilance+1","DeusExMachina"],"relics":["PureWater","NeowsBlessing","Smiling Mask","Girya","Eternal Feather","Mummified Hand"],"acts_visited":["Exordium"],"potions_floor_usage":[13,13,13],"damage_taken":[{"damage":0.0,"enemies":"Cultist","floor":1.0,"turns":1.0},{"damage":0.0,"enemies":"Small Slimes","floor":2.0,"turns":2.0},{"damage":0.0,"enemies":"Jaw Worm","floor":5.0,"turns":1.0},{"damage":17.0,"enemies":"Gremlin Nob","floor":6.0,"turns":3.0},{"damage":28.0,"enemies":"Lagavulin","floor":8.0,"turns":7.0},{"damage":16.0,"enemies":"Gremlin Nob","floor":11.0,"turns":3.0},{"damage":35,"enemies":"3 Sentries","floor":13,"turns":2}],"seed_played":"2328941289734190864","potions_obtained":[{"floor":4.0,"key":"DistilledChaos"},{"floor":4.0,"key":"Swift Potion"},{"floor":6.0,"key":"Fruit Juice"},{"floor":11.0,"key":"EntropicBrew"}],"is_trial":false,"path_per_floor":["M","M","?","?","M","E","R","E","T","R","E","R","E"],"character_chosen":"WATCHER","items_purchased":[],"campfire_rested":0,"item_purchase_floors":[],"current_hp_per_floor":[61,61,61,61,61,44,44,21,21,27,11,17,0,0],"gold":230,"neow_bonus":"THREE_ENEMY_KILL","is_daily":false,"chose_seed":false,"campfire_upgraded":1,"win_rate":0.0,"timestamp":1612332720,"path_taken":["M","?","?","?","M","E","R","E","T","R","E","R","E"],"items_purchased_type":[],"build_version":"2020-12-22","purchased_purges":0,"victory":false,"max_hp_per_floor":[68,68,68,68,68,68,68,73,73,73,73,73,73,73],"card_choices":[{"not_picked":["Evaluate","EmptyFist","CutThroughFate"],"picked":"SKIP","floor":1.0},{"not_picked":["Vengeance","FearNoEvil","WaveOfTheHand"],"picked":"SKIP","floor":2.0},{"not_picked":["FlurryOfBlows","PathToVictory","Sanctity"],"picked":"SKIP","floor":5.0},{"not_picked":["Sanctity","FlyingSleeves","BowlingBash"],"picked":"SKIP","floor":6.0},{"not_picked":["Sanctity","EmptyMind","Collect"],"picked":"SKIP","floor":8.0},{"not_picked":["DeusExMachina","InnerPeace","Prostrate"],"picked":"SKIP","floor":11.0},{"not_picked":["InnerPeace","Prostrate"],"picked":"DeusExMachina","floor":11.0}],"player_experience":1790405,"relics_obtained":[{"floor":6.0,"key":"Smiling Mask"},{"floor":8.0,"key":"Girya"},{"floor":9.0,"key":"Eternal Feather"},{"floor":11.0,"key":"Mummified Hand"}],"event_choices":[{"damage_healed":0.0,"max_hp_gain":0.0,"max_hp_loss":0.0,"gold_gain":0.0,"event_name":"Living Wall","player_choice":"Grow","floor":3.0,"gold_loss":0.0,"damage_taken":0.0,"cards_upgraded":["Eruption"]},{"damage_healed":0.0,"max_hp_gain":0.0,"max_hp_loss":0.0,"gold_gain":0.0,"event_name":"Lab","player_choice":"Got Potions","floor":4.0,"gold_loss":0.0,"damage_taken":0.0}],"is_beta":false,"boss_relics":[],"items_purged_floors":[],"is_endless":false,"potions_floor_spawned":[6,11],"killed_by":"3 Sentries","ascension_level":20}}