{"host":"a3oe3gstxz77c7qu","time":1612370643,"event":{"mods":["2.2 Compatiblity","Act Like it!","Astrologer","BaseMod","Bestiary","Better Altar","Better Match","Better Note","Better Skull","Better Third Choice","Block Reminder","Curses Come First","Custom Start","Dark Map","Downfall","Friendly Minions","GifTheSpireLib","Hallownest","Hermit","Jorbs\u0027s Wanderer Trilogy","Lobotomy","LobotomyExtend","Marisa????????","Minty Spire (QoL Compilation)","Morshu Shopkeeper - ENHANCED","Permanent Neow","Quick Restart","Relic Filter Mod","Relic Stats","Reliquary","Replay The Spire","Smile Girya","Spire Arcade","StSLib","The Bug Knight","The Cursed","The Disciple","The Jungle","Uncapped","Unknown Chances","Wandering Minibosses","Wide Potions"],"gold_per_floor":[118,133,233,249,265,265,60,103,103,103,112,133,156,156,156,256,283,302,22,31,72,82,82],"floor_reached":22,"language":"ENG","playtime":1625,"items_purged":["TheCursedMod:Dregs"],"score":323,"play_id":"33b648c2-243c-4e2d-a02a-0d8065f3f273","local_time":"20210203164403","is_ascension_mode":true,"campfire_choices":[{"data":"TheCursedMod:Torture","floor":6,"key":"SMITH"},{"data":"TheCursedMod:CircleOfCorruption","floor":15,"key":"SMITH"}],"circlet_count":0,"master_deck":["TheCursedMod:Strike_TheCursed","TheCursedMod:Strike_TheCursed","TheCursedMod:Strike_TheCursed","TheCursedMod:Strike_TheCursed","TheCursedMod:Defend_TheCursed","TheCursedMod:Defend_TheCursed","TheCursedMod:Defend_TheCursed","TheCursedMod:CursedWand","TheCursedMod:CleanUpWorkshop","TheCursedMod:Torture+1","MeatLantern","TheCursedMod:CursedRelics","FairyFestival","TheCursedMod:Hemoplague","TheCursedMod:SurpriseAttack","TheCursedMod:CircleOfCorruption+1","stsjorbsmod:SilverStrike","hexamod:RainOfEmbers","stsjorbsmod:PollutedStrike","Doubt","Overencumbered","stsjorbsmod:PollutedStrike","TheCursedMod:CursedBoomerang+1","TheCursedMod:SpitefulPray","TheCursedMod:FleshFromBone","ReplayTheSpireMod:Faulty Equipment","Second Wind+1"],"relics":["TheCursedMod:BlackMagic101","CogitoBucket","RabbitCall","LetterFromLob","BargainBundle","CeramicFish","Bottled Lightning","PrismaticShard","SkinProphecy","Replay:Ancient Bell","Replay:Baseball","Molten Egg 2","Du-Vu Doll","Amita_r","DollysMirror","Replay:Bandana"],"acts_visited":["Exordium","TheCity"],"potions_floor_usage":[5,18],"damage_taken":[{"damage":2,"enemies":"Small Slimes","floor":1,"turns":4},{"damage":0,"enemies":"Cultist","floor":2,"turns":4},{"damage":0,"enemies":"2 Louse","floor":4,"turns":3},{"damage":17,"enemies":"Blue Slaver","floor":5,"turns":9},{"damage":3,"enemies":"Replay:BlueRogue","floor":8,"turns":7},{"damage":0,"enemies":"Lots of Slimes","floor":12,"turns":7},{"damage":2,"enemies":"2 Fungi Beasts","floor":13,"turns":3},{"damage":45,"enemies":"Fading Forest","floor":16,"turns":11},{"damage":39,"enemies":"Spheric Guardian","floor":18,"turns":6},{"damage":11,"enemies":"Snake Plant","floor":21,"turns":2},{"damage":26,"enemies":"3 Cultists","floor":22,"turns":5}],"seed_played":"2436918938915858335","potions_obtained":[{"floor":2,"key":"DistilledChaos"},{"floor":5,"key":"LiquidBronze"},{"floor":13,"key":"LifebloodPotion"},{"floor":16,"key":"Doom Potion"},{"floor":21,"key":"Guardian:BlockOnCardUsePotion"}],"is_trial":false,"path_per_floor":["M","M","?","M","M","R","$","E","T","?","?","M","M","E","R","B",null,"M","$","?","M","M"],"character_chosen":"THE_CURSED","items_purchased":["BargainBundle","TheCursedMod:SurpriseAttack","Specialist","DollysMirror","TheCursedMod:CursedBoomerang+1","TheCursedMod:SpitefulPray","TheCursedMod:FleshFromBone"],"campfire_rested":0,"item_purchase_floors":[7,7,7,19,19,19,19],"current_hp_per_floor":[73,73,73,73,66,66,66,72,72,72,72,75,73,73,73,47,79,43,43,43,30,0,0],"gold":82,"neow_bonus":"","is_daily":false,"chose_seed":false,"campfire_upgraded":2,"win_rate":0.0,"timestamp":1612370643,"path_taken":["M","M","?","M","?","R","$","E","T","?","?","M","?","E","R","BOSS","M","$","?","M","M"],"items_purchased_type":["Relic","Card","Card","Relic","Card","Card","Card"],"build_version":"2020-12-22","purchased_purges":1,"victory":false,"max_hp_per_floor":[75,75,75,75,75,75,75,75,75,75,75,75,77,77,77,79,79,82,82,82,85,89,89],"relic_stats":{"counters":[13,63],"CeramicFish":117,"obtain_stats":[{"TheCursedMod:BlackMagic101":0,"RabbitCall":0,"BargainBundle":7,"CeramicFish":8,"Replay:Ancient Bell":17,"SkinProphecy":12,"PrismaticShard":11,"Amita_r":18,"Du-Vu Doll":17,"CogitoBucket":0,"Replay:Baseball":17,"Replay:Bandana":20,"DollysMirror":19,"Molten Egg 2":17,"LetterFromLob":1,"Bottled Lightning":9},{"TheCursedMod:BlackMagic101":0,"RabbitCall":0,"BargainBundle":4,"CeramicFish":5,"Replay:Ancient Bell":9,"SkinProphecy":7,"PrismaticShard":5,"Amita_r":10,"Du-Vu Doll":9,"CogitoBucket":0,"Replay:Baseball":9,"Replay:Bandana":10,"DollysMirror":10,"Molten Egg 2":9,"LetterFromLob":1,"Bottled Lightning":5},{"TheCursedMod:BlackMagic101":0,"RabbitCall":0,"BargainBundle":20,"CeramicFish":27,"Replay:Ancient Bell":49,"SkinProphecy":35,"PrismaticShard":27,"Amita_r":53,"Du-Vu Doll":49,"CogitoBucket":0,"Replay:Baseball":49,"Replay:Bandana":55,"DollysMirror":55,"Molten Egg 2":49,"LetterFromLob":4,"Bottled Lightning":27}]},"card_choices":[{"not_picked":["TheCursedMod:WearCloak","TheCursedMod:Wield"],"picked":"TheCursedMod:Torture","floor":1},{"not_picked":["Wellcheers","CrumblingArmor","Bloodbath"],"picked":"Singing Bowl","floor":1},{"not_picked":["Scorched","UniverseFragment"],"picked":"MeatLantern","floor":1},{"not_picked":["Porccubus","VoidDream","UniverseFragment"],"picked":"Singing Bowl","floor":2},{"not_picked":["TheCursedMod:TacticalStrike","TheCursedMod:BlessingInDisguise","TheCursedMod:PrepareRite"],"picked":"SKIP","floor":2},{"not_picked":["TheCursedMod:Obscuration","TheCursedMod:CircleOfFlame"],"picked":"TheCursedMod:CursedRelics","floor":4},{"not_picked":["SpiderBud","ShyLook","WallGazer"],"picked":"Singing Bowl","floor":4},{"not_picked":["CrumblingArmor","MHz"],"picked":"FairyFestival","floor":4},{"not_picked":["TheCursedMod:RapidMovement","TheCursedMod:CircleOfWindfury"],"picked":"TheCursedMod:Hemoplague","floor":5},{"not_picked":["Laetitia","GalaxyChild","UniverseFragment"],"picked":"Singing Bowl","floor":5},{"not_picked":["TheCursedMod:CursedMace","TheCursedMod:CursedBlade"],"picked":"TheCursedMod:CircleOfCorruption","floor":8},{"not_picked":["Scarecrow","BeautyBeast","OldLady"],"picked":"Singing Bowl","floor":8},{"not_picked":["Sentinel","sneckomod:UnknownClassAngela"],"picked":"stsjorbsmod:SilverStrike","floor":12},{"not_picked":["UniverseFragment","SingingMachine","SnowQueen"],"picked":"Singing Bowl","floor":12},{"not_picked":["TheCursedMod:BloodBarrier","hermit:ShadowCloak"],"picked":"hexamod:RainOfEmbers","floor":13},{"not_picked":["Rudolta","UniverseFragment","Bloodbath"],"picked":"Singing Bowl","floor":13},{"not_picked":["CherryBlossoms","SpiderBud","Scorched"],"picked":"Singing Bowl","floor":16},{"not_picked":["Hallownest:curseDreamersLament","Injury"],"picked":"stsjorbsmod:PollutedStrike","floor":17},{"not_picked":["Normality","downfall:Haunted"],"picked":"Doubt","floor":17},{"not_picked":["Writhe","Normality"],"picked":"Overencumbered","floor":17},{"not_picked":["PunishingBird","BeautyBeast","Bloodbath"],"picked":"Singing Bowl","floor":18},{"not_picked":["sneckomod:UnknownBlock","stsjorbsmod:ParryingBlow+1","stsjorbsmod:Strife"],"picked":"SKIP","floor":18},{"not_picked":["Meditate","Replay:Battleflow+1"],"picked":"Second Wind+1","floor":21},{"not_picked":["WallGazer","Murderer","Alriune"],"picked":"Singing Bowl","floor":21}],"player_experience":1140471,"relics_obtained":[{"floor":1,"key":"LetterFromLob"},{"floor":8,"key":"CeramicFish"},{"floor":9,"key":"Bottled Lightning"}],"event_choices":[{"damage_healed":0,"gold_gain":100,"player_choice":"Pray","damage_taken":0,"max_hp_gain":0,"max_hp_loss":0,"event_name":"Golden Shrine","floor":3,"gold_loss":0},{"damage_healed":0,"gold_gain":0,"player_choice":"Ignored","damage_taken":0,"max_hp_gain":0,"max_hp_loss":0,"event_name":"Liars Game","floor":10,"gold_loss":0}],"is_beta":false,"boss_relics":[{"not_picked":["Coffee Dripper","Empty Cage"],"picked":"Replay:Ancient Bell"},{"not_picked":["Bag of Preparation","Tiny Chest"],"picked":"Replay:Baseball"},{"not_picked":["Sundial","reliquary:IridiumChain"],"picked":"Molten Egg 2"},{"not_picked":["Guardian:GemstoneGun","TheCursedMod:MagicCandle"],"picked":"Du-Vu Doll"}],"items_purged_floors":[7],"is_endless":false,"potions_floor_spawned":[2,5,13,16,21],"killed_by":"3 Cultists","ascension_level":4}}