{"host":"yqw1zpryoutrnocq","time":1612362207,"event":{"mods":["2.2 Compatiblity","AchievementEnabler","BaseMod","Colored Map","Custom Start","DeckTracker","Minty Spire (QoL Compilation)","StSLib","SuperFastMode"],"gold_per_floor":[117,136,136,57,57,82,98,124,124,152,167,167,342,360,360,360,360],"floor_reached":16,"language":"KOR","playtime":431,"items_purged":[],"score":150,"play_id":"8896bb50-e784-4fce-b683-85c5348829a4","local_time":"20210203082326","is_ascension_mode":true,"campfire_choices":[{"floor":12.0,"key":"REST"},{"data":"Body Slam","floor":15.0,"key":"SMITH"}],"circlet_count":0,"master_deck":["Strike_R+1","Strike_R","Strike_R","Strike_R","Strike_R+1","Defend_R","Defend_R","Defend_R","Defend_R","Bash","Pummel","Shrug It Off","Rage+1","Burning Pact+1","Wild Strike","Body Slam+1","Entrench+1","Wild Strike","Doubt","Rage+1"],"relics":["Burning Blood","Orichalcum","Toxic Egg 2","Mercury Hourglass","Oddly Smooth Stone","HornCleat","Pen Nib"],"acts_visited":["Exordium"],"potions_floor_usage":[16],"damage_taken":[{"damage":6.0,"enemies":"Jaw Worm","floor":1.0,"turns":2.0},{"damage":0.0,"enemies":"Small Slimes","floor":2.0,"turns":3.0},{"damage":33.0,"enemies":"Gremlin Nob","floor":6.0,"turns":5.0},{"damage":0.0,"enemies":"2 Louse","floor":7.0,"turns":2.0},{"damage":15.0,"enemies":"3 Sentries","floor":8.0,"turns":6.0},{"damage":26.0,"enemies":"Lagavulin","floor":10.0,"turns":8.0},{"damage":10.0,"enemies":"Gremlin Gang","floor":11.0,"turns":3.0},{"damage":0.0,"enemies":"2 Fungi Beasts","floor":14.0,"turns":2.0},{"damage":53,"enemies":"Slime Boss","floor":16,"turns":11}],"seed_played":"-167726820746254842","potions_obtained":[{"floor":1.0,"key":"GamblersBrew"},{"floor":6.0,"key":"DistilledChaos"},{"floor":8.0,"key":"ElixirPotion"}],"is_trial":false,"path_per_floor":["M","M","?","$","?","E","M","E","T","E","M","R","?","M","R","B"],"character_chosen":"IRONCLAD","items_purchased":["Rage+1"],"campfire_rested":1,"item_purchase_floors":[4],"current_hp_per_floor":[80,80,77,77,61,34,40,31,31,11,7,31,31,37,37,0,0],"gold":360,"neow_bonus":"RANDOM_COMMON_RELIC","is_daily":false,"chose_seed":false,"campfire_upgraded":1,"win_rate":0.0,"timestamp":1612362206,"path_taken":["M","M","?","$","?","E","M","E","T","E","M","R","?","M","R","BOSS"],"items_purchased_type":["Card"],"build_version":"2020-12-22","purchased_purges":0,"victory":false,"max_hp_per_floor":[80,80,80,80,80,80,80,80,80,80,80,80,80,80,80,80,80],"card_choices":[{"not_picked":["Sword Boomerang","Seeing Red"],"picked":"Pummel","floor":1.0},{"not_picked":["Headbutt","Evolve"],"picked":"Shrug It Off","floor":2.0},{"not_picked":["Flex+1","Intimidate+1"],"picked":"Burning Pact+1","floor":6.0},{"not_picked":["Infernal Blade+1","Warcry+1"],"picked":"Wild Strike","floor":7.0},{"not_picked":["Anger","Combust"],"picked":"Body Slam","floor":8.0},{"not_picked":["Reckless Charge","Twin Strike"],"picked":"Entrench+1","floor":10.0},{"not_picked":["Pommel Strike","Headbutt"],"picked":"Wild Strike","floor":11.0},{"not_picked":["Rampage","Hemokinesis"],"picked":"Rage+1","floor":14.0}],"player_experience":271899,"relics_obtained":[{"floor":6.0,"key":"Mercury Hourglass"},{"floor":8.0,"key":"Oddly Smooth Stone"},{"floor":9.0,"key":"HornCleat"},{"floor":10.0,"key":"Pen Nib"}],"event_choices":[{"damage_healed":0.0,"max_hp_gain":0.0,"max_hp_loss":0.0,"gold_gain":0.0,"event_name":"Scrap Ooze","player_choice":"Success","floor":3.0,"gold_loss":0.0,"damage_taken":3.0,"relics_obtained":["Toxic Egg 2"]},{"damage_healed":0.0,"max_hp_gain":0.0,"max_hp_loss":0.0,"gold_gain":0.0,"event_name":"Shining Light","player_choice":"Entered Light","floor":5.0,"gold_loss":0.0,"damage_taken":16.0,"cards_upgraded":["Strike_R","Strike_R"]},{"damage_healed":0.0,"max_hp_gain":0.0,"max_hp_loss":0.0,"gold_gain":175.0,"event_name":"Liars Game","player_choice":"AGREE","floor":13.0,"gold_loss":0.0,"damage_taken":0.0,"cards_obtained":["Doubt"]}],"is_beta":false,"boss_relics":[],"items_purged_floors":[],"is_endless":false,"potions_floor_spawned":[1,6,8],"killed_by":"Slime Boss","ascension_level":5}}