{"host":"gfxjwtol062e9znw","time":1612342961,"event":{"mods":["BaseMod","Colored Map","Minty Spire (QoL Compilation)","Rare Cards Sparkle"],"gold_per_floor":[109,128,139,139,158,187,187,206,229,229,242,242,253,271,271,373,373,384,21,41,56,56,56,86,86,122,134,161,173,196,227,239,346,358,380,406,292,308,105,105,123,123,123,138,155,155,0,19,19,19],"floor_reached":51,"language":"ENG","playtime":3373,"items_purged":["Strike_G","Decay","Writhe"],"score":903,"play_id":"676c08f1-80cf-4a5e-a430-42e4df6e1f4f","local_time":"20210203200241","is_ascension_mode":true,"campfire_choices":[{"floor":7,"key":"REST"},{"floor":10,"key":"REST"},{"floor":15,"key":"REST"},{"floor":23,"key":"REST"},{"floor":27,"key":"REST"},{"floor":29,"key":"REST"},{"floor":32,"key":"REST"},{"floor":40,"key":"REST"},{"floor":46,"key":"REST"},{"floor":49,"key":"REST"}],"circlet_count":0,"master_deck":["Strike_G","Strike_G","Defend_G","Defend_G","Defend_G","Defend_G","Survivor","Neutralize+1","Sucker Punch","Leg Sweep","Dodge and Roll","Bane","Skewer","Crippling Poison","Deadly Poison","Blade Dance","Adrenaline","Endless Agony+1","Setup+1","Die Die Die+1","Adrenaline","Well Laid Plans+1","Finisher","Prepared","Escape Plan","Caltrops+1","Backflip","Phantasmal Killer","Blade Dance+1","Tactician+1","Cloak And Dagger","Blur+1","Heel Hook+1","Parasite"],"relics":["Ring of the Snake","Ornamental Fan","Frozen Egg 2","Smiling Mask","Shuriken","Astrolabe","DollysMirror","Juzu Bracelet","MawBank","Strawberry","WristBlade","Orrery","Sundial","Red Mask"],"acts_visited":["Exordium","TheCity","TheBeyond"],"potions_floor_usage":[6,16,16,21,24,28,33,33,38,38,44,45,48],"damage_taken":[{"damage":0,"enemies":"Cultist","floor":1,"turns":5},{"damage":2,"enemies":"Jaw Worm","floor":2,"turns":5},{"damage":1,"enemies":"Small Slimes","floor":3,"turns":4},{"damage":9,"enemies":"Exordium Wildlife","floor":5,"turns":9},{"damage":39,"enemies":"Lagavulin","floor":6,"turns":10},{"damage":4,"enemies":"Looter","floor":8,"turns":3},{"damage":0,"enemies":"3 Louse","floor":11,"turns":3},{"damage":6,"enemies":"Large Slime","floor":13,"turns":9},{"damage":4,"enemies":"Looter","floor":14,"turns":4},{"damage":24,"enemies":"The Guardian","floor":16,"turns":11},{"damage":0,"enemies":"Spheric Guardian","floor":18,"turns":3},{"damage":3,"enemies":"Chosen","floor":20,"turns":4},{"damage":18,"enemies":"Sentry and Sphere","floor":21,"turns":6},{"damage":31,"enemies":"Book of Stabbing","floor":24,"turns":7},{"damage":17,"enemies":"Chosen and Byrds","floor":28,"turns":8},{"damage":0,"enemies":"3 Cultists","floor":30,"turns":3},{"damage":17,"enemies":"Snake Plant","floor":31,"turns":4},{"damage":63,"enemies":"Champ","floor":33,"turns":9},{"damage":22,"enemies":"3 Shapes","floor":35,"turns":5},{"damage":3,"enemies":"Orb Walker","floor":36,"turns":4},{"damage":4,"enemies":"Transient","floor":38,"turns":5},{"damage":23,"enemies":"Writhing Mass","floor":41,"turns":7},{"damage":10,"enemies":"Maw","floor":44,"turns":6},{"damage":9,"enemies":"Sphere and 2 Shapes","floor":45,"turns":4},{"damage":6,"enemies":"3 Darklings","floor":48,"turns":5},{"damage":54,"enemies":"Time Eater","floor":50,"turns":8}],"seed_played":"3741078856211816668","potions_obtained":[{"floor":1,"key":"SkillPotion"},{"floor":6,"key":"Weak Potion"},{"floor":11,"key":"Weak Potion"},{"floor":14,"key":"SteroidPotion"},{"floor":16,"key":"Poison Potion"},{"floor":20,"key":"SkillPotion"},{"floor":24,"key":"FairyPotion"},{"floor":30,"key":"ColorlessPotion"},{"floor":31,"key":"Poison Potion"},{"floor":33,"key":"PowerPotion"},{"floor":41,"key":"CunningPotion"},{"floor":44,"key":"DuplicationPotion"},{"floor":45,"key":"Fire Potion"}],"is_trial":false,"path_per_floor":["M","M","M","T","M","E","R","M","T","R","M","?","M","M","R","B",null,"M","$","M","M","?","R","E","?","T","R","M","R","M","M","R","B",null,"M","M","$","M","$","R","M","?","T","M","M","R","?","M","R","B",null],"character_chosen":"THE_SILENT","items_purchased":["LiquidMemories","DollysMirror","Well Laid Plans+1","Cloak And Dagger","SkillPotion","Orrery"],"campfire_rested":10,"item_purchase_floors":[19,19,19,37,37,39],"current_hp_per_floor":[63,61,60,60,51,12,33,29,29,50,50,47,41,37,58,34,61,61,61,58,40,40,61,30,30,37,60,43,66,66,49,72,9,60,38,35,35,31,31,54,31,31,31,21,12,35,35,29,52,23],"gold":19,"neow_bonus":"UPGRADE_CARD","is_daily":false,"chose_seed":false,"campfire_upgraded":0,"win_rate":0.0,"timestamp":1612342961,"path_taken":["M","M","?","?","?","E","R","M","T","R","M","?","M","M","R","BOSS","M","$","M","M","?","R","E","?","T","R","M","R","M","M","R","BOSS","M","M","$","M","$","R","M","?","T","M","M","R","?","M","R","BOSS"],"items_purchased_type":["Potion","Relic","Card","Card","Potion","Relic"],"build_version":"2020-12-22","purchased_purges":3,"victory":true,"max_hp_per_floor":[70,70,70,70,70,70,70,70,70,70,70,70,70,70,70,70,70,70,70,70,70,70,70,70,70,77,77,77,77,77,77,77,77,77,77,77,77,77,77,77,77,77,77,77,77,77,77,77,77,77],"card_choices":[{"not_picked":["Reflex","Quick Slash"],"picked":"Sucker Punch","floor":1},{"not_picked":["Quick Slash","Deflect"],"picked":"Leg Sweep","floor":2},{"not_picked":["Leg Sweep","Terror"],"picked":"Dodge and Roll","floor":3},{"not_picked":["Masterful Stab","Endless Agony"],"picked":"Bane","floor":5},{"not_picked":["Dagger Throw","Escape Plan"],"picked":"Flying Knee","floor":6},{"not_picked":["Quick Slash","Dash"],"picked":"Skewer","floor":8},{"not_picked":["A Thousand Cuts+1","Underhanded Strike"],"picked":"Crippling Poison","floor":11},{"not_picked":["Dagger Throw","Venomology"],"picked":"Deadly Poison","floor":13},{"not_picked":["Quick Slash","Underhanded Strike"],"picked":"Blade Dance","floor":14},{"not_picked":["Burst","Malaise"],"picked":"Adrenaline","floor":16},{"not_picked":["Flechettes","Underhanded Strike+1","Deflect"],"picked":"SKIP","floor":18},{"not_picked":["Infinite Blades+1","Flechettes","Poisoned Stab"],"picked":"SKIP","floor":20},{"not_picked":["PiercingWail+1","Deadly Poison+1"],"picked":"Finisher","floor":21},{"not_picked":["Outmaneuver","Bane+1"],"picked":"Prepared","floor":24},{"not_picked":["Dagger Spray","Riddle With Holes"],"picked":"Escape Plan","floor":28},{"not_picked":["Endless Agony","Escape Plan"],"picked":"Caltrops+1","floor":30},{"not_picked":["Riddle With Holes","Dagger Throw"],"picked":"Backflip","floor":31},{"not_picked":["Night Terror","Storm of Steel"],"picked":"Phantasmal Killer","floor":33},{"not_picked":["Bane","Outmaneuver+1"],"picked":"Blade Dance+1","floor":35},{"not_picked":["Crippling Poison+1","Setup"],"picked":"Tactician+1","floor":36},{"not_picked":["Masterful Stab+1","Bane","Distraction+1"],"picked":"SKIP","floor":38},{"not_picked":["Backstab","Bane+1"],"picked":"Blur+1","floor":39},{"not_picked":["After Image+1","Bane"],"picked":"Heel Hook+1","floor":39},{"not_picked":["Well Laid Plans+1","Crippling Poison+1","Underhanded Strike+1"],"picked":"SKIP","floor":41},{"not_picked":["Backflip","Blade Dance","Flying Knee"],"picked":"SKIP","floor":44},{"not_picked":["Heel Hook","Endless Agony+1","Underhanded Strike+1"],"picked":"SKIP","floor":45},{"not_picked":["Bouncing Flask","Backflip","Dodge and Roll"],"picked":"SKIP","floor":48}],"player_experience":73786,"relics_obtained":[{"floor":4,"key":"Ornamental Fan"},{"floor":6,"key":"Frozen Egg 2"},{"floor":9,"key":"Smiling Mask"},{"floor":24,"key":"Juzu Bracelet"},{"floor":26,"key":"Strawberry"},{"floor":43,"key":"Sundial"}],"event_choices":[{"damage_healed":0,"gold_gain":0,"player_choice":"Success","damage_taken":3,"relics_obtained":["Shuriken"],"max_hp_gain":0,"max_hp_loss":0,"event_name":"Scrap Ooze","floor":12,"gold_loss":0},{"damage_healed":0,"gold_gain":0,"player_choice":"Smashed Altar","damage_taken":0,"max_hp_gain":0,"max_hp_loss":0,"event_name":"Forgotten Altar","floor":22,"gold_loss":0,"cards_obtained":["Decay"]},{"damage_healed":0,"gold_gain":0,"player_choice":"Opened","damage_taken":0,"relics_obtained":["MawBank"],"max_hp_gain":0,"max_hp_loss":0,"event_name":"The Mausoleum","floor":25,"gold_loss":0,"cards_obtained":["Writhe"]},{"cards_removed":["Flying Knee"],"damage_healed":0,"gold_gain":0,"player_choice":"Removed Attack","damage_taken":0,"max_hp_gain":0,"max_hp_loss":0,"event_name":"Falling","floor":42,"gold_loss":0},{"damage_healed":0,"gold_gain":0,"player_choice":"Paid","damage_taken":0,"relics_obtained":["Red Mask"],"max_hp_gain":0,"max_hp_loss":0,"event_name":"Tomb of Lord Red Mask","floor":47,"gold_loss":155}],"is_beta":false,"boss_relics":[{"not_picked":["Runic Dome","Empty Cage"],"picked":"Astrolabe"},{"not_picked":["Philosopher\u0027s Stone","Black Star"],"picked":"WristBlade"}],"items_purged_floors":[19,37,39],"is_endless":false,"potions_floor_spawned":[1,6,11,14,16,20,24,30,31,33,41,44,45],"ascension_level":8}}