{"host":"e01qxv2vk3u3irmz","time":1612341840,"event":{"mods":["BaseMod","Colored Powertips","Friendly Minions","KinomotoSakuraMod(木之本樱)","Marisa（F雨　魔理沙）","Minty Spire (QoL Compilation)","Quick Restart","Remilia（蕾米莉亚）","Replay The Spire","StSLib","The Bug Knight","The Servant 0.9.4","Youmu（魂魄妖梦）","Yuyuko","【功能Mod】聪明的最终Boss","【角色mod】十八桐人"],"gold_per_floor":[112,174,174,124,124,124,124],"floor_reached":6,"language":"ZHS","playtime":220,"items_purged":[],"score":34,"play_id":"9583e4fd-08a9-49ce-912f-2be7eec7c9f5","local_time":"20210203164400","is_ascension_mode":true,"campfire_choices":[],"circlet_count":0,"master_deck":["ClowCardTheSword","ClowCardTheSword","ClowCardTheSword+1","ClowCardTheSword","ClowCardTheShield","ClowCardTheShield","ClowCardTheShield+1","SpellCardSeal","SpellCardRelease","ClowCardTheRain","ClowCardTheMaze","Regret"],"relics":["KSMOD_SealedBook","KSMOD_SealedWand","InkBottle","Replay:Accelerometer"],"acts_visited":["Exordium"],"potions_floor_usage":[],"damage_taken":[{"damage":6,"enemies":"Jaw Worm","floor":1,"turns":3},{"damage":12,"enemies":"Replay:BlueRogue","floor":6,"turns":4}],"seed_played":"2112398308651068866","potions_obtained":[],"is_trial":false,"path_per_floor":["M","?","?","?","?","E"],"character_chosen":"KINOMOTOSAKURA","items_purchased":[],"campfire_rested":0,"item_purchase_floors":[],"current_hp_per_floor":[71,71,56,56,56,44,44],"gold":124,"neow_bonus":"TEN_PERCENT_HP_BONUS","is_daily":false,"chose_seed":false,"campfire_upgraded":0,"win_rate":0.0,"timestamp":1612341840,"path_taken":["M","?","?","?","?","E"],"items_purchased_type":[],"build_version":"2020-12-22","purchased_purges":0,"victory":false,"max_hp_per_floor":[77,77,77,77,77,77,77],"card_choices":[{"not_picked":["ClowCardTheCloud","ClowCardTheMirror"],"picked":"ClowCardTheRain","floor":1},{"not_picked":["ClowCardTheSilent","ClowCardTheDream"],"picked":"ClowCardTheMaze","floor":2}],"player_experience":91502,"relics_obtained":[{"floor":2,"key":"InkBottle"}],"event_choices":[{"damage_healed":0,"gold_gain":0,"player_choice":"Entered Light","damage_taken":15,"max_hp_gain":0,"max_hp_loss":0,"event_name":"Shining Light","floor":3,"gold_loss":0,"cards_upgraded":["ClowCardTheShield","ClowCardTheSword"]},{"cards_removed":["ClowCardTheShield"],"damage_healed":0,"gold_gain":0,"player_choice":"Card Removal","damage_taken":0,"max_hp_gain":0,"max_hp_loss":0,"event_name":"The Cleric","floor":4,"gold_loss":50},{"damage_healed":0,"gold_gain":0,"player_choice":"Box","damage_taken":0,"relics_obtained":["Replay:Accelerometer"],"max_hp_gain":0,"max_hp_loss":0,"event_name":"Big Fish","floor":5,"gold_loss":0,"cards_obtained":["Regret"]}],"is_beta":false,"boss_relics":[],"items_purged_floors":[],"is_endless":false,"potions_floor_spawned":[],"killed_by":"Replay:BlueRogue","ascension_level":1}}