{"host":"hs5g5f0q56ds4vmn","time":1612340818,"event":{"mods":["AchievementEnabler","BaseMod","DeckTracker","Highlight Path","Minty Spire (QoL Compilation)","SuperFastMode","everything is the same but u backflip on backflip"],"gold_per_floor":[113,113,188,188,205,205,243,243,243,243,99,129,154,176,176,281,281,206,215,226,80,102,145,162,162,185,185,217,236,255,276,276,382,382,410,410,277,290,307,349,359,401,428,473,497,544,580,641,653,665],"floor_reached":51,"language":"KOR","playtime":4729,"items_purged":["Strike_G"],"score":1039,"play_id":"4096787f-24c2-44c5-8727-a655985902ab","local_time":"20210203172658","is_ascension_mode":true,"campfire_choices":[{"data":"Adrenaline","floor":6.0,"key":"SMITH"},{"data":"Neutralize","floor":8.0,"key":"SMITH"},{"data":"Well Laid Plans","floor":10.0,"key":"SMITH"},{"data":"Cloak And Dagger","floor":15.0,"key":"SMITH"},{"data":"Accuracy","floor":25.0,"key":"SMITH"},{"data":"Storm of Steel","floor":27.0,"key":"SMITH"},{"data":"PiercingWail","floor":32.0,"key":"SMITH"},{"data":"Night Terror","floor":49.0,"key":"SMITH"}],"circlet_count":0,"master_deck":["Strike_G","Strike_G","Defend_G","Defend_G","Defend_G","Survivor","Neutralize+1","PiercingWail+1","Adrenaline+1","Well Laid Plans+1","Accuracy+1","Tactician","After Image","Cloak And Dagger+1","Storm of Steel+1","Adrenaline+1","Adrenaline+1","Leg Sweep+1","Accuracy+1","Prepared+1","Blur","Night Terror+1","Accuracy+1","Blade Dance+1","Expertise+1","Doppelganger","Blade Dance+1"],"relics":["Ring of the Snake","NeowsBlessing","CeramicFish","Ninja Scroll","Odd Mushroom","Empty Cage","DollysMirror","Darkstone Periapt","Ancient Tea Set","Bronze Scales","Black Star","Orichalcum","The Specimen","Gambling Chip","Strawberry","Lantern","MawBank","Juzu Bracelet","Art of War","Unceasing Top"],"acts_visited":["Exordium","TheCity","TheBeyond"],"potions_floor_usage":[],"damage_taken":[{"damage":0.0,"enemies":"Cultist","floor":1.0,"turns":1.0},{"damage":0.0,"enemies":"Jaw Worm","floor":5.0,"turns":1.0},{"damage":0.0,"enemies":"3 Sentries","floor":7.0,"turns":2.0},{"damage":5.0,"enemies":"The Mushroom Lair","floor":12.0,"turns":6.0},{"damage":1.0,"enemies":"2 Louse","floor":13.0,"turns":3.0},{"damage":0.0,"enemies":"Gremlin Gang","floor":14.0,"turns":10.0},{"damage":25.0,"enemies":"Hexaghost","floor":16.0,"turns":13.0},{"damage":0.0,"enemies":"2 Thieves","floor":18.0,"turns":5.0},{"damage":0.0,"enemies":"Spheric Guardian","floor":20.0,"turns":1.0},{"damage":13.0,"enemies":"Shelled Parasite and Fungi","floor":22.0,"turns":5.0},{"damage":9.0,"enemies":"Slavers","floor":23.0,"turns":6.0},{"damage":0.0,"enemies":"Chosen and Byrds","floor":24.0,"turns":3.0},{"damage":1.0,"enemies":"Gremlin Leader","floor":28.0,"turns":5.0},{"damage":0.0,"enemies":"Cultist and Chosen","floor":29.0,"turns":2.0},{"damage":0.0,"enemies":"Snake Plant","floor":30.0,"turns":2.0},{"damage":0.0,"enemies":"Centurion and Healer","floor":31.0,"turns":3.0},{"damage":22.0,"enemies":"Automaton","floor":33.0,"turns":7.0},{"damage":4.0,"enemies":"3 Shapes","floor":35.0,"turns":2.0},{"damage":0.0,"enemies":"Orb Walker","floor":38.0,"turns":2.0},{"damage":14.0,"enemies":"4 Shapes","floor":39.0,"turns":4.0},{"damage":0.0,"enemies":"Reptomancer","floor":40.0,"turns":5.0},{"damage":0.0,"enemies":"3 Darklings","floor":41.0,"turns":1.0},{"damage":8.0,"enemies":"Nemesis","floor":42.0,"turns":4.0},{"damage":0.0,"enemies":"Reptomancer","floor":44.0,"turns":2.0},{"damage":3.0,"enemies":"Jaw Worm Horde","floor":45.0,"turns":2.0},{"damage":0.0,"enemies":"Giant Head","floor":46.0,"turns":1.0},{"damage":0.0,"enemies":"Maw","floor":47.0,"turns":4.0},{"damage":29,"enemies":"Awakened One","floor":50,"turns":7}],"seed_played":"-8987840772765280333","potions_obtained":[{"floor":7.0,"key":"SneckoOil"},{"floor":13.0,"key":"Fruit Juice"},{"floor":14.0,"key":"SkillPotion"},{"floor":22.0,"key":"AttackPotion"},{"floor":24.0,"key":"Explosive Potion"},{"floor":29.0,"key":"PowerPotion"},{"floor":30.0,"key":"DuplicationPotion"},{"floor":39.0,"key":"BlessingOfTheForge"},{"floor":40.0,"key":"LiquidBronze"},{"floor":42.0,"key":"BlessingOfTheForge"},{"floor":44.0,"key":"Regen Potion"}],"is_trial":false,"path_per_floor":["M","?","?","?","M","R","E","R","T","R","$","?","M","M","R","B",null,"M","?","M","$","M","E","M","R","T","R","E","M","M","M","R","B",null,"M","?","?","M","M","E","M","E","T","E","M","E","M","T","R","B",null],"character_chosen":"THE_SILENT","items_purchased":["Accuracy","DollysMirror"],"campfire_rested":0,"item_purchase_floors":[11,21],"current_hp_per_floor":[70,70,59,59,59,59,59,59,59,59,59,54,58,58,58,33,75,75,75,75,75,62,53,53,53,53,53,52,52,52,52,52,30,75,71,71,71,71,57,57,57,56,56,56,58,58,58,58,58,29],"gold":677,"neow_bonus":"THREE_ENEMY_KILL","is_daily":false,"chose_seed":false,"campfire_upgraded":8,"win_rate":0.0,"timestamp":1612340818,"path_taken":["M","?","?","?","?","R","E","R","T","R","$","?","M","M","R","BOSS","M","?","M","?","M","E","M","R","T","R","E","M","M","M","R","BOSS","M","?","?","?","?","E","M","E","T","E","M","E","M","?","R","BOSS"],"items_purchased_type":["Card","Relic"],"build_version":"2020-12-22","purchased_purges":1,"victory":true,"max_hp_per_floor":[70,70,70,70,70,70,70,70,70,70,70,70,75,75,75,75,75,75,75,75,75,75,75,75,75,75,75,75,75,75,75,75,75,75,75,71,71,71,71,71,71,78,78,78,78,78,78,78,78,78],"card_choices":[{"not_picked":["Choke","Underhanded Strike"],"picked":"PiercingWail","floor":1.0},{"not_picked":["Dodge and Roll","Backstab","Blade Dance"],"picked":"SKIP","floor":5.0},{"not_picked":["Cloak And Dagger","Terror"],"picked":"Well Laid Plans","floor":7.0},{"not_picked":["Bane","Sucker Punch"],"picked":"Tactician","floor":12.0},{"not_picked":["Predator","Underhanded Strike"],"picked":"After Image","floor":13.0},{"not_picked":["Eviscerate","Prepared"],"picked":"Cloak And Dagger","floor":14.0},{"not_picked":["A Thousand Cuts","Venomology"],"picked":"Storm of Steel","floor":16.0},{"not_picked":["Cloak And Dagger","Deflect","Sucker Punch"],"picked":"SKIP","floor":18.0},{"not_picked":["Underhanded Strike","Backflip","Dodge and Roll"],"picked":"SKIP","floor":20.0},{"not_picked":["Dodge and Roll","Tactician"],"picked":"Leg Sweep+1","floor":22.0},{"not_picked":["Unload","Deadly Poison"],"picked":"Accuracy+1","floor":23.0},{"not_picked":["Leg Sweep+1","Riddle With Holes","Backflip"],"picked":"SKIP","floor":24.0},{"not_picked":["Deadly Poison","PiercingWail","Tactician"],"picked":"SKIP","floor":28.0},{"not_picked":["Slice","Flying Knee"],"picked":"Prepared+1","floor":29.0},{"not_picked":["Sucker Punch+1","Riddle With Holes","Poisoned Stab"],"picked":"SKIP","floor":30.0},{"not_picked":["Slice","Dagger Throw"],"picked":"Blur","floor":31.0},{"not_picked":["Storm of Steel","Malaise"],"picked":"Night Terror","floor":33.0},{"not_picked":["Dagger Throw+1","Caltrops"],"picked":"Accuracy+1","floor":35.0},{"not_picked":["Poisoned Stab","Acrobatics","Dodge and Roll"],"picked":"SKIP","floor":38.0},{"not_picked":["Bane","Backflip+1","Outmaneuver"],"picked":"SKIP","floor":39.0},{"not_picked":["Bane","Backflip+1","Outmaneuver"],"picked":"SKIP","floor":39.0},{"not_picked":["Cloak And Dagger+1","Dagger Spray"],"picked":"Blade Dance+1","floor":40.0},{"not_picked":["Outmaneuver+1","Backflip","Backstab+1"],"picked":"SKIP","floor":41.0},{"not_picked":["Dodge and Roll","Choke"],"picked":"Expertise+1","floor":42.0},{"not_picked":["Catalyst","Acrobatics","All Out Attack"],"picked":"SKIP","floor":44.0},{"not_picked":["Deadly Poison+1","Dodge and Roll","Cloak And Dagger"],"picked":"SKIP","floor":45.0},{"not_picked":["Backstab","Backflip"],"picked":"Doppelganger","floor":46.0},{"not_picked":["Bane+1","Infinite Blades+1"],"picked":"Blade Dance+1","floor":47.0}],"player_experience":544307,"relics_obtained":[{"floor":7.0,"key":"CeramicFish"},{"floor":9.0,"key":"Ninja Scroll"},{"floor":12.0,"key":"Odd Mushroom"},{"floor":23.0,"key":"Darkstone Periapt"},{"floor":26.0,"key":"Ancient Tea Set"},{"floor":28.0,"key":"Bronze Scales"},{"floor":40.0,"key":"The Specimen"},{"floor":40.0,"key":"Gambling Chip"},{"floor":42.0,"key":"Strawberry"},{"floor":42.0,"key":"Lantern"},{"floor":43.0,"key":"MawBank"},{"floor":44.0,"key":"Juzu Bracelet"},{"floor":44.0,"key":"Art of War"},{"floor":46.0,"key":"Unceasing Top"}],"event_choices":[{"damage_healed":0.0,"max_hp_gain":0.0,"max_hp_loss":0.0,"gold_gain":0.0,"cards_transformed":["Strike_G"],"event_name":"Living Wall","player_choice":"Change","floor":2.0,"gold_loss":0.0,"damage_taken":0.0,"cards_obtained":["Adrenaline"]},{"damage_healed":0.0,"max_hp_gain":0.0,"max_hp_loss":0.0,"gold_gain":75.0,"event_name":"World of Goop","player_choice":"Gather Gold","floor":3.0,"gold_loss":0.0,"damage_taken":11.0},{"cards_removed":["Defend_G"],"damage_healed":0.0,"max_hp_gain":0.0,"max_hp_loss":0.0,"gold_gain":0.0,"event_name":"Purifier","player_choice":"Purged","floor":4.0,"gold_loss":0.0,"damage_taken":0.0},{"damage_healed":0.0,"max_hp_gain":0.0,"max_hp_loss":0.0,"gold_gain":0.0,"event_name":"Mushrooms","player_choice":"Fought Mushrooms","floor":12.0,"gold_loss":0.0,"damage_taken":0.0},{"damage_healed":0.0,"max_hp_gain":0.0,"max_hp_loss":0.0,"gold_gain":0.0,"event_name":"Duplicator","player_choice":"Copied","floor":19.0,"gold_loss":0.0,"damage_taken":0.0,"cards_obtained":["Adrenaline"]},{"damage_healed":0.0,"max_hp_gain":0.0,"max_hp_loss":4.0,"gold_gain":0.0,"event_name":"Winding Halls","player_choice":"Max HP","floor":36.0,"gold_loss":0.0,"damage_taken":0.0},{"damage_healed":0.0,"max_hp_gain":0.0,"max_hp_loss":0.0,"gold_gain":0.0,"event_name":"WeMeetAgain","player_choice":"Paid Gold","floor":37.0,"gold_loss":133.0,"damage_taken":0.0,"relics_obtained":["Orichalcum"]}],"is_beta":false,"boss_relics":[{"not_picked":["Snecko Eye","Cursed Key"],"picked":"Empty Cage"},{"not_picked":["Fusion Hammer","Runic Pyramid"],"picked":"Black Star"}],"items_purged_floors":[11],"is_endless":false,"potions_floor_spawned":[7,13,14,22,24,29,30,39,40,42,44],"ascension_level":3}}