{"host":"jlk2k69f9c6o7b3e","time":1612316820,"event":{"mods":["AchievementEnabler","BaseMod","Minty Spire (QoL Compilation)","StSLib"],"gold_per_floor":[119,135,135,148,98,130,148,161,185,210,210,210,238,250,250,346,346,359,359,371,175,175,205,205,241,264,264,285,313,357,153,153,265,265,286,342,351,369,391,426,426,455,532,558,558,594,630,666,666,666],"floor_reached":51,"language":"ZHS","playtime":3229,"items_purged":[],"score":999,"play_id":"caab8c89-b23f-413c-af72-55dde0ff6c7f","local_time":"20210203094700","is_ascension_mode":true,"campfire_choices":[{"data":"Storm","floor":11.0,"key":"SMITH"},{"data":"Hello World","floor":15.0,"key":"SMITH"},{"data":"Mayhem","floor":24.0,"key":"SMITH"},{"data":"White Noise","floor":27.0,"key":"SMITH"},{"data":"Capacitor","floor":32.0,"key":"SMITH"},{"data":"Fission","floor":41,"key":"SMITH"},{"floor":45,"key":"RECALL"},{"data":"Seek","floor":49,"key":"SMITH"}],"circlet_count":0,"master_deck":["Strike_B","Strike_B","Defend_B","Defend_B","Defend_B","Zap","Dualcast+1","Heatsinks","Static Discharge+1","Lockon","FTL","Storm+1","Go for the Eyes","Melter","Consume","Hello World+1","Machine Learning+1","Heatsinks+1","Loop","Mayhem+1","Biased Cognition","Double Energy","Consume+1","White Noise+1","Echo Form","Self Repair","Capacitor+1","Defragment","White Noise+1","Fission+1","Doom and Gloom+1","Turbo","Mayhem+1","Consume+1","Self Repair+1","Coolheaded+1","Shame","Static Discharge","Seek+1","Writhe","Turbo+1"],"relics":["Cracked Core","NeowsBlessing","Incense Burner","Anchor","Vajra","HornCleat","DataDisk","Coffee Dripper","Orichalcum","CeramicFish","Tiny Chest","Bottled Tornado","DollysMirror","Cursed Key","Turnip","Blue Candle","The Courier","Unceasing Top","War Paint","Toy Ornithopter"],"acts_visited":["Exordium","TheCity","TheBeyond"],"potions_floor_usage":[42,50,50,50,50,50,50],"damage_taken":[{"damage":0.0,"enemies":"Jaw Worm","floor":1.0,"turns":1.0},{"damage":0.0,"enemies":"2 Louse","floor":2.0,"turns":1.0},{"damage":0.0,"enemies":"Small Slimes","floor":4.0,"turns":1.0},{"damage":28.0,"enemies":"Gremlin Nob","floor":6.0,"turns":4.0},{"damage":29.0,"enemies":"Exordium Thugs","floor":7.0,"turns":3.0},{"damage":1.0,"enemies":"Large Slime","floor":8.0,"turns":4.0},{"damage":13.0,"enemies":"3 Sentries","floor":10.0,"turns":5.0},{"damage":0.0,"enemies":"Gremlin Nob","floor":13.0,"turns":3.0},{"damage":0.0,"enemies":"2 Fungi Beasts","floor":14.0,"turns":3.0},{"damage":11.0,"enemies":"Hexaghost","floor":16.0,"turns":6.0},{"damage":12.0,"enemies":"2 Thieves","floor":18.0,"turns":3.0},{"damage":2.0,"enemies":"Chosen","floor":20.0,"turns":3.0},{"damage":15.0,"enemies":"Slavers","floor":23.0,"turns":3.0},{"damage":6.0,"enemies":"Book of Stabbing","floor":25.0,"turns":3.0},{"damage":8.0,"enemies":"Centurion and Healer","floor":28.0,"turns":3.0},{"damage":14.0,"enemies":"Snake Plant","floor":29.0,"turns":2.0},{"damage":13.0,"enemies":"Slavers","floor":30.0,"turns":4.0},{"damage":13.0,"enemies":"Collector","floor":33.0,"turns":5.0},{"damage":22.0,"enemies":"3 Darklings","floor":35.0,"turns":3.0},{"damage":10.0,"enemies":"2 Orb Walkers","floor":36.0,"turns":3.0},{"damage":5.0,"enemies":"3 Shapes","floor":38.0,"turns":3.0},{"damage":16.0,"enemies":"Spire Growth","floor":39.0,"turns":3.0},{"damage":4,"enemies":"Giant Head","floor":40,"turns":4},{"damage":0,"enemies":"Transient","floor":42,"turns":5},{"damage":6,"enemies":"4 Shapes","floor":44,"turns":4},{"damage":0,"enemies":"Nemesis","floor":46,"turns":3},{"damage":3,"enemies":"Giant Head","floor":48,"turns":4},{"damage":48,"enemies":"Time Eater","floor":50,"turns":3}],"seed_played":"-7041429246176983704","potions_obtained":[{"floor":1.0,"key":"Regen Potion"},{"floor":6.0,"key":"FocusPotion"},{"floor":13.0,"key":"DuplicationPotion"},{"floor":14.0,"key":"GamblersBrew"},{"floor":16.0,"key":"SkillPotion"},{"floor":18.0,"key":"AttackPotion"},{"floor":29.0,"key":"Regen Potion"},{"floor":30.0,"key":"Fruit Juice"},{"floor":36.0,"key":"AttackPotion"},{"floor":38.0,"key":"Strength Potion"},{"floor":42,"key":"EssenceOfSteel"},{"floor":46,"key":"EntropicBrew"}],"is_trial":false,"path_per_floor":["M","M","?","M","?","E","M","M","T","E","R","T","E","M","R","B",null,"M","?","M","$","?","E","R","E","T","R","M","M","E","$","R","B",null,"M","?","?","M","M","E","R","M","T","M","R","E","T","E","R","B",null],"character_chosen":"DEFECT","items_purchased":["Mayhem","Defragment","DollysMirror"],"campfire_rested":0,"item_purchase_floors":[21,31,31],"current_hp_per_floor":[75,75,75,75,75,47,30,29,29,16,16,16,16,16,16,5,75,63,63,61,61,61,46,46,40,40,40,32,18,29,29,29,23,80,65,55,55,50,41,44,44,71,71,72,72,72,72,80,80,57],"gold":666,"neow_bonus":"THREE_ENEMY_KILL","is_daily":false,"chose_seed":false,"campfire_upgraded":7,"win_rate":0.0,"timestamp":1612316820,"path_taken":["M","M","?","M","?","E","M","M","T","E","R","?","E","M","R","BOSS","M","?","?","$","?","E","R","E","T","R","M","M","E","$","R","BOSS","M","?","?","M","?","E","R","M","T","M","R","E","?","E","R","BOSS"],"items_purchased_type":["Card","Card","Relic"],"build_version":"2020-12-22","purchased_purges":0,"victory":true,"max_hp_per_floor":[75,75,75,75,75,75,75,75,75,75,75,75,75,75,75,75,75,75,75,75,75,75,75,75,75,75,75,75,75,80,80,80,80,80,80,80,80,80,80,80,80,80,80,80,80,80,80,80,80,80],"card_choices":[{"not_picked":["Tempest","Leap"],"picked":"Heatsinks","floor":1.0},{"not_picked":["Chaos","Compile Driver"],"picked":"Static Discharge","floor":2.0},{"not_picked":["Double Energy","BootSequence"],"picked":"Lockon","floor":4.0},{"not_picked":["Steam","Rebound"],"picked":"FTL","floor":6.0},{"not_picked":["Steam","Leap"],"picked":"Storm","floor":7.0},{"not_picked":["Sweeping Beam","Barrage"],"picked":"Go for the Eyes","floor":8.0},{"not_picked":["Leap","Turbo"],"picked":"Melter","floor":10.0},{"not_picked":["Hologram","Auto Shields"],"picked":"Consume","floor":13.0},{"not_picked":["Force Field","Steam"],"picked":"Hello World","floor":14.0},{"not_picked":["Reboot","Seek"],"picked":"Machine Learning","floor":16.0},{"not_picked":["Stack","Redo"],"picked":"Heatsinks+1","floor":18.0},{"not_picked":["Lockon","Auto Shields"],"picked":"Loop","floor":20.0},{"not_picked":["Genetic Algorithm","Sweeping Beam"],"picked":"Consume+1","floor":23.0},{"not_picked":["Turbo+1","Barrage+1"],"picked":"White Noise","floor":25.0},{"not_picked":["Double Energy+1","Melter"],"picked":"Echo Form","floor":28.0},{"not_picked":["Rip and Tear","Darkness"],"picked":"Self Repair","floor":29.0},{"not_picked":["BootSequence","Force Field+1"],"picked":"Capacitor","floor":30.0},{"not_picked":["Core Surge","Amplify"],"picked":"Fission","floor":33.0},{"not_picked":["Redo","Ball Lightning+1"],"picked":"Doom and Gloom+1","floor":35.0},{"not_picked":["Reprogram","Gash+1"],"picked":"Turbo","floor":36.0},{"not_picked":["Reprogram","Rebound","Redo"],"picked":"SKIP","floor":38.0},{"not_picked":["Hologram+1","Hello World+1"],"picked":"Consume+1","floor":39.0},{"not_picked":["Tempest","Go for the Eyes+1"],"picked":"Self Repair+1","floor":40},{"not_picked":["Ball Lightning","Rip and Tear+1"],"picked":"Coolheaded","floor":42},{"not_picked":["Go for the Eyes+1","Scrape"],"picked":"Static Discharge","floor":44},{"not_picked":["Chill+1","Barrage+1"],"picked":"Seek","floor":46},{"not_picked":["Compile Driver+1","Cold Snap+1"],"picked":"Turbo+1","floor":48}],"player_experience":318867,"relics_obtained":[{"floor":6.0,"key":"Incense Burner"},{"floor":9.0,"key":"Anchor"},{"floor":10.0,"key":"Vajra"},{"floor":12.0,"key":"HornCleat"},{"floor":13.0,"key":"DataDisk"},{"floor":23.0,"key":"Orichalcum"},{"floor":25.0,"key":"CeramicFish"},{"floor":26.0,"key":"Tiny Chest"},{"floor":30.0,"key":"Bottled Tornado"},{"floor":36.0,"key":"Turnip"},{"floor":40,"key":"Blue Candle"},{"floor":43,"key":"The Courier"},{"floor":46,"key":"Unceasing Top"},{"floor":47,"key":"War Paint"},{"floor":48,"key":"Toy Ornithopter"}],"event_choices":[{"damage_healed":0.0,"max_hp_gain":0.0,"max_hp_loss":0.0,"gold_gain":0.0,"event_name":"Living Wall","player_choice":"Grow","floor":3.0,"gold_loss":0.0,"damage_taken":0.0,"cards_upgraded":["Static Discharge"]},{"cards_removed":["Strike_B"],"damage_healed":0.0,"max_hp_gain":0.0,"max_hp_loss":0.0,"gold_gain":0.0,"event_name":"The Cleric","player_choice":"Card Removal","floor":5.0,"gold_loss":50.0,"damage_taken":0.0},{"damage_healed":0.0,"max_hp_gain":0.0,"max_hp_loss":0.0,"gold_gain":0.0,"event_name":"Upgrade Shrine","player_choice":"Upgraded","floor":19.0,"gold_loss":0.0,"damage_taken":0.0,"cards_upgraded":["Machine Learning"]},{"damage_healed":0.0,"max_hp_gain":0.0,"max_hp_loss":0.0,"gold_gain":0.0,"cards_transformed":["Defend_B","Strike_B"],"event_name":"Drug Dealer","player_choice":"Became Test Subject","floor":22.0,"gold_loss":0.0,"damage_taken":0.0,"cards_obtained":["Biased Cognition","Double Energy"]},{"damage_healed":0.0,"max_hp_gain":0.0,"max_hp_loss":0.0,"gold_gain":0.0,"event_name":"Mysterious Sphere","player_choice":"Fight","floor":36.0,"gold_loss":0.0,"damage_taken":0.0},{"damage_healed":0.0,"max_hp_gain":0.0,"max_hp_loss":0.0,"gold_gain":0.0,"event_name":"Duplicator","player_choice":"Copied","floor":37.0,"gold_loss":0.0,"damage_taken":0.0,"cards_obtained":["Mayhem"]}],"is_beta":false,"boss_relics":[{"not_picked":["Ectoplasm","Snecko Eye"],"picked":"Coffee Dripper"},{"not_picked":["SacredBark","Tiny House"],"picked":"Cursed Key"}],"items_purged_floors":[],"is_endless":false,"potions_floor_spawned":[1,6,13,14,16,18,29,30,36,38,42,46],"ascension_level":2}}