{"host":"alk2ftu785mujiir","time":1612371580,"event":{"mods":["BaseMod","Colored Map","Downfall","Minty Spire (QoL Compilation)","StSLib"],"gold_per_floor":[99,99,9,29,39,39,39,50,70,220,220,320,320,345,363,464,464,364,381,396,416,14,30,30,65,83,94,94,79,114,133,147,250,250,250,266,266,377,389,289,289,289,289,46,63,91,91,117,131,131],"floor_reached":51,"language":"ENG","playtime":3550,"items_purged":["Pain","downfall:Icky","bronze:Strike"],"score":886,"play_id":"e85623c0-b15b-4a32-97c4-e2ec05ee1c0e","local_time":"20210203115940","is_ascension_mode":true,"campfire_choices":[{"data":"bronze:Replicate","floor":1.0,"key":"SMITH"},{"data":"bronze:Philosophize","floor":11.0,"key":"SMITH"},{"floor":13.0,"key":"REST"},{"data":"bronze:DarkDash","floor":18.0,"key":"SMITH"},{"floor":28.0,"key":"REST"},{"floor":35.0,"key":"RECALL"},{"data":"bronze:Repair","floor":40.0,"key":"SMITH"},{"data":"bronze:Terminator","floor":42.0,"key":"SMITH"},{"data":"bronze:SpaghettiCode","floor":47.0,"key":"SMITH"}],"circlet_count":0,"master_deck":["bronze:Strike","bronze:Defend","bronze:Defend+1","bronze:Defend","bronze:Defend","bronze:Replicate+1","bronze:Goto","bronze:Terminator+1","bronze:Shell","bronze:Philosophize+1","bronze:DarkDash+1","bronze:SpaghettiCode+1","bronze:Deprecate+1","bronze:Constructor","bronze:Repair+1","bronze:DelayedSlice+1","bronze:Iterate+1","bronze:Verify","bronze:Constructor+1","bronze:BronzeOrb","bronze:Optimize","bronze:ForLoop+1","Finesse","bronze:InfiniteLoop"],"relics":["bronze:BronzeCore","WarpedTongs","Pear","White Beast Statue","Pen Nib","expansioncontent:StudyCardRelic","downfall:HeartBlessingGreen","Thread and Needle","Guardian:PocketSentry","Ornamental Fan","MealTicket","bronze:ElectromagneticCoil","downfall:HeartBlessingRed","CaptainsWheel","Potion Belt","Strawberry","Lizard Tail"],"acts_visited":["Exordium","TheCity","TheBeyond"],"potions_floor_usage":[50,50,50,50,50],"damage_taken":[{"damage":11.0,"enemies":"downfall:FleeingMerchant","floor":3.0,"turns":4.0},{"damage":2.0,"enemies":"Jaw Worm","floor":4.0,"turns":4.0},{"damage":0.0,"enemies":"Cultist","floor":5.0,"turns":2.0},{"damage":7.0,"enemies":"2 Louse","floor":8.0,"turns":2.0},{"damage":10.0,"enemies":"Lots of Slimes","floor":9.0,"turns":6.0},{"damage":52.0,"enemies":"downfall:LadyInBlue","floor":12.0,"turns":11.0},{"damage":11.0,"enemies":"Lagavulin","floor":14.0,"turns":5.0},{"damage":3.0,"enemies":"2 Fungi Beasts","floor":15.0,"turns":3.0},{"damage":9.0,"enemies":"SI_SHIV_ARCHETYPE","floor":16.0,"turns":7.0},{"damage":27.0,"enemies":"3 Byrds","floor":19.0,"turns":8.0},{"damage":13.0,"enemies":"3 Cultists","floor":20.0,"turns":7.0},{"damage":20.0,"enemies":"Shelled Parasite and Fungi","floor":21.0,"turns":6.0},{"damage":0.0,"enemies":"downfall:FleeingMerchant","floor":22.0,"turns":4.0},{"damage":0.0,"enemies":"Snecko","floor":23.0,"turns":5.0},{"damage":0.0,"enemies":"Book of Stabbing","floor":25.0,"turns":6.0},{"damage":2.0,"enemies":"Chosen and Byrds","floor":26.0,"turns":5.0},{"damage":0.0,"enemies":"Cultist and Chosen","floor":27.0,"turns":11.0},{"damage":0.0,"enemies":"downfall:FleeingMerchant","floor":29.0,"turns":4.0},{"damage":18.0,"enemies":"Slavers","floor":30.0,"turns":9.0},{"damage":1.0,"enemies":"Centurion and Healer","floor":31.0,"turns":5.0},{"damage":0.0,"enemies":"Shelled Parasite and Fungi","floor":32.0,"turns":4.0},{"damage":16.0,"enemies":"WA_ARCHETYPE_CALM","floor":33.0,"turns":8.0},{"damage":3.0,"enemies":"Orb Walker","floor":36.0,"turns":3.0},{"damage":0.0,"enemies":"downfall:FleeingMerchant","floor":38.0,"turns":4.0},{"damage":21.0,"enemies":"3 Shapes","floor":39.0,"turns":6.0},{"damage":0.0,"enemies":"Sphere and 2 Shapes","floor":45.0,"turns":4.0},{"damage":3.0,"enemies":"Nemesis","floor":46.0,"turns":7.0},{"damage":0.0,"enemies":"Giant Head","floor":48.0,"turns":8.0},{"damage":4,"enemies":"Spire Growth","floor":49,"turns":4},{"damage":15,"enemies":"DF_ARCHETYPE_ORBS","floor":50,"turns":5}],"seed_played":"-5442864060331325075","potions_obtained":[{"floor":5.0,"key":"Ancient Potion"},{"floor":8.0,"key":"Block Potion"},{"floor":12.0,"key":"Fire Potion"},{"floor":12.0,"key":"LiquidBronze"},{"floor":12.0,"key":"PowerPotion"},{"floor":14.0,"key":"Fire Potion"},{"floor":16.0,"key":"Dexterity Potion"},{"floor":19.0,"key":"Fire Potion"},{"floor":20.0,"key":"hexamod:SoulburnPotion"},{"floor":21.0,"key":"Ancient Potion"},{"floor":23.0,"key":"Fruit Juice"},{"floor":25.0,"key":"bronze:BurnAndBuffPotion"},{"floor":30.0,"key":"SkillPotion"},{"floor":31.0,"key":"Strength Potion"},{"floor":33.0,"key":"SteroidPotion"},{"floor":45.0,"key":"champ:CounterPotion"},{"floor":46.0,"key":"Explosive Potion"},{"floor":48.0,"key":"EssenceOfSteel"},{"floor":49,"key":"bronze:CleanCodePotion"}],"is_trial":false,"path_per_floor":["R","?","$","M","M","?","T","M","M","?","R","?","R","E","M","B",null,"R","M","M","M","$","M","T","E","M","M","R","$","E","M","M","B",null,"R","M","?","$","M","R","T","R","?","$","M","E","R","E","M","B",null],"character_chosen":"THE_AUTOMATON","items_purchased":["Thread and Needle","bronze:BronzeOrb","bronze:Optimize","Potion Belt","Finesse"],"campfire_rested":2,"item_purchase_floors":[22,38,38,44,44],"current_hp_per_floor":[84,84,73,71,71,71,81,74,64,64,64,12,40,29,26,17,94,94,67,54,34,34,39,39,39,37,37,66,73,62,71,78,69,99,99,99,99,99,78,78,78,78,70,85,95,106,106,106,102,91],"gold":131,"neow_bonus":"TWENTY_PERCENT_HP_BONUS","is_daily":false,"chose_seed":false,"campfire_upgraded":6,"win_rate":0.0,"timestamp":1612371580,"path_taken":["R","?","$","M","?","?","T","M","M","?","R","?","R","E","M","BOSS","R","M","M","M","$","M","T","E","M","M","R","?","E","M","M","BOSS","R","M","?","$","M","R","T","R","?","$","?","E","R","E","M","BOSS"],"items_purchased_type":["Relic","Card","Card","Relic","Card"],"build_version":"2020-12-22","purchased_purges":3,"victory":true,"max_hp_per_floor":[84,84,84,84,84,84,94,94,94,94,94,94,94,94,94,94,94,94,94,94,94,94,99,99,99,99,99,99,99,99,99,99,99,99,99,99,99,99,99,99,99,99,99,99,99,106,106,106,106,106],"card_choices":[{"not_picked":["bronze:Turbo","bronze:Backtrace","bronze:Overload"],"picked":"SKIP","floor":3.0},{"not_picked":["bronze:BitShift","bronze:Branch"],"picked":"bronze:Terminator","floor":4.0},{"not_picked":["bronze:BugBarrage","bronze:Invalidate"],"picked":"bronze:Shell","floor":5.0},{"not_picked":["bronze:Shell","bronze:ChildClass","bronze:BitShift"],"picked":"SKIP","floor":8.0},{"not_picked":["bronze:Optimize","bronze:Overload"],"picked":"bronze:Philosophize","floor":9.0},{"not_picked":["bronze:Deprecate","bronze:Assembly"],"picked":"bronze:DarkDash","floor":12.0},{"not_picked":["bronze:Deprecate","bronze:DelayedSlice","bronze:CutThrough"],"picked":"SKIP","floor":14.0},{"not_picked":["bronze:CutThrough","bronze:DelayedSlice","bronze:Separator"],"picked":"SKIP","floor":15.0},{"not_picked":["bronze:FindAndReplace","bronze:ThunderWave"],"picked":"bronze:SpaghettiCode","floor":16.0},{"not_picked":["bronze:Turbo","bronze:FollowUp"],"picked":"bronze:Deprecate+1","floor":19.0},{"not_picked":["bronze:Allocate+1","bronze:Invalidate","bronze:Separator"],"picked":"SKIP","floor":20.0},{"not_picked":["bronze:Backtrace","bronze:GetLatest+1","bronze:NullPointer"],"picked":"SKIP","floor":21.0},{"not_picked":["bronze:CloningBeam+1","bronze:Hardcode"],"picked":"bronze:Constructor","floor":22.0},{"not_picked":["bronze:DelayedSlice","bronze:Return+1","bronze:BugBarrage"],"picked":"SKIP","floor":23.0},{"not_picked":["bronze:Safeguard+1","bronze:Constructor","bronze:Turbo+1"],"picked":"SKIP","floor":25.0},{"not_picked":["bronze:Invalidate","bronze:RecursiveStrike","bronze:Shield"],"picked":"SKIP","floor":26.0},{"not_picked":["bronze:Repulsor+1","bronze:ItsAFeature"],"picked":"bronze:Repair","floor":27.0},{"not_picked":["bronze:BuggyMess","bronze:DelayedGuard","bronze:Branch"],"picked":"SKIP","floor":29.0},{"not_picked":["bronze:Shield","bronze:Overload"],"picked":"bronze:DelayedSlice+1","floor":30.0},{"not_picked":["bronze:BitShift+1","bronze:CutThrough","bronze:WildBeam"],"picked":"SKIP","floor":31.0},{"not_picked":["bronze:ChosenStrike+1","bronze:Overheat"],"picked":"bronze:Iterate+1","floor":32.0},{"not_picked":["bronze:Hardcode","bronze:InfiniteLoop"],"picked":"bronze:Verify","floor":33.0},{"not_picked":["bronze:MaxOutput","bronze:ChosenStrike+1"],"picked":"bronze:Constructor+1","floor":36.0},{"not_picked":["bronze:Deprecate","bronze:Turbo","bronze:Separator"],"picked":"SKIP","floor":38.0},{"not_picked":["bronze:Shell","bronze:Shield+1"],"picked":"bronze:ForLoop+1","floor":39.0},{"not_picked":["bronze:CutThrough+1","bronze:WildBeam","bronze:BugBarrage+1"],"picked":"SKIP","floor":45.0},{"not_picked":["bronze:AlphaBuild","bronze:WhirlingStrike+1","bronze:Constructor+1"],"picked":"SKIP","floor":46.0},{"not_picked":["bronze:Safeguard+1","bronze:Philosophize"],"picked":"bronze:InfiniteLoop","floor":48.0},{"not_picked":["bronze:Shield+1","bronze:Invalidate","bronze:InfiniteBeams"],"picked":"SKIP","floor":49}],"player_experience":1792934,"relics_obtained":[{"floor":7.0,"key":"Pear"},{"floor":12.0,"key":"White Beast Statue"},{"floor":14.0,"key":"Pen Nib"},{"floor":24.0,"key":"Guardian:PocketSentry"},{"floor":25.0,"key":"Ornamental Fan"},{"floor":30.0,"key":"MealTicket"},{"floor":41.0,"key":"CaptainsWheel"},{"floor":46.0,"key":"Strawberry"},{"floor":48.0,"key":"Lizard Tail"}],"event_choices":[{"cards_removed":["Clumsy"],"damage_healed":0.0,"max_hp_gain":0.0,"max_hp_loss":0.0,"gold_gain":0.0,"event_name":"The Cleric","player_choice":"Card Removal","floor":6.0,"gold_loss":0.0,"damage_taken":0.0},{"cards_removed":["bronze:Strike"],"damage_healed":0.0,"max_hp_gain":0.0,"max_hp_loss":0.0,"gold_gain":0.0,"event_name":"Falling","player_choice":"Removed Attack","floor":37.0,"gold_loss":0.0,"damage_taken":0.0}],"is_beta":false,"boss_relics":[{"not_picked":["bronze:MakeshiftBattery","Sozu"],"picked":"expansioncontent:StudyCardRelic"},{"not_picked":["Black Star","Velvet Choker"],"picked":"bronze:ElectromagneticCoil"}],"items_purged_floors":[3,22,38],"is_endless":false,"potions_floor_spawned":[5,8,12,14,15,16,19,20,21,22,23,25,26,27,29,30,31,32,33,36,38,39,45,46,48,49],"ascension_level":1}}