{"host":"yx5rao87132cy5xq","time":1612324578,"event":{"mods":["2.2 Compatiblity","AchievementEnabler","BaseMod","Bestiary","Colored Map","Colored Powertips","Minty Spire (QoL Compilation)","Quick Restart","Relic Stats","Slay-I","SuperFastMode"],"gold_per_floor":[113,130,148,148,160,191,191,19,19,31,68,108,133,145,157,262,274,300,227,253,265,167,179,214,257,323,360,372,423,435,471,483,495,495],"floor_reached":33,"language":"ENG","playtime":5574,"items_purged":[],"score":531,"play_id":"c49d820a-65e9-48ee-b478-26e612515226","local_time":"20210203045618","is_ascension_mode":true,"campfire_choices":[{"data":"Reaper","floor":7.0,"key":"SMITH"},{"data":"Shrug It Off","floor":10.0,"key":"SMITH"},{"floor":15.0,"key":"REST"},{"data":"Uppercut","floor":23.0,"key":"SMITH"},{"floor":28.0,"key":"REST"},{"floor":30.0,"key":"REST"},{"data":"Exhume","floor":32.0,"key":"SMITH"}],"circlet_count":0,"master_deck":["AscendersBane","Strike_R","Strike_R","Defend_R","Defend_R","Defend_R","Defend_R","Bash+1","Reaper+1","Twin Strike","Shrug It Off+1","Headbutt","Cleave","Flex","Burning Pact","Wild Strike","Spot Weakness","Exhume+1","Uppercut+1","Dual Wield","Second Wind+1","Warcry","Inflame","True Grit"],"relics":["Burning Blood","Orichalcum","Bag of Marbles","MawBank","Odd Mushroom","The Courier","Golden Idol","Philosopher\u0027s Stone","Ornamental Fan","Blood Vial","Regal Pillow","Turnip"],"acts_visited":["Exordium","TheCity"],"potions_floor_usage":[],"damage_taken":[{"damage":3.0,"enemies":"2 Louse","floor":1.0,"turns":3.0},{"damage":5.0,"enemies":"Cultist","floor":2.0,"turns":4.0},{"damage":4.0,"enemies":"Jaw Worm","floor":3.0,"turns":3.0},{"damage":4.0,"enemies":"Looter","floor":5.0,"turns":4.0},{"damage":35.0,"enemies":"Gremlin Nob","floor":6.0,"turns":5.0},{"damage":14.0,"enemies":"The Mushroom Lair","floor":11.0,"turns":4.0},{"damage":21.0,"enemies":"3 Sentries","floor":12.0,"turns":6.0},{"damage":7.0,"enemies":"Exordium Thugs","floor":13.0,"turns":3.0},{"damage":45.0,"enemies":"The Guardian","floor":16.0,"turns":11.0},{"damage":22.0,"enemies":"Spheric Guardian","floor":18.0,"turns":4.0},{"damage":37.0,"enemies":"2 Thieves","floor":20.0,"turns":5.0},{"damage":10.0,"enemies":"Snake Plant","floor":24.0,"turns":4.0},{"damage":56.0,"enemies":"Slavers","floor":25.0,"turns":7.0},{"damage":40.0,"enemies":"Cultist and Chosen","floor":27.0,"turns":8.0},{"damage":43.0,"enemies":"Book of Stabbing","floor":29.0,"turns":5.0},{"damage":21.0,"enemies":"Centurion and Healer","floor":31.0,"turns":11.0},{"damage":112,"enemies":"Automaton","floor":33,"turns":10}],"seed_played":"-6338157555660821543","potions_obtained":[{"floor":1.0,"key":"SkillPotion"},{"floor":3.0,"key":"Block Potion"},{"floor":20.0,"key":"EntropicBrew"},{"floor":25.0,"key":"AttackPotion"}],"is_trial":false,"path_per_floor":["M","M","M","?","M","E","R","$","T","R","?","E","M","?","R","B",null,"M","?","M","?","?","R","M","E","T","M","R","E","R","M","R","B"],"character_chosen":"IRONCLAD","items_purchased":["Bag of Marbles"],"campfire_rested":3,"item_purchase_floors":[8],"current_hp_per_floor":[71,72,74,74,75,52,52,52,52,52,51,53,52,26,48,30,64,56,56,49,49,49,49,45,33,33,8,45,17,54,75,75,0,0],"gold":495,"neow_bonus":"ONE_RANDOM_RARE_CARD","is_daily":false,"chose_seed":false,"campfire_upgraded":4,"win_rate":0.0,"timestamp":1612324578,"path_taken":["M","M","M","?","?","E","R","?","T","R","?","E","M","?","R","BOSS","M","?","M","?","?","R","M","E","T","?","R","E","R","M","R","BOSS"],"items_purchased_type":["Relic"],"build_version":"2020-12-22","purchased_purges":0,"victory":false,"max_hp_per_floor":[75,75,75,75,75,75,75,75,75,75,75,75,75,75,75,75,75,75,75,75,75,75,75,75,75,75,75,75,75,75,75,75,75,75],"relic_stats":{"Blood Vial":6,"Regal Pillow":30,"counters":[17,97],"Golden Idol":54,"Ornamental Fan":[24],"Turnip":[4],"Orichalcum":[156],"MawBank":288,"obtain_stats":[{"Blood Vial":25,"Regal Pillow":26,"Golden Idol":14,"Ornamental Fan":19,"Philosopher\u0027s Stone":17,"The Courier":12,"Turnip":29,"Bag of Marbles":8,"Orichalcum":6,"Odd Mushroom":11,"MawBank":9,"Burning Blood":0},{"Blood Vial":13,"Regal Pillow":13,"Golden Idol":8,"Ornamental Fan":10,"Philosopher\u0027s Stone":9,"The Courier":7,"Turnip":15,"Bag of Marbles":5,"Orichalcum":5,"Odd Mushroom":6,"MawBank":5,"Burning Blood":0},{"Blood Vial":63,"Regal Pillow":63,"Golden Idol":32,"Ornamental Fan":47,"Philosopher\u0027s Stone":43,"The Courier":29,"Turnip":76,"Bag of Marbles":19,"Orichalcum":19,"Odd Mushroom":23,"MawBank":19,"Burning Blood":0}],"Burning Blood":85},"card_choices":[{"not_picked":["Metallicize","Thunderclap"],"picked":"Twin Strike","floor":1.0},{"not_picked":["Thunderclap","Body Slam"],"picked":"Shrug It Off","floor":2.0},{"not_picked":["Thunderclap","Havoc"],"picked":"Headbutt","floor":3.0},{"not_picked":["True Grit","Clash"],"picked":"Cleave","floor":5.0},{"not_picked":["Exhume","Fire Breathing"],"picked":"Flex","floor":6.0},{"not_picked":["Clash","Anger"],"picked":"Burning Pact","floor":11.0},{"not_picked":["Searing Blow","Combust"],"picked":"Wild Strike","floor":12.0},{"not_picked":["Perfected Strike","Rampage"],"picked":"Spot Weakness","floor":13.0},{"not_picked":["Fiend Fire","Limit Break"],"picked":"Exhume","floor":16.0},{"not_picked":["Body Slam","Blood for Blood","Wild Strike"],"picked":"SKIP","floor":18.0},{"not_picked":["Thunderclap+1","Perfected Strike"],"picked":"Uppercut","floor":20.0},{"not_picked":["Clash","Anger"],"picked":"Warcry","floor":24.0},{"not_picked":["Rage","Clothesline"],"picked":"Inflame","floor":25.0},{"not_picked":["Barricade","Anger","Clothesline"],"picked":"SKIP","floor":27.0},{"not_picked":["Spot Weakness","Dropkick","Iron Wave"],"picked":"SKIP","floor":29.0},{"not_picked":["Pommel Strike","Combust"],"picked":"True Grit","floor":31.0}],"player_experience":975715,"relics_obtained":[{"floor":6.0,"key":"Orichalcum"},{"floor":9.0,"key":"MawBank"},{"floor":11.0,"key":"Odd Mushroom"},{"floor":12.0,"key":"The Courier"},{"floor":25.0,"key":"Blood Vial"},{"floor":26.0,"key":"Regal Pillow"},{"floor":29.0,"key":"Turnip"}],"event_choices":[{"damage_healed":0.0,"max_hp_gain":0.0,"max_hp_loss":0.0,"gold_gain":0.0,"event_name":"Accursed Blacksmith","player_choice":"Forge","floor":4.0,"gold_loss":0.0,"damage_taken":0.0,"cards_upgraded":["Bash"]},{"damage_healed":0.0,"max_hp_gain":0.0,"max_hp_loss":0.0,"gold_gain":0.0,"event_name":"Mushrooms","player_choice":"Fought Mushrooms","floor":11.0,"gold_loss":0.0,"damage_taken":0.0},{"damage_healed":0.0,"max_hp_gain":0.0,"max_hp_loss":0.0,"gold_gain":0.0,"event_name":"Golden Idol","player_choice":"Take Damage","floor":14.0,"gold_loss":0.0,"damage_taken":26.0,"relics_obtained":["Golden Idol"]},{"damage_healed":0.0,"max_hp_gain":0.0,"max_hp_loss":0.0,"gold_gain":0.0,"event_name":"Addict","player_choice":"Obtained Relic","floor":19.0,"gold_loss":85.0,"damage_taken":0.0,"relics_obtained":["Ornamental Fan"]},{"damage_healed":0.0,"max_hp_gain":0.0,"max_hp_loss":0.0,"gold_gain":0.0,"cards_transformed":["Strike_R","Strike_R"],"event_name":"Drug Dealer","player_choice":"Became Test Subject","floor":21.0,"gold_loss":0.0,"damage_taken":0.0,"cards_obtained":["Dual Wield","Second Wind"]},{"cards_removed":["Strike_R"],"damage_healed":0.0,"max_hp_gain":0.0,"max_hp_loss":0.0,"gold_gain":0.0,"event_name":"Designer","player_choice":"Upgrade and Remove","floor":22.0,"gold_loss":110.0,"damage_taken":0.0,"cards_upgraded":["Second Wind"]}],"is_beta":false,"boss_relics":[{"not_picked":["Tiny House","Snecko Eye"],"picked":"Philosopher\u0027s Stone"}],"items_purged_floors":[],"is_endless":false,"potions_floor_spawned":[1,3,5,13,20,24,25],"killed_by":"Automaton","ascension_level":16}}