{"host":"fxrgx7wt2cpkbhka","time":1612326071,"event":{"mods":["AchievementEnabler","BaseMod","Colored Powertips","Minty Spire (QoL Compilation)","Permanent Neow","Quick Restart","Slay-I","StSLib","Waifu the Spire"],"gold_per_floor":[114,189,364,439,459,494,507,507,507,507,507,6,6,22,22,93,93,58,108,108,125,1,1,36,36,85,85,95,109,129,143,143,143,143],"floor_reached":33,"language":"ENG","playtime":964,"items_purged":[],"score":437,"play_id":"6ce5763c-0a46-4f82-a4e7-d766d6506aa9","local_time":"20210202202111","is_ascension_mode":true,"campfire_choices":[{"data":"Apotheosis","floor":8,"key":"SMITH"},{"floor":11,"key":"REST"},{"data":"Uppercut","floor":13,"key":"SMITH"},{"data":"Metallicize","floor":15,"key":"SMITH"},{"data":"Inflame","floor":23,"key":"SMITH"},{"floor":25,"key":"REST"},{"data":"Limit Break","floor":27,"key":"SMITH"},{"floor":32,"key":"REST"}],"circlet_count":0,"master_deck":["AscendersBane","Strike_R+1","Strike_R","Strike_R+1","Strike_R","Strike_R","Defend_R","Defend_R","Defend_R","Defend_R","Bash","Writhe","Apotheosis+1","Intimidate+1","Doubt","Uppercut+1","Flex","Metallicize+1","Carnage","Limit Break+1","Inflame+1","Intimidate","Iron Wave","Shrug It Off"],"relics":["Burning Blood","The Courier","Whetstone","HornCleat","Incense Burner","Busted Crown","PreservedInsect","Letter Opener","Blood Vial"],"acts_visited":["Exordium","TheCity"],"potions_floor_usage":[16,33],"damage_taken":[{"damage":4,"enemies":"2 Louse","floor":1,"turns":3},{"damage":10,"enemies":"Small Slimes","floor":5,"turns":4},{"damage":22,"enemies":"Lagavulin","floor":6,"turns":7},{"damage":8,"enemies":"Cultist","floor":7,"turns":4},{"damage":1,"enemies":"Blue Slaver","floor":14,"turns":4},{"damage":32,"enemies":"Hexaghost","floor":16,"turns":13},{"damage":6,"enemies":"2 Thieves","floor":18,"turns":5},{"damage":17,"enemies":"Shell Parasite","floor":21,"turns":6},{"damage":36,"enemies":"Slavers","floor":24,"turns":5},{"damage":5,"enemies":"Shelled Parasite and Fungi","floor":28,"turns":4},{"damage":16,"enemies":"Sentry and Sphere","floor":29,"turns":5},{"damage":14,"enemies":"Centurion and Healer","floor":30,"turns":6},{"damage":30,"enemies":"Snake Plant","floor":31,"turns":5},{"damage":68,"enemies":"Champ","floor":33,"turns":12}],"seed_played":"4314921154215136932","potions_obtained":[{"floor":5,"key":"Block Potion"},{"floor":6,"key":"BloodPotion"},{"floor":18,"key":"Strength Potion"}],"is_trial":false,"path_per_floor":["M","?","?","?","M","E","M","R","T","?","R","$","R","M","R","B",null,"M","?","$","M","$","R","E","R","T","R","M","M","M","M","R","B"],"character_chosen":"IRONCLAD","items_purchased":["Metallicize","HornCleat","Incense Burner","PreservedInsect"],"campfire_rested":3,"item_purchase_floors":[12,12,12,22],"current_hp_per_floor":[74,63,63,55,51,35,33,33,33,33,57,57,57,62,62,36,69,69,69,69,58,58,58,28,52,52,52,55,47,41,19,43,0,0],"gold":143,"neow_bonus":"RANDOM_COLORLESS_2","is_daily":false,"chose_seed":false,"campfire_upgraded":5,"win_rate":0.0,"timestamp":1612326071,"path_taken":["M","?","?","?","?","E","M","R","T","?","R","$","R","M","R","BOSS","M","?","$","M","$","R","E","R","T","R","M","M","M","M","R","BOSS"],"items_purchased_type":["Card","Relic","Relic","Relic"],"build_version":"2020-12-22","purchased_purges":0,"victory":false,"max_hp_per_floor":[80,80,80,80,80,80,80,80,80,80,80,80,80,80,80,80,80,80,80,80,80,80,80,80,80,80,80,80,80,80,80,80,80,80],"card_choices":[{"not_picked":["Metamorphosis","Transmutation"],"picked":"Apotheosis","floor":0},{"not_picked":["Cleave","Sword Boomerang"],"picked":"Intimidate","floor":1},{"not_picked":["Anger","Clothesline"],"picked":"Uppercut","floor":5},{"not_picked":["Perfected Strike","Hemokinesis"],"picked":"Flex","floor":6},{"not_picked":["Pommel Strike","Infernal Blade","Entrench"],"picked":"SKIP","floor":7},{"not_picked":["True Grit","Power Through"],"picked":"Carnage","floor":14},{"not_picked":["Double Tap","Offering"],"picked":"Limit Break","floor":16},{"not_picked":[],"picked":"Inflame","floor":18},{"not_picked":[],"picked":"Intimidate","floor":21},{"not_picked":["Pommel Strike+1"],"picked":"SKIP","floor":24},{"not_picked":["Seeing Red"],"picked":"SKIP","floor":28},{"not_picked":[],"picked":"Iron Wave","floor":29},{"not_picked":["Rupture"],"picked":"SKIP","floor":30},{"not_picked":[],"picked":"Shrug It Off","floor":31}],"player_experience":739779,"relics_obtained":[{"floor":6,"key":"The Courier"},{"floor":9,"key":"Whetstone"},{"floor":24,"key":"Letter Opener"},{"floor":26,"key":"Blood Vial"}],"event_choices":[{"damage_healed":0,"gold_gain":75,"player_choice":"Gather Gold","damage_taken":11,"max_hp_gain":0,"max_hp_loss":0,"event_name":"World of Goop","floor":2,"gold_loss":0},{"damage_healed":0,"gold_gain":175,"player_choice":"AGREE","damage_taken":0,"max_hp_gain":0,"max_hp_loss":0,"event_name":"Liars Game","floor":3,"gold_loss":0,"cards_obtained":["Doubt"]},{"damage_healed":0,"gold_gain":75,"player_choice":"Touch","damage_taken":8,"max_hp_gain":0,"max_hp_loss":0,"event_name":"FaceTrader","floor":4,"gold_loss":0},{"damage_healed":0,"gold_gain":0,"player_choice":"Upgraded","damage_taken":0,"max_hp_gain":0,"max_hp_loss":0,"event_name":"Upgrade Shrine","floor":10,"gold_loss":0,"cards_upgraded":["Intimidate"]},{"damage_healed":0,"gold_gain":100,"player_choice":"Bet on Murderer","damage_taken":0,"max_hp_gain":0,"max_hp_loss":0,"event_name":"The Joust","floor":19,"gold_loss":50}],"is_beta":false,"boss_relics":[{"not_picked":["Pandora\u0027s Box","Astrolabe"],"picked":"Busted Crown"}],"items_purged_floors":[],"is_endless":false,"potions_floor_spawned":[5,6,18,21,29],"killed_by":"Champ","ascension_level":13}}