{"host":"2qyxu97h6u4ukicb","time":1612310781,"event":{"mods":["AchievementEnabler","BaseMod","BetterRewards","Colored Map","Colored Powertips","Minty Spire (QoL Compilation)","Replay The Spire","Shop Mod","StSLib"],"gold_per_floor":[114,114,114,127,127,127,141,141,141,155,155,155,187,200,200,298,298,317,334,334,108,207,207,221,221,221,235,235,235,235,235,235,331,331,348,366,366,366],"floor_reached":37,"language":"ENG","playtime":2007,"items_purged":["Pain"],"score":517,"play_id":"1692b3db-0fe8-41c9-87ff-5ddc62a23397","local_time":"20210202180621","is_ascension_mode":false,"campfire_choices":[{"data":"Tantrum","floor":11,"key":"SMITH"},{"floor":15,"key":"REST"},{"data":"Vigilance","floor":23,"key":"SMITH"},{"floor":25,"key":"REST"},{"floor":29,"key":"REST"},{"floor":32,"key":"REST"}],"circlet_count":0,"master_deck":["Strike_P","Strike_P","Strike_P","Strike_P","Defend_P","Defend_P","Defend_P","Eruption+1","Vigilance+1","SashWhip","Tantrum+1","Indignation","Tantrum+1","FollowUp+1","Conclude+1","Alpha"],"relics":["PureWater","Molten Egg 2","Thread and Needle","SacredBark","ReplayTheSpireMod:CursedCoin","Simple Rune","Empty Cage"],"acts_visited":["Exordium","TheCity","TheBeyond"],"potions_floor_usage":[13,16,16,16,24,27,33,33,35],"damage_taken":[{"damage":11,"enemies":"Small Slimes","floor":1,"turns":3},{"damage":0,"enemies":"Cultist","floor":4,"turns":2},{"damage":2,"enemies":"2 Louse","floor":7,"turns":3},{"damage":9,"enemies":"Blue Slaver","floor":10,"turns":5},{"damage":22,"enemies":"Lagavulin","floor":13,"turns":3},{"damage":0,"enemies":"2 Fungi Beasts","floor":14,"turns":3},{"damage":29,"enemies":"Fading Forest","floor":16,"turns":11},{"damage":25,"enemies":"2 Thieves","floor":18,"turns":3},{"damage":2,"enemies":"3 Byrds","floor":19,"turns":4},{"damage":40,"enemies":"Centurion and Healer","floor":24,"turns":5},{"damage":26,"enemies":"Snake Plant","floor":27,"turns":3},{"damage":60,"enemies":"Pondfish","floor":33,"turns":8},{"damage":10,"enemies":"3 Darklings","floor":35,"turns":2},{"damage":0,"enemies":"Orb Walker","floor":36,"turns":3},{"damage":74,"enemies":"2 Orb Walkers","floor":37,"turns":3}],"seed_played":"-4228619982845312229","potions_obtained":[{"floor":2,"key":"LiquidBronze"},{"floor":2,"key":"GamblersBrew"},{"floor":2,"key":"Toxic Potion"},{"floor":7,"key":"Ancient Potion"},{"floor":14,"key":"SpeedPotion"},{"floor":24,"key":"DuplicationPotion"},{"floor":27,"key":"Swift Potion"}],"is_trial":false,"path_per_floor":["M","?","$","M","$","?","M","$","T","M","R","?","E","M","R","B",null,"M","M","?","$","?","R","M","R","T","M","$","R","?","$","R","B",null,"M","M","?"],"character_chosen":"WATCHER","items_purchased":["ReplayTheSpireMod:CursedCoin","Simple Rune","PowerPotion","BlessingOfTheForge","PowerPotion"],"campfire_rested":4,"item_purchase_floors":[21,21,21,21,21],"current_hp_per_floor":[61,61,61,61,61,61,59,59,59,50,50,36,14,14,35,16,72,47,45,69,69,69,69,29,50,50,24,24,45,45,45,66,6,72,62,62,0,0],"gold":366,"neow_bonus":"ONE_RANDOM_RARE_CARD","is_daily":false,"chose_seed":false,"campfire_upgraded":2,"win_rate":0.0,"timestamp":1612310781,"path_taken":["M","?","?","M","$","?","M","?","T","M","R","?","E","?","R","BOSS","M","M","?","$","?","R","M","R","T","M","$","R","?","$","R","BOSS","M","M","?"],"items_purchased_type":["Relic","Relic","Potion","Potion","Potion"],"build_version":"2020-12-22","purchased_purges":1,"victory":false,"max_hp_per_floor":[72,72,72,72,72,72,72,72,72,72,72,72,72,72,72,72,72,72,72,72,72,72,72,72,72,72,72,72,72,72,72,72,72,72,72,72,72,72],"card_choices":[{"not_picked":["Crescendo","ClearTheMind"],"picked":"SashWhip","floor":1},{"not_picked":["Perseverance","Evaluate"],"picked":"Tantrum","floor":4},{"not_picked":["Fasting2","Wallop"],"picked":"Indignation","floor":7},{"not_picked":["Replay:ManipulateFuture","BowlingBash+1"],"picked":"Tantrum+1","floor":10},{"not_picked":["BattleHymn","Replay:ManipulateFuture"],"picked":"FollowUp+1","floor":13},{"not_picked":["PathToVictory","Replay:BluntJabs+1"],"picked":"Conclude+1","floor":14},{"not_picked":["Adaptation","FlurryOfBlows+1","Crescendo"],"picked":"SKIP","floor":18},{"not_picked":["Crescendo","Pray","EmptyBody"],"picked":"SKIP","floor":19},{"not_picked":["Replay:Hum+1","Adaptation+1","SandsOfTime+1"],"picked":"SKIP","floor":24},{"not_picked":["Replay:AtTheReady","Omniscience","Replay:ManipulateFuture+1"],"picked":"SKIP","floor":27},{"not_picked":["Replay:AtTheReady+1","PathToVictory","Replay:BluntJabs+1"],"picked":"SKIP","floor":35},{"not_picked":["Replay:Anticipation+1","JustLucky+1"],"picked":"Alpha","floor":36}],"player_experience":771500,"relics_obtained":[{"floor":9,"key":"Molten Egg 2"},{"floor":13,"key":"Thread and Needle"}],"event_choices":[{"damage_healed":0,"gold_gain":0,"player_choice":"Got Potions","damage_taken":0,"max_hp_gain":0,"max_hp_loss":0,"event_name":"Lab","floor":2,"gold_loss":0},{"damage_healed":0,"gold_gain":0,"player_choice":"Ignored","damage_taken":0,"max_hp_gain":0,"max_hp_loss":0,"event_name":"Golden Wing","floor":6,"gold_loss":0},{"damage_healed":0,"gold_gain":0,"player_choice":"Entered Light","damage_taken":14,"max_hp_gain":0,"max_hp_loss":0,"event_name":"Shining Light","floor":12,"gold_loss":0,"cards_upgraded":["Strike_P","Eruption"]},{"damage_healed":24,"gold_gain":0,"player_choice":"Heal","damage_taken":0,"max_hp_gain":0,"max_hp_loss":0,"event_name":"The Library","floor":20,"gold_loss":0},{"damage_healed":0,"gold_gain":99,"player_choice":"Stole From Cult","damage_taken":0,"max_hp_gain":0,"max_hp_loss":0,"event_name":"Nest","floor":22,"gold_loss":0},{"damage_healed":0,"gold_gain":0,"player_choice":"Ignored","damage_taken":0,"max_hp_gain":0,"max_hp_loss":0,"event_name":"Vampires","floor":30,"gold_loss":0},{"damage_healed":0,"gold_gain":0,"player_choice":"Fight","damage_taken":0,"max_hp_gain":0,"max_hp_loss":0,"event_name":"Mysterious Sphere","floor":37,"gold_loss":0}],"is_beta":false,"boss_relics":[{"not_picked":["Coffee Dripper","Replay:Bronze Core"],"picked":"SacredBark"},{"not_picked":["Painkiller Herb","ReplayTheSpireMod:DimensionalGlitch"],"picked":"Empty Cage"}],"items_purged_floors":[21],"is_endless":false,"potions_floor_spawned":[4,7,10,14,24,27],"killed_by":"2 Orb Walkers","ascension_level":0}}