{"host":"04hh9gplt9wkfmr1","time":1612366261,"event":{"mods":["AchievementEnabler","BaseMod","Colored Map","KOR Keyword Fix","Minty Spire (QoL Compilation)","Rare Cards Sparkle","SuperFastMode"],"gold_per_floor":[111,129,149,149,162,162,192,192,247,267,267,300,310,327,327,327,327],"floor_reached":16,"language":"KOR","playtime":510,"items_purged":[],"score":194,"play_id":"6c45f0f9-1fa4-4e20-8d88-da92b1ee3828","local_time":"20210204003101","is_ascension_mode":true,"campfire_choices":[{"data":"Blade Dance","floor":6.0,"key":"SMITH"},{"floor":8.0,"key":"REST"},{"data":"Infinite Blades","floor":11.0,"key":"SMITH"},{"floor":15,"key":"REST"}],"circlet_count":0,"master_deck":["AscendersBane","Strike_G","Strike_G","Strike_G","Strike_G","Strike_G","Defend_G+1","Defend_G","Defend_G","Defend_G+1","Defend_G","Survivor","Neutralize","Infinite Blades+1","Blade Dance+1","Burst","PiercingWail","Well Laid Plans"],"relics":["Ring of the Snake","HornCleat","Happy Flower","War Paint","Pen Nib"],"acts_visited":["Exordium"],"potions_floor_usage":[12,16],"damage_taken":[{"damage":0.0,"enemies":"Cultist","floor":1.0,"turns":4.0},{"damage":2.0,"enemies":"2 Louse","floor":2.0,"turns":3.0},{"damage":0.0,"enemies":"Small Slimes","floor":3.0,"turns":4.0},{"damage":8.0,"enemies":"3 Louse","floor":5.0,"turns":4.0},{"damage":29.0,"enemies":"3 Sentries","floor":7.0,"turns":12.0},{"damage":5.0,"enemies":"Gremlin Gang","floor":10.0,"turns":6.0},{"damage":15,"enemies":"Gremlin Nob","floor":12,"turns":5},{"damage":1,"enemies":"Exordium Wildlife","floor":13,"turns":3},{"damage":1,"enemies":"2 Fungi Beasts","floor":14,"turns":3},{"damage":9,"enemies":"Hexaghost","floor":16,"turns":9}],"seed_played":"8705092853003453345","potions_obtained":[{"floor":1.0,"key":"Weak Potion"},{"floor":2.0,"key":"SpeedPotion"},{"floor":3.0,"key":"Energy Potion"},{"floor":13,"key":"Dexterity Potion"},{"floor":14,"key":"Poison Potion"}],"is_trial":false,"path_per_floor":["M","M","M","?","M","R","E","R","T","M","R","E","M","M","R","B"],"character_chosen":"THE_SILENT","items_purchased":[],"campfire_rested":2,"item_purchase_floors":[],"current_hp_per_floor":[65,63,63,56,48,48,19,40,40,35,35,20,19,18,39,30,30],"gold":327,"neow_bonus":"TEN_PERCENT_HP_BONUS","is_daily":false,"chose_seed":false,"campfire_upgraded":2,"win_rate":0.0,"timestamp":1612366261,"path_taken":["M","M","M","?","M","R","E","R","T","M","R","E","M","M","R","BOSS"],"items_purchased_type":[],"build_version":"2020-12-22","purchased_purges":0,"victory":false,"max_hp_per_floor":[72,72,72,72,72,72,72,72,72,72,72,72,72,72,72,72,72],"card_choices":[{"not_picked":["Underhanded Strike","Distraction"],"picked":"Infinite Blades","floor":1.0},{"not_picked":["Dash","Choke"],"picked":"Blade Dance","floor":2.0},{"not_picked":["Dagger Throw","Catalyst","Prepared"],"picked":"SKIP","floor":3.0},{"not_picked":["Outmaneuver","Deadly Poison","Acrobatics"],"picked":"SKIP","floor":5.0},{"not_picked":["Dagger Throw","All Out Attack"],"picked":"Burst","floor":7.0},{"not_picked":["Underhanded Strike","Bane"],"picked":"PiercingWail","floor":10.0},{"not_picked":["Eviscerate","Flechettes","Dodge and Roll"],"picked":"SKIP","floor":12},{"not_picked":["Masterful Stab","Leg Sweep","Quick Slash"],"picked":"SKIP","floor":13},{"not_picked":["Caltrops","Dagger Throw"],"picked":"Well Laid Plans","floor":14}],"player_experience":124927,"relics_obtained":[{"floor":7.0,"key":"Happy Flower"},{"floor":9.0,"key":"War Paint"},{"floor":12,"key":"Pen Nib"}],"event_choices":[{"damage_healed":0.0,"max_hp_gain":0.0,"max_hp_loss":0.0,"gold_gain":0.0,"event_name":"Scrap Ooze","player_choice":"Success","floor":4.0,"gold_loss":0.0,"damage_taken":7.0,"relics_obtained":["HornCleat"]}],"is_beta":false,"boss_relics":[],"items_purged_floors":[],"is_endless":false,"potions_floor_spawned":[1,2,3,13,14],"killed_by":"Hexaghost","ascension_level":14}}