{"host":"c6u7e77myxvw4d0m","time":1612334080,"event":{"mods":["AchievementEnabler","BaseMod","Bestiary","Colored Map","Colored Powertips","Minty Spire (QoL Compilation)","Rare Cards Sparkle","Relic Stats","everything is the same but u backflip on backflip"],"gold_per_floor":[110,110,128,146,122,122,152,175,175,190,201,236,236,256,256,333,333,352,83,83,33,33,61,61,93,93,112,112,112],"floor_reached":28,"language":"ENG","playtime":4074,"items_purged":["Strike_G","Strike_G"],"score":536,"play_id":"ce3c8a21-d362-477e-b1f3-46392fbfe55d","local_time":"20210203083440","is_ascension_mode":true,"campfire_choices":[{"data":"Predator","floor":6.0,"key":"SMITH"},{"data":"Noxious Fumes","floor":13.0,"key":"SMITH"},{"data":"Bouncing Flask","floor":15.0,"key":"SMITH"},{"floor":24,"key":"REST"}],"circlet_count":0,"master_deck":["AscendersBane","Strike_G","Strike_G","Strike_G","Defend_G","Defend_G","Defend_G","Defend_G","Defend_G","Survivor","Neutralize+1","Poisoned Stab","Predator+1","Blade Dance","Blade Dance","Well Laid Plans","Bouncing Flask+1","Deflect","Noxious Fumes+1","PiercingWail","Adrenaline","Noxious Fumes","Caltrops","Cloak And Dagger","Acrobatics","Cloak And Dagger","Cloak And Dagger","Blur"],"relics":["Ring of the Snake","Oddly Smooth Stone","Smiling Mask","Peace Pipe","MealTicket","SlaversCollar","Regal Pillow","Frozen Egg 2","HornCleat"],"acts_visited":["Exordium","TheCity"],"potions_floor_usage":[23,28,28],"damage_taken":[{"damage":0.0,"enemies":"2 Louse","floor":1.0,"turns":5.0},{"damage":0.0,"enemies":"Cultist","floor":3.0,"turns":4.0},{"damage":0.0,"enemies":"Small Slimes","floor":4.0,"turns":3.0},{"damage":1.0,"enemies":"Exordium Thugs","floor":5.0,"turns":4.0},{"damage":9.0,"enemies":"3 Sentries","floor":7.0,"turns":6.0},{"damage":0.0,"enemies":"Red Slaver","floor":10.0,"turns":3.0},{"damage":0.0,"enemies":"3 Louse","floor":11.0,"turns":4.0},{"damage":26.0,"enemies":"Lagavulin","floor":12.0,"turns":7.0},{"damage":6.0,"enemies":"Lots of Slimes","floor":14.0,"turns":6.0},{"damage":2.0,"enemies":"Hexaghost","floor":16.0,"turns":6.0},{"damage":12,"enemies":"Shell Parasite","floor":18,"turns":7},{"damage":42,"enemies":"Slavers","floor":23,"turns":6},{"damage":39,"enemies":"Gremlin Leader","floor":25,"turns":7},{"damage":0,"enemies":"Spheric Guardian","floor":27,"turns":3},{"damage":9,"enemies":"Snecko","floor":28,"turns":6}],"seed_played":"3563894095442675710","potions_obtained":[{"floor":3.0,"key":"DuplicationPotion"},{"floor":4.0,"key":"Swift Potion"},{"floor":5.0,"key":"CultistPotion"},{"floor":14.0,"key":"LiquidBronze"},{"floor":25,"key":"SneckoOil"},{"floor":27,"key":"SpeedPotion"}],"is_trial":false,"path_per_floor":["M","?","M","M","M","R","E","T","T","M","M","E","R","M","R","B",null,"M","$","?","$","?","E","R","E","T","M","M"],"character_chosen":"THE_SILENT","items_purchased":["Caltrops","Cloak And Dagger","Acrobatics","Dexterity Potion"],"campfire_rested":1,"item_purchase_floors":[19,19,19,19],"current_hp_per_floor":[65,65,65,65,64,64,55,55,55,55,55,29,29,23,23,21,59,47,62,42,57,46,4,42,3,3,3,0,0],"gold":112,"neow_bonus":"TEN_PERCENT_HP_BONUS","is_daily":false,"chose_seed":false,"campfire_upgraded":3,"win_rate":0.0,"timestamp":1612334080,"path_taken":["M","?","M","M","?","R","E","?","T","M","M","E","R","?","R","BOSS","M","$","?","$","?","E","R","E","T","M","?"],"items_purchased_type":["Card","Card","Card","Potion"],"build_version":"2020-12-22","purchased_purges":2,"victory":false,"max_hp_per_floor":[72,72,72,72,72,72,72,72,72,72,72,72,72,72,72,72,72,72,72,77,77,77,77,77,77,77,77,77,77],"relic_stats":{"Peace Pipe":0,"Regal Pillow":15,"counters":[15,77],"MealTicket":30,"Smiling Mask":75,"obtain_stats":[{"Peace Pipe":9,"SlaversCollar":17,"Regal Pillow":23,"HornCleat":26,"Oddly Smooth Stone":7,"MealTicket":12,"Frozen Egg 2":25,"Smiling Mask":8,"Ring of the Snake":0},{"Peace Pipe":5,"SlaversCollar":10,"Regal Pillow":12,"HornCleat":13,"Oddly Smooth Stone":5,"MealTicket":8,"Frozen Egg 2":13,"Smiling Mask":5,"Ring of the Snake":0},{"Peace Pipe":22,"SlaversCollar":48,"Regal Pillow":61,"HornCleat":68,"Oddly Smooth Stone":22,"MealTicket":36,"Frozen Egg 2":68,"Smiling Mask":22,"Ring of the Snake":0}],"Ring of the Snake":[30]},"card_choices":[{"not_picked":["Bane","Sucker Punch"],"picked":"Poisoned Stab","floor":1.0},{"not_picked":["Prepared","Endless Agony"],"picked":"Predator","floor":3.0},{"not_picked":["Dagger Throw","Burst"],"picked":"Blade Dance","floor":4.0},{"not_picked":["Predator","Poisoned Stab"],"picked":"Blade Dance","floor":5.0},{"not_picked":["Expertise","Backflip"],"picked":"Well Laid Plans","floor":7.0},{"not_picked":["Tactician","Underhanded Strike"],"picked":"Bouncing Flask","floor":10.0},{"not_picked":["Cloak And Dagger","Backflip"],"picked":"Deflect","floor":11.0},{"not_picked":["Tools of the Trade","PiercingWail"],"picked":"Noxious Fumes","floor":12.0},{"not_picked":["Riddle With Holes","Tactician"],"picked":"PiercingWail","floor":14.0},{"not_picked":["Phantasmal Killer","A Thousand Cuts"],"picked":"Adrenaline","floor":16.0},{"not_picked":["Poisoned Stab","Eviscerate+1"],"picked":"Noxious Fumes","floor":18},{"not_picked":["Dash","Deflect"],"picked":"Cloak And Dagger","floor":23},{"not_picked":["Endless Agony","Sucker Punch"],"picked":"Cloak And Dagger","floor":25},{"not_picked":["Bouncing Flask","Caltrops+1"],"picked":"Blur","floor":27}],"player_experience":625124,"relics_obtained":[{"floor":7.0,"key":"Oddly Smooth Stone"},{"floor":8.0,"key":"Smiling Mask"},{"floor":9.0,"key":"Peace Pipe"},{"floor":12.0,"key":"MealTicket"},{"floor":23,"key":"Regal Pillow"},{"floor":25,"key":"Frozen Egg 2"},{"floor":26,"key":"HornCleat"}],"event_choices":[{"damage_healed":0.0,"max_hp_gain":0.0,"max_hp_loss":0.0,"gold_gain":0.0,"event_name":"Upgrade Shrine","player_choice":"Upgraded","floor":2.0,"gold_loss":0.0,"damage_taken":0.0,"cards_upgraded":["Neutralize"]},{"damage_healed":0,"gold_gain":0,"player_choice":"Shed Blood","damage_taken":25,"max_hp_gain":5,"max_hp_loss":0,"event_name":"Forgotten Altar","floor":20,"gold_loss":0},{"damage_healed":0,"gold_gain":0,"player_choice":"Damaged","damage_taken":11,"max_hp_gain":0,"max_hp_loss":0,"event_name":"Wheel of Change","floor":22,"gold_loss":0}],"is_beta":false,"boss_relics":[{"not_picked":["Sozu","Ectoplasm"],"picked":"SlaversCollar"}],"items_purged_floors":[19,21],"is_endless":false,"potions_floor_spawned":[3,4,5,14,25,27],"killed_by":"Snecko","ascension_level":20}}