{"host":"o26sfx8ce29lcfco","time":1612319403,"event":{"mods":["2.2 Compatiblity","Bard","BaseMod","Colored Map","Dark Map","Downfall","GifTheSpireLib","Hermit","Hubris","Jorbs\u0027s Wanderer Trilogy","Marisa????????","Minty Spire (QoL Compilation)","Permanent Neow","Quick Restart","Random Character Mod","Rare Cards Sparkle","Replay The Spire","Shop Mod","StSLib","The Bug Knight","The Disciple","The Jungle","The Poker Player","The Runesmith","The Servant 0.9.4"],"gold_per_floor":[118,293,16,16,27,56,56,84,110,110,120,120,120,120,120,222,222,236,151,151,151,151,184,184,210,210,225,244,244,244,264,264,362,362,377,377,392,403,419,419,419,419,419,438,438,438,438,456,470,481,481,481],"floor_reached":53,"language":"ENG","playtime":7681,"items_purged":["Doubt"],"score":803,"play_id":"0fff4552-1a7f-4312-9237-d223fb161db3","local_time":"20210203023003","is_ascension_mode":true,"campfire_choices":[{"data":"champ:GladiatorForm","floor":10,"key":"SMITH"},{"data":"Rupture","floor":13,"key":"SMITH"},{"data":"champ:Execute","floor":15,"key":"SMITH"},{"data":"champ:Taunt","floor":24,"key":"SMITH"},{"data":"champ:StanceDance","floor":29,"key":"SMITH"},{"data":"champ:LastStand","floor":32,"key":"SMITH"},{"floor":40,"key":"RECALL"},{"data":"Deep Breath","floor":43,"key":"SMITH"},{"data":"champ:BerserkersShout","floor":46,"key":"SMITH"},{"data":"champ:MurderStrike","floor":51,"key":"SMITH"}],"circlet_count":0,"master_deck":["champ:Strike","champ:Strike","champ:Strike","champ:Defend","champ:Defend","champ:Defend","champ:Defend","champ:Execute+1","champ:Taunt+1","champ:GladiatorForm+1","champ:StanceDance+1","champ:StanceDance+1","Rupture+1","champ:LastStand+1","champ:DefensiveStyle+1","champ:PreemptiveStrike+1","champ:PreemptiveStrike+1","champ:SwordSigil+1","champ:RageSigil","Pain","champ:Endure+1","champ:ShieldSlam+1","champ:MurderStrike+1","champ:BerserkersShout+1","Deep Breath+1","champ:Backstep+1"],"relics":["Replay:Wax Seal","ClockworkSouvenir","m_IronCrown","Counterbalance","Blue Candle","Lizard Tail","Bag of Preparation","hubris:Towel","Replay:Grab Bag","Cursed Key","ReplayTheSpireMod:Onyx Gauntlets","Astrolabe","Replay:WaspNest","MutagenicStrength","champ:DefensiveTrainingManual","Garlic","Blue Doll","Question Card","Busted Crown","hubris:Icosahedron"],"acts_visited":["Exordium","TheCity","TheBeyond"],"potions_floor_usage":[6,52,52,52],"damage_taken":[{"damage":14,"enemies":"2 Louse","floor":1,"turns":4},{"damage":31,"enemies":"Small Slimes","floor":5,"turns":5},{"damage":60,"enemies":"3 Sentries","floor":6,"turns":8},{"damage":56,"enemies":"Lagavulin","floor":8,"turns":10},{"damage":10,"enemies":"Jaw Worm","floor":11,"turns":4},{"damage":66,"enemies":"The Guardian","floor":16,"turns":9},{"damage":75,"enemies":"3 Byrds","floor":18,"turns":7},{"damage":44,"enemies":"Slavers","floor":23,"turns":2},{"damage":52,"enemies":"Book of Stabbing","floor":25,"turns":4},{"damage":11,"enemies":"Chosen","floor":27,"turns":4},{"damage":8,"enemies":"Snake Plant","floor":28,"turns":2},{"damage":49,"enemies":"Centurion and Healer","floor":31,"turns":4},{"damage":72,"enemies":"Pondfish","floor":33,"turns":3},{"damage":0,"enemies":"Orb Walker","floor":35,"turns":2},{"damage":0,"enemies":"3 Darklings","floor":37,"turns":1},{"damage":62,"enemies":"Writhing Mass","floor":38,"turns":3},{"damage":113,"enemies":"Transient","floor":39,"turns":4},{"damage":87,"enemies":"Maw","floor":44,"turns":4},{"damage":66,"enemies":"Writhing Mass","floor":48,"turns":3},{"damage":48,"enemies":"Sphere and 2 Shapes","floor":49,"turns":2},{"damage":81,"enemies":"Maw","floor":50,"turns":2},{"damage":110,"enemies":"Donu and Deca","floor":52,"turns":4}],"seed_played":"2170743753904411076","potions_obtained":[{"floor":5,"key":"hexamod:SoulburnPotion"},{"floor":16,"key":"sneckomod:MuddlingPotion"},{"floor":18,"key":"EssenceOfSteel"},{"floor":25,"key":"champ:CounterPotion"},{"floor":44,"key":"SteroidPotion"}],"is_trial":false,"path_per_floor":["M","?","$","?","M","E","?","E","T","R","M","?","R","?","R","B",null,"M","?","?","?","?","E","R","E","T","M","M","R","?","M","R","B",null,"M","?","M","M","M","R","PTL","PTL","R","M","T","R","?","M","M","M","R","B",null],"character_chosen":"THE_CHAMP","items_purchased":["Replay:Wax Seal","ClockworkSouvenir"],"campfire_rested":0,"item_purchase_floors":[3,3],"current_hp_per_floor":[86,86,86,86,76,42,37,26,26,26,32,32,32,42,42,28,100,86,86,86,86,86,88,88,92,92,97,95,95,95,97,97,91,100,100,100,100,99,97,97,97,97,97,96,96,96,96,86,89,94,94,90],"gold":481,"neow_bonus":"THREE_RARE_CARDS","is_daily":false,"chose_seed":false,"campfire_upgraded":9,"win_rate":0.0,"timestamp":1612319403,"path_taken":["M","?","$","?","M","E","?","E","T","R","M","?","R","?","R","BOSS","M","?","?","?","?","E","R","E","T","M","M","R","?","M","R","BOSS","M","?","M","M","M","R","PTL","PTL","R","M","T","R","?","M","M","M","R","BOSS"],"items_purchased_type":["Relic","Relic"],"build_version":"2020-12-22","purchased_purges":1,"victory":true,"max_hp_per_floor":[90,90,90,90,90,90,90,90,90,90,90,90,90,100,100,100,100,100,100,100,100,100,100,100,100,100,100,100,100,100,100,100,100,100,100,100,100,100,100,100,100,100,100,100,100,100,100,100,100,100,100,100],"card_choices":[{"not_picked":["champ:HoldFirm","champ:LastStand"],"picked":"champ:GladiatorForm","floor":0},{"not_picked":["champ:ShieldSigil","champ:FalseCounter"],"picked":"champ:StanceDance","floor":1},{"not_picked":["ReplayTheSpireMod:LeadingStrike","champ:GladiatorStyle"],"picked":"champ:StanceDance","floor":5},{"not_picked":["champ:TornadoPunch","champ:DeathBlow","champ:BerserkerStyle"],"picked":"SKIP","floor":6},{"not_picked":["champ:CrookedStrike","champ:ShieldSlam"],"picked":"Rupture","floor":8},{"not_picked":["champ:CrownThrow","champ:StanceDance","Bloodletting"],"picked":"SKIP","floor":11},{"not_picked":["Feed","champ:DancingMaster"],"picked":"champ:LastStand","floor":16},{"not_picked":["champ:GutPunch","champ:SkillfulDodge"],"picked":"champ:SwordSigil+1","floor":18},{"not_picked":["champ:Backstep","champ:Shatter+1","champ:TornadoPunch+1"],"picked":"SKIP","floor":23},{"not_picked":["champ:PerfectedStrike","champ:Duel+1"],"picked":"champ:RageSigil","floor":25},{"not_picked":["champ:EnragedBash","champ:Haymaker","champ:BringItOn"],"picked":"champ:Endure+1","floor":27},{"not_picked":["champ:BladeFlurry","champ:Backstep","champ:GladiatorForm"],"picked":"champ:ShieldSlam+1","floor":28},{"not_picked":["champ:BladeFlurry","champ:BringItOn+1","champ:ViciousMockery","champ:Lariat"],"picked":"SKIP","floor":31},{"not_picked":["champ:VampiricStrike","champ:StrikeOfGenius","champ:GladiatorForm"],"picked":"champ:MurderStrike","floor":33},{"not_picked":["champ:CrookedStrike+1"],"picked":"champ:BerserkersShout","floor":35},{"not_picked":["Replay:BasicMightCard"],"picked":"Deep Breath","floor":36},{"not_picked":["champ:FocusedDefense","champ:Improvising"],"picked":"SKIP","floor":37},{"not_picked":["champ:SkillfulDodge+1","champ:FlashCut+1"],"picked":"SKIP","floor":38},{"not_picked":["champ:CrookedStrike","champ:CrownThrow+1"],"picked":"SKIP","floor":39},{"not_picked":["champ:PreciseThrust+1","champ:DefensiveShout+1"],"picked":"SKIP","floor":44},{"not_picked":["champ:SkillfulDodge+1","champ:Duel"],"picked":"SKIP","floor":48},{"not_picked":["champ:Circumvent+1"],"picked":"champ:Backstep+1","floor":49},{"not_picked":["champ:Backstep","champ:Duel+1"],"picked":"SKIP","floor":50}],"player_experience":332207,"relics_obtained":[{"floor":6,"key":"Counterbalance"},{"floor":8,"key":"Lizard Tail"},{"floor":9,"key":"Bag of Preparation"},{"floor":23,"key":"Garlic"},{"floor":25,"key":"Blue Doll"},{"floor":26,"key":"Question Card"}],"event_choices":[{"damage_healed":0,"gold_gain":175,"player_choice":"AGREE","damage_taken":0,"max_hp_gain":0,"max_hp_loss":0,"event_name":"Liars Game","floor":2,"gold_loss":0,"cards_obtained":["Doubt"]},{"damage_healed":0,"gold_gain":0,"player_choice":"Obtained Relic","damage_taken":0,"relics_obtained":["Replay:WaspNest"],"max_hp_gain":0,"max_hp_loss":0,"event_name":"Addict","floor":19,"gold_loss":85},{"damage_healed":0,"gold_gain":0,"player_choice":"Inject Mutagens","damage_taken":0,"relics_obtained":["MutagenicStrength"],"max_hp_gain":0,"max_hp_loss":0,"event_name":"Drug Dealer","floor":20,"gold_loss":0},{"damage_healed":0,"gold_gain":0,"player_choice":"Memory 1","damage_taken":0,"max_hp_gain":0,"max_hp_loss":0,"event_name":"SensoryStone","floor":36,"gold_loss":0}],"is_beta":false,"boss_relics":[{"not_picked":["hubris:HollowSoul","Empty Cage"],"picked":"Replay:Grab Bag"},{"not_picked":["Fusion Hammer","hubris:CrackedHourglass"],"picked":"Cursed Key"},{"not_picked":["Painkiller Herb","hubris:VirtuousBlindfold"],"picked":"ReplayTheSpireMod:Onyx Gauntlets"},{"not_picked":["Runic Pyramid","hubris:ScarierMask"],"picked":"Astrolabe"},{"not_picked":["ChewingGum","Kintsugi"],"picked":"Busted Crown"}],"items_purged_floors":[3],"is_endless":false,"potions_floor_spawned":[5,16,18,25,27,28,33,44,48],"ascension_level":2}}