{"host":"njruw0b0uprlitpx","time":1612385375,"event":{"mods":["2.2 Compatiblity","Bartender","BaseMod","Better Altar","Better Match","Better Note","Better Sensory Stone","Better Skull","Better Third Choice","BetterRewards","Block Reminder","Colored Map","Colored Powertips","Ekko","Energized Spire","Jedi Mod","Keyboard Shortcuts","Minty Spire (QoL Compilation)","Quick Restart","Rare Cards Sparkle","Relic Stats","Replay The Spire","SacredBarkPlus","Spicy Shops","StSLib","SuperFastMode","The Blackbeard","The Construct","The Dragon Tamer","The Marked","The Mystic"],"gold_per_floor":[115,115,125,90,21,51,67,67,67,67,67,92,92,102,102,176,176,194,194,214,9,9,9,37,57,83,83,113,113,131,131,131,205,205,215,228,3,3,16,16,16,16,34,34,102,121,137,34,67,18,18,18],"floor_reached":53,"language":"ENG","playtime":4316,"items_purged":["Defend_P","Strike_P","Pride","Strike_P+1"],"score":1820,"play_id":"df612287-f7f3-4b59-9a1d-6ccace226e0c","local_time":"20210203144935","is_ascension_mode":true,"campfire_choices":[{"data":"ForeignInfluence","floor":11,"key":"SMITH"},{"data":"Eruption","floor":13,"key":"SMITH"},{"floor":15,"key":"REST"},{"data":"Vault","floor":23,"key":"SMITH"},{"data":"Thinking Ahead","floor":27,"key":"SMITH"},{"data":"BattleHymn","floor":29,"key":"SMITH"},{"data":"CrushJoints","floor":32,"key":"SMITH"},{"data":"TalkToTheHand","floor":40,"key":"SMITH"},{"floor":51,"key":"REST"}],"circlet_count":0,"master_deck":["AscendersBane","Eruption+1","Vigilance","DevaForm+1","Perseverance+1","FlyingSleeves","Thinking Ahead+1","Worship","Prostrate","FollowUp","TalkToTheHand+1","Brilliance","CutThroughFate+1","EmptyBody","ForeignInfluence+1","Steam","ClearTheMind","FollowUp+1","Vault+1","Conclude+1","CrushJoints+1","TalkToTheHand+1","CutThroughFate","WheelKick+1","BattleHymn+1","SandsOfTime","Ragnarok","Replay:ManipulateFuture","EmptyFist","Replay:BluntJabs","Wireheading","CutThroughFate","EmptyMind+1","SashWhip","ReplayUltimateDefense","WindmillStrike","Replay:LoomingThreat","ReplayTheSpireMod:Private Reserves"],"relics":["PureWater","Yang","Durian","Guide Book","Pear","Shuriken","WingedGreaves","Replay:Ringing Soul","Bronze Scales","Snecko Eye","Membership Card","GremlinMask","Replay:Mystery Machine","Bag of Marbles","Centennial Puzzle","Busted Crown","ReplayTheSpireMod:Ninjato","Whetstone","Onion Ring","Oddly Smooth Stone","Akabeko","jedi:ominousloannote","HandDrill"],"acts_visited":["Exordium","TheCity","TheBeyond"],"potions_floor_usage":[12,14,16,28,33,33,52],"damage_taken":[{"damage":11,"enemies":"Small Slimes","floor":1,"turns":3},{"damage":1,"enemies":"2 Louse","floor":3,"turns":3},{"damage":14,"enemies":"Gremlin Nob","floor":6,"turns":4},{"damage":0,"enemies":"Jaw Worm","floor":7,"turns":3},{"damage":0,"enemies":"3 Sentries","floor":12,"turns":4},{"damage":0,"enemies":"Gremlin Gang","floor":14,"turns":2},{"damage":32,"enemies":"Hexaghost","floor":16,"turns":6},{"damage":12,"enemies":"Shell Parasite","floor":18,"turns":2},{"damage":0,"enemies":"Spheric Guardian","floor":20,"turns":4},{"damage":0,"enemies":"Gremlin Leader","floor":24,"turns":5},{"damage":3,"enemies":"3 Cultists","floor":25,"turns":5},{"damage":0,"enemies":"Book of Stabbing","floor":28,"turns":4},{"damage":7,"enemies":"Centurion and Healer","floor":30,"turns":4},{"damage":8,"enemies":"Champ","floor":33,"turns":4},{"damage":13,"enemies":"Orb Walker","floor":35,"turns":3},{"damage":10,"enemies":"3 Darklings","floor":36,"turns":3},{"damage":2,"enemies":"Sphere and 2 Shapes","floor":39,"turns":2},{"damage":0,"enemies":"Jaw Worm Horde","floor":43,"turns":2},{"damage":0,"enemies":"Maw","floor":46,"turns":5},{"damage":2,"enemies":"3 Darklings","floor":47,"turns":4},{"damage":0,"enemies":"Giant Head","floor":49,"turns":3},{"damage":42,"enemies":"Donu and Deca","floor":52,"turns":4}],"seed_played":"-2623589974939050290","potions_obtained":[{"floor":6,"key":"FearPotion"},{"floor":7,"key":"Swift Potion"},{"floor":12,"key":"Explosive Potion"},{"floor":24,"key":"LiquidBronze"},{"floor":25,"key":"Strength Potion"},{"floor":28,"key":"Swift Potion"},{"floor":31,"key":"DistilledChaos"},{"floor":35,"key":"StancePotion"},{"floor":36,"key":"DistilledChaos"}],"is_trial":false,"path_per_floor":["M","?","M","?","$","E","M","?","T","?","R","E","R","M","R","B",null,"M","?","M","$","?","R","E","M","T","R","E","R","M","?","R","B",null,"M","M","$","?","M","R","PTL","PTL","M","?","T","M","M","$","E","$","R","B",null],"character_chosen":"WATCHER","items_purchased":["Yang","DevaForm","Perseverance","Guide Book","FlyingSleeves","BowlingBash","Pear","Thinking Ahead","Worship","Elixir","TalkToTheHand+1","Shuriken","Brilliance","Membership Card","TalkToTheHand","ReplayTheSpireMod:Ninjato","EmptyFist","Whetstone","Oddly Smooth Stone","SashWhip","jedi:ominousloannote","HandDrill","Adrenaline Potion","ReplayUltimateDefense","WindmillStrike","Replay:LoomingThreat","ReplayTheSpireMod:Private Reserves"],"campfire_rested":2,"item_purchase_floors":[0,0,0,0,0,0,0,0,0,0,5,5,5,21,21,37,37,37,48,48,50,50,50,50,50,50,50],"current_hp_per_floor":[65,58,57,77,77,63,63,38,38,41,41,44,44,47,74,45,83,74,74,77,80,80,80,83,83,83,83,86,86,82,82,82,77,109,96,89,92,92,90,90,90,90,93,96,96,99,100,103,103,106,143,101],"gold":18,"neow_bonus":"","is_daily":false,"chose_seed":false,"campfire_upgraded":7,"win_rate":0.0,"timestamp":1612385375,"path_taken":["M","?","M","?","?","E","?","?","T","?","R","E","R","M","R","BOSS","M","?","?","$","?","R","E","M","T","R","E","R","M","?","R","BOSS","M","M","$","?","M","R","PTL","PTL","M","?","T","M","?","?","E","$","R","BOSS"],"items_purchased_type":["Relic","Card","Card","Relic","Card","Card","Relic","Card","Card","Potion","Card","Relic","Card","Relic","Card","Relic","Card","Relic","Relic","Card","Relic","Relic","Potion","Card","Card","Card","Card"],"build_version":"2020-12-22","purchased_purges":4,"victory":true,"max_hp_per_floor":[83,83,83,83,83,83,83,83,83,86,86,89,89,92,92,95,95,98,98,101,104,104,104,107,110,110,110,113,113,116,116,116,119,119,119,122,125,125,125,125,125,125,128,131,131,134,137,140,140,143,143,143],"relic_stats":{"Centennial Puzzle":[21],"Busted Crown":14,"counters":[110,330],"Shuriken":[46],"Bronze Scales":[110],"Snecko Eye":[116,106,101,110],"Yang":[217],"HandDrill":[4],"Whetstone":["FollowUp","WheelKick"],"obtain_stats":[{"Golden Egg":0,"energizedSpire:CrystalSphere":34,"Ginger":0,"Whetstone":26,"Boot":4,"jedi:shrinkray":40,"Replay:Ringing Soul":14,"Replay:Bottled Flurry":24,"HandDrill":50,"Kunai":51,"Replay:Wax Seal":41,"Pear":0,"ReplayTheSpireMod:Ring of Addiction":45,"Pen Nib":25,"Akabeko":16,"SlaversCollar":17,"Snecko Eye":37,"Kintsugi":17,"Regal Pillow":22,"Lantern":28,"Torii":0,"StoneCalendar":10,"Painkiller Herb":34,"GremlinMask":22,"Bag of Preparation":13,"jedi:archwizardhat":11,"Cursed Key":0,"White_Cape":15,"Smiling Mask":33,"Ancient Tea Set":38,"Power_Wrist":12,"Pet Ghost":10,"Toolbox":43,"WingedGreaves":6,"energizedSpire:HugeHouse":34,"Chemical X":36,"InkBottle":10,"Potion Belt":45,"Golden Idol":13,"Damaru":41,"PreservedInsect":40,"Omamori":9,"Protect_Vest":22,"Frozen Egg 2":43,"MawBank":26,"Replay:Arrowhead":0,"Busted Crown":34,"Orrery":13,"Garlic":24,"Durian":0,"Bottled Lightning":45,"ReplayTheSpireMod:Lightbulb":43,"Toy Ornithopter":45,"Divine Protection":7,"CeramicFish":29,"Vajra":19,"Lizard Tail":26,"Centennial Puzzle":28,"DollysMirror":41,"jedi:paperlyon":34,"Strawberry":14,"Philosopher\u0027s Stone":19,"Toxic Egg 2":0,"ReplayTheSpireMod:CursedCoin":19,"Astrolabe":17,"Replay:Grab Bag":34,"Oddly Smooth Stone":41,"Ring of Chaos":45,"War Paint":7,"WarpedTongs":4,"Du-Vu Doll":0,"jedi:heavyjacket":43,"Replay:Baseball":9,"Bottled Flame":41,"Shuriken":0,"Bronze Scales":12,"Molten Egg 2":47,"Onion Ring":45,"ReplayTheSpireMod:TigerMarble":11,"Nloth\u0027s Gift":22,"Mirror":23,"ReplayTheSpireMod:DimensionalGlitch":34,"Darkstone Periapt":0,"Mango":0,"theForsaken:Lifeblossom":24,"Yang":0,"Juzu Bracelet":24,"Incense Burner":50,"Replay:Mystery Machine":30,"Replay:Bandana":28,"Nunchaku":26,"Chameleon Ring":23,"Mummified Hand":42,"theForsaken:Kindling":47,"Tiny Chest":1,"jedi:matchstick":36,"Red Mask":31,"Replay:Bottled Snecko":28,"BargainBundle":41,"ReplayTheSpireMod:Ninjato":46,"Replay:Towering Pillar of Hats":0,"Quantum Egg":48,"Guide Book":30,"jedi:ominousloannote":24,"Bag of Marbles":32,"Snack Pack":28,"Membership Card":28,"PureWater":22,"jedi:arcanewood":20},{"Golden Egg":68,"energizedSpire:CrystalSphere":81,"Ginger":43,"Whetstone":55,"Boot":2,"jedi:shrinkray":41,"Replay:Ringing Soul":5,"Replay:Bottled Flurry":10,"HandDrill":109,"Kunai":20,"Replay:Wax Seal":16,"Pear":88,"ReplayTheSpireMod:Ring of Addiction":16,"Pen Nib":10,"Akabeko":6,"SlaversCollar":75,"Snecko Eye":15,"Kintsugi":52,"Regal Pillow":9,"Lantern":56,"Torii":68,"StoneCalendar":72,"Painkiller Herb":81,"GremlinMask":97,"Bag of Preparation":4,"jedi:archwizardhat":4,"Cursed Key":0,"White_Cape":5,"Smiling Mask":14,"Ancient Tea Set":16,"Power_Wrist":73,"Pet Ghost":4,"Toolbox":16,"WingedGreaves":91,"energizedSpire:HugeHouse":38,"Chemical X":82,"InkBottle":27,"Potion Belt":16,"Golden Idol":73,"Damaru":16,"PreservedInsect":62,"Omamori":3,"Protect_Vest":77,"Frozen Egg 2":41,"MawBank":11,"Replay:Arrowhead":43,"Busted Crown":102,"Orrery":4,"Garlic":78,"Durian":88,"Bottled Lightning":42,"ReplayTheSpireMod:Lightbulb":83,"Toy Ornithopter":16,"Divine Protection":71,"CeramicFish":12,"Vajra":53,"Lizard Tail":34,"Centennial Puzzle":100,"DollysMirror":16,"jedi:paperlyon":81,"Strawberry":29,"Philosopher\u0027s Stone":7,"Toxic Egg 2":21,"ReplayTheSpireMod:CursedCoin":53,"Astrolabe":30,"Replay:Grab Bag":58,"Oddly Smooth Stone":16,"Ring of Chaos":16,"War Paint":26,"WarpedTongs":69,"Du-Vu Doll":0,"jedi:heavyjacket":16,"Replay:Baseball":26,"Bottled Flame":83,"Shuriken":43,"Bronze Scales":93,"Molten Egg 2":17,"Onion Ring":106,"ReplayTheSpireMod:TigerMarble":50,"Nloth\u0027s Gift":54,"Mirror":10,"ReplayTheSpireMod:DimensionalGlitch":58,"Darkstone Periapt":0,"Mango":43,"theForsaken:Lifeblossom":55,"Yang":88,"Juzu Bracelet":10,"Incense Burner":19,"Replay:Mystery Machine":36,"Replay:Bandana":12,"Nunchaku":78,"Chameleon Ring":34,"Mummified Hand":16,"theForsaken:Kindling":66,"Tiny Chest":1,"jedi:matchstick":60,"Red Mask":13,"Replay:Bottled Snecko":56,"BargainBundle":16,"ReplayTheSpireMod:Ninjato":16,"Replay:Towering Pillar of Hats":21,"Quantum Egg":18,"Guide Book":36,"jedi:ominousloannote":10,"Bag of Marbles":13,"Snack Pack":56,"Membership Card":56,"PureWater":54,"jedi:arcanewood":8},{"Golden Egg":198,"energizedSpire:CrystalSphere":234,"Ginger":112,"Whetstone":151,"Boot":4,"jedi:shrinkray":102,"Replay:Ringing Soul":11,"Replay:Bottled Flurry":22,"HandDrill":326,"Kunai":43,"Replay:Wax Seal":37,"Pear":251,"ReplayTheSpireMod:Ring of Addiction":37,"Pen Nib":22,"Akabeko":13,"SlaversCollar":218,"Snecko Eye":35,"Kintsugi":141,"Regal Pillow":20,"Lantern":155,"Torii":198,"StoneCalendar":209,"Painkiller Herb":234,"GremlinMask":282,"Bag of Preparation":9,"jedi:archwizardhat":9,"Cursed Key":0,"White_Cape":11,"Smiling Mask":30,"Ancient Tea Set":37,"Power_Wrist":213,"Pet Ghost":9,"Toolbox":37,"WingedGreaves":261,"energizedSpire:HugeHouse":92,"Chemical X":236,"InkBottle":58,"Potion Belt":37,"Golden Idol":213,"Damaru":37,"PreservedInsect":175,"Omamori":5,"Protect_Vest":222,"Frozen Egg 2":102,"MawBank":25,"Replay:Arrowhead":112,"Busted Crown":304,"Orrery":9,"Garlic":224,"Durian":251,"Bottled Lightning":105,"ReplayTheSpireMod:Lightbulb":237,"Toy Ornithopter":37,"Divine Protection":205,"CeramicFish":27,"Vajra":144,"Lizard Tail":77,"Centennial Puzzle":296,"DollysMirror":37,"jedi:paperlyon":234,"Strawberry":62,"Philosopher\u0027s Stone":18,"Toxic Egg 2":46,"ReplayTheSpireMod:CursedCoin":144,"Astrolabe":66,"Replay:Grab Bag":163,"Oddly Smooth Stone":37,"Ring of Chaos":37,"War Paint":56,"WarpedTongs":200,"Du-Vu Doll":0,"jedi:heavyjacket":37,"Replay:Baseball":56,"Bottled Flame":237,"Shuriken":112,"Bronze Scales":268,"Molten Egg 2":39,"Onion Ring":314,"ReplayTheSpireMod:TigerMarble":135,"Nloth\u0027s Gift":146,"Mirror":22,"ReplayTheSpireMod:DimensionalGlitch":163,"Darkstone Periapt":0,"Mango":112,"theForsaken:Lifeblossom":151,"Yang":251,"Juzu Bracelet":22,"Incense Burner":41,"Replay:Mystery Machine":83,"Replay:Bandana":27,"Nunchaku":224,"Chameleon Ring":77,"Mummified Hand":37,"theForsaken:Kindling":187,"Tiny Chest":2,"jedi:matchstick":168,"Red Mask":28,"Replay:Bottled Snecko":155,"BargainBundle":37,"ReplayTheSpireMod:Ninjato":37,"Replay:Towering Pillar of Hats":46,"Quantum Egg":40,"Guide Book":83,"jedi:ominousloannote":22,"Bag of Marbles":28,"Snack Pack":155,"Membership Card":155,"PureWater":146,"jedi:arcanewood":19}]},"card_choices":[{"not_picked":["Evaluate","Replay:Battleflow"],"picked":"Prostrate","floor":1},{"not_picked":["Replay:BluntJabs","EmptyMind"],"picked":"FollowUp","floor":3},{"not_picked":["Collect","SashWhip"],"picked":"CutThroughFate","floor":6},{"not_picked":["FlyingSleeves","Replay:BluntJabs"],"picked":"EmptyBody","floor":7},{"not_picked":["Nirvana","Worship"],"picked":"ClearTheMind","floor":12},{"not_picked":["ClearTheMind","JustLucky"],"picked":"FollowUp","floor":14},{"not_picked":["SpiritShield","jedi:nirvanicrebirth"],"picked":"Vault","floor":16},{"not_picked":["EmptyBody+1","Replay:AtTheReady+1"],"picked":"Conclude+1","floor":18},{"not_picked":["Replay:BluntJabs","Prostrate"],"picked":"CrushJoints","floor":20},{"not_picked":["Consecrate+1","FlyingSleeves"],"picked":"CutThroughFate","floor":24},{"not_picked":["FollowUp","Replay:ManipulateFuture"],"picked":"WheelKick","floor":25},{"not_picked":["Consecrate","Study"],"picked":"BattleHymn","floor":28},{"not_picked":["BowlingBash+1","FlyingSleeves"],"picked":"SandsOfTime","floor":30},{"not_picked":["LessonLearned","Brilliance"],"picked":"Ragnarok","floor":33},{"not_picked":["Replay:AtTheReady"],"picked":"SKIP","floor":35},{"not_picked":[],"picked":"Replay:ManipulateFuture","floor":36},{"not_picked":["BattleHymn"],"picked":"SKIP","floor":39},{"not_picked":[],"picked":"Replay:BluntJabs","floor":43},{"not_picked":[],"picked":"CutThroughFate","floor":46},{"not_picked":[],"picked":"EmptyMind+1","floor":47},{"not_picked":["Conclude"],"picked":"SKIP","floor":49}],"player_experience":1555737,"relics_obtained":[{"floor":6,"key":"WingedGreaves"},{"floor":9,"key":"Replay:Ringing Soul"},{"floor":12,"key":"Bronze Scales"},{"floor":24,"key":"Replay:Mystery Machine"},{"floor":26,"key":"Bag of Marbles"},{"floor":28,"key":"Centennial Puzzle"},{"floor":45,"key":"Onion Ring"},{"floor":49,"key":"Akabeko"}],"event_choices":[{"cards_removed":["Defend_P"],"damage_healed":0,"gold_gain":0,"player_choice":"Card Removal","damage_taken":7,"max_hp_gain":0,"max_hp_loss":0,"event_name":"Golden Wing","floor":2,"gold_loss":0},{"damage_healed":20,"gold_gain":0,"player_choice":"Healed","damage_taken":0,"max_hp_gain":0,"max_hp_loss":0,"event_name":"The Cleric","floor":4,"gold_loss":35},{"damage_healed":63,"gold_gain":0,"player_choice":"Upgrade","damage_taken":25,"max_hp_gain":0,"max_hp_loss":83,"event_name":"betterThird:BetterShining","floor":8,"gold_loss":0,"cards_upgraded":["CutThroughFate","Strike_P"]},{"cards_removed":["Strike_P"],"damage_healed":0,"gold_gain":0,"player_choice":"Offered Basic","damage_taken":0,"max_hp_gain":0,"max_hp_loss":0,"event_name":"Bonfire Elementals","floor":19,"gold_loss":0},{"damage_healed":0,"gold_gain":0,"player_choice":"Trade","damage_taken":0,"relics_obtained":["GremlinMask"],"max_hp_gain":0,"max_hp_loss":0,"event_name":"FaceTrader","floor":22,"gold_loss":0},{"damage_healed":0,"gold_gain":0,"player_choice":"Got Potions","damage_taken":0,"max_hp_gain":0,"max_hp_loss":0,"event_name":"Lab","floor":31,"gold_loss":0},{"cards_removed":["BowlingBash"],"damage_healed":0,"gold_gain":0,"player_choice":"Removed Attack","damage_taken":0,"max_hp_gain":0,"max_hp_loss":0,"event_name":"Falling","floor":38,"gold_loss":0},{"damage_healed":0,"gold_gain":0,"cards_transformed":["Defend_P"],"player_choice":"Transformed","damage_taken":0,"max_hp_gain":0,"max_hp_loss":0,"event_name":"Transmorgrifier","floor":44,"gold_loss":0,"cards_obtained":["Wireheading"]}],"is_beta":false,"boss_relics":[{"not_picked":["jedi:battlestandard","Cursed Key"],"picked":"Snecko Eye"},{"not_picked":["Replay:Drink Me","Empty Cage"],"picked":"Busted Crown"}],"items_purged_floors":[0,0,37,50],"is_endless":false,"potions_floor_spawned":[6,7,12,24,25,28,35,36,46,47],"ascension_level":15}}