{"host":"0y7rggrn2c7yxnri","time":1612325538,"event":{"mods":["AchievementEnabler","Act Like it!","AlwaysNeverKeys","Aspiration","Bartender","BaseMod","Better Altar","Better Sensory Stone","Better Skull","Better Third Choice","Better Vampires","BetterRewards","Colored Map","Colored Powertips","Displayed Cursed Tome","Duelist Mod","GifTheSpireLib","Magitek Elite","Minty Spire (QoL Compilation)","Permanent Neow","Quick Restart","Reliquary","Replay The Spire","Shop Mod","Spicy Shops","Spire Arcade","StSLib","Stuff the Spire","The Alterego","The Animator","The Marked","The Servant 0.9.4","Transform Curses","Virulent Crown","Wandering Minibosses"],"gold_per_floor":[111,111,124,124,174,174,218,228,228,247,247,265,298,310,310,414,414,543,627,627,77,93,124,124,124,124],"floor_reached":25,"language":"ENG","playtime":1044,"items_purged":["Looming Evil"],"score":268,"play_id":"bab57f70-1ed7-46f2-81dd-50789ea0832c","local_time":"20210202231218","is_ascension_mode":true,"campfire_choices":[{"data":"Zap","floor":6,"key":"SMITH"},{"floor":24,"key":"REST"}],"circlet_count":0,"master_deck":["Strike_B","Strike_B","Strike_B","Strike_B","Defend_B","Defend_B","Defend_B","Zap+1","Dualcast","Core Surge+1","Seek","Machine Learning","Apotheosis","Melter"],"relics":["Cracked Core","Runic Capacitor","StuffTheSpire:Gunfinga","CeramicFish","Lantern","reliquary:TatteredRug","Letter Opener","Onion Ring","Sozu","ReplayTheSpireMod:CursedCoin","Nilry\u0027s Codex","Ribbon","BargainBundle","aspiration:StickyExplosives"],"acts_visited":["Exordium","TheCity"],"potions_floor_usage":[12,16,16],"damage_taken":[{"damage":2,"enemies":"Jaw Worm","floor":1,"turns":2},{"damage":1,"enemies":"Cultist","floor":3,"turns":3},{"damage":7,"enemies":"2 Louse","floor":5,"turns":3},{"damage":36,"enemies":"Gremlin Nob","floor":7,"turns":4},{"damage":4,"enemies":"Red Slaver","floor":8,"turns":2},{"damage":0,"enemies":"Large Slime","floor":10,"turns":3},{"damage":23,"enemies":"Exordium Thugs","floor":12,"turns":3},{"damage":20,"enemies":"3 Sentries","floor":13,"turns":5},{"damage":0,"enemies":"Exordium Wildlife","floor":14,"turns":1},{"damage":25,"enemies":"Hexaghost","floor":16,"turns":8},{"damage":18,"enemies":"2 Thieves","floor":18,"turns":6},{"damage":16,"enemies":"3 Byrds","floor":22,"turns":4},{"damage":19,"enemies":"Book of Stabbing","floor":23,"turns":4},{"damage":13,"enemies":"Slavers","floor":25,"turns":1}],"seed_played":"-3371374704953929447","potions_obtained":[{"floor":1,"key":"Dexterity Potion"},{"floor":7,"key":"Regen Potion"},{"floor":8,"key":"Flashbang"},{"floor":13,"key":"AttackPotion"},{"floor":16,"key":"Dexterity Potion"}],"is_trial":false,"path_per_floor":["M","?","M","?","M","R","E","M","T","M","?","M","E","M","R_BF","B",null,"M","$","?","$","M","E","R","E"],"character_chosen":"DEFECT","items_purchased":["Runic Capacitor","StuffTheSpire:Gunfinga","CeramicFish","Lantern","ReplayTheSpireMod:CursedCoin","Ribbon","Apotheosis","BargainBundle","Melter"],"campfire_rested":1,"item_purchase_floors":[0,0,0,0,19,21,21,21,21],"current_hp_per_floor":[73,73,72,72,65,65,29,25,25,25,50,36,16,16,38,13,75,57,57,41,41,25,6,28,15,15],"gold":124,"neow_bonus":"","is_daily":false,"chose_seed":false,"campfire_upgraded":1,"win_rate":0.0,"timestamp":1612325538,"path_taken":["M","?","?","?","M","R","E","M","T","?","?","M","E","M","R_BF","BOSS","M","$","?","$","M","E","R","E"],"items_purchased_type":["Relic","Relic","Relic","Relic","Relic","Relic","Card","Relic","Card"],"build_version":"2020-12-22","purchased_purges":1,"victory":false,"max_hp_per_floor":[75,75,75,75,75,75,75,75,75,75,75,75,75,75,75,75,75,75,75,75,75,75,75,75,75,75],"card_choices":[{"not_picked":["Barrage","BasicCrystalCard","StuffTheSpire:Plugnplay"],"picked":"SKIP","floor":1},{"not_picked":["Redo","Doom and Gloom","Stack"],"picked":"SKIP","floor":3},{"not_picked":["StuffTheSpire:Plugnplay","BootSequence","Chill"],"picked":"SKIP","floor":5},{"not_picked":["Reinforced Body","Coolheaded"],"picked":"Core Surge","floor":7},{"not_picked":["Ball Lightning","Chaos","Steam"],"picked":"SKIP","floor":8},{"not_picked":["Recycle","Coolheaded"],"picked":"Seek","floor":10},{"not_picked":["StuffTheSpire:LoadUp","Ball Lightning","Redo"],"picked":"SKIP","floor":12},{"not_picked":["Beam Cell","FIFO Queue","Hyperbeam"],"picked":"SKIP","floor":13},{"not_picked":["Chill","Ball Lightning","Redo"],"picked":"SKIP","floor":14},{"not_picked":["Hyperbeam","StuffTheSpire:ForEach"],"picked":"Machine Learning","floor":16},{"not_picked":["StuffTheSpire:LoadUp+1","Coolheaded","Stack"],"picked":"SKIP","floor":18},{"not_picked":["StuffTheSpire:GlassShard","StuffTheSpire:Rend","Beam Cell"],"picked":"SKIP","floor":22},{"not_picked":["Turbo+1","Redo","Go for the Eyes+1"],"picked":"SKIP","floor":23}],"player_experience":319425,"relics_obtained":[{"floor":7,"key":"reliquary:TatteredRug"},{"floor":9,"key":"Letter Opener"},{"floor":13,"key":"Onion Ring"},{"floor":23,"key":"aspiration:StickyExplosives"}],"event_choices":[{"cards_removed":["Defend_B"],"damage_healed":0,"gold_gain":0,"player_choice":"Purged","damage_taken":0,"max_hp_gain":0,"max_hp_loss":0,"event_name":"Purifier","floor":2,"gold_loss":0},{"damage_healed":0,"gold_gain":0,"player_choice":"0 cards matched","damage_taken":0,"max_hp_gain":0,"max_hp_loss":0,"event_name":"Match and Keep!","floor":4,"gold_loss":0,"cards_obtained":[]},{"damage_healed":25,"gold_gain":0,"player_choice":"Banana","damage_taken":0,"max_hp_gain":0,"max_hp_loss":0,"event_name":"Big Fish","floor":11,"gold_loss":0},{"damage_healed":0,"gold_gain":0,"player_choice":"Obtained Book","damage_taken":16,"max_hp_gain":0,"max_hp_loss":0,"event_name":"Cursed Tome","floor":20,"gold_loss":0}],"is_beta":false,"boss_relics":[{"not_picked":["ChewingGum","Pandora\u0027s Box"],"picked":"Sozu"}],"items_purged_floors":[19],"is_endless":false,"potions_floor_spawned":[1,7,8,13,16,18,23],"killed_by":"Slavers","ascension_level":3}}