{"host":"sygfylmorsvdndbx","time":1612321124,"event":{"mods":["AchievementEnabler","BaseMod","Highlight Path","Minty Spire (QoL Compilation)","Permanent Neow","Quick Restart","Relic Stats"],"gold_per_floor":[118,135,135,151,151,151,2,2,2,32,43,78,78,91,91,188,188,206,224,224,71,89,118,130,130,130,90,102,102,102,130,130,230,230,248,248,248,262,262,262,297,297,342,362,362,388,218,272,272,272,272,272,1,36,36,36],"floor_reached":55,"language":"ENG","playtime":5993,"items_purged":["Strike_G","Strike_G+1","Strike_G+1"],"score":1143,"play_id":"fedc676a-d1c3-4fc2-9eaf-029fb2900566","local_time":"20210202215844","is_ascension_mode":true,"campfire_choices":[{"data":"Masterful Stab","floor":6.0,"key":"SMITH"},{"data":"Footwork","floor":13.0,"key":"SMITH"},{"data":"Well Laid Plans","floor":15.0,"key":"SMITH"},{"data":"Footwork","floor":25,"key":"SMITH"},{"floor":30,"key":"REST"},{"data":"Die Die Die","floor":32,"key":"SMITH"},{"data":"Neutralize","floor":40,"key":"SMITH"},{"data":"PiercingWail","floor":42,"key":"SMITH"},{"floor":45,"key":"REST"},{"floor":49,"key":"RECALL"},{"data":"Footwork","floor":52,"key":"SMITH"}],"circlet_count":0,"master_deck":["Strike_G+1","Defend_G+1","Defend_G+1","Defend_G+1","Defend_G+1","Defend_G+1","Survivor+1","Neutralize+1","Masterful Stab+1","Dagger Throw","Footwork+1","PiercingWail+1","Well Laid Plans+1","Die Die Die+1","Dodge and Roll+1","Footwork+1","Prepared+1","Blade Dance+1","Outmaneuver+1","Infinite Blades","Venomology","Infinite Blades+1","Footwork+1","Master of Strategy","Finesse","Blade Dance+1","Blur","Footwork+1","Finisher+1"],"relics":["Ring of the Snake","Akabeko","Sundial","Mummified Hand","Juzu Bracelet","WristBlade","Oddly Smooth Stone","Ninja Scroll","Centennial Puzzle","Runic Dome","Pen Nib","Vajra","Tingsha","Toy Ornithopter","Ginger"],"acts_visited":["Exordium","TheCity","TheBeyond","TheEnding"],"potions_floor_usage":[23,33,41,44,46,48,50,54,55,55,55,55],"damage_taken":[{"damage":4.0,"enemies":"Jaw Worm","floor":1.0,"turns":6.0},{"damage":3.0,"enemies":"Small Slimes","floor":2.0,"turns":3.0},{"damage":0.0,"enemies":"2 Louse","floor":4.0,"turns":2.0},{"damage":2.0,"enemies":"Gremlin Nob","floor":10.0,"turns":3.0},{"damage":0.0,"enemies":"Exordium Thugs","floor":11.0,"turns":3.0},{"damage":6.0,"enemies":"3 Sentries","floor":12.0,"turns":8.0},{"damage":0.0,"enemies":"3 Louse","floor":14.0,"turns":2.0},{"damage":5.0,"enemies":"The Guardian","floor":16.0,"turns":11.0},{"damage":4.0,"enemies":"Shell Parasite","floor":18.0,"turns":7.0},{"damage":4,"enemies":"Spheric Guardian","floor":19,"turns":4},{"damage":0,"enemies":"Cultist and Chosen","floor":22,"turns":8},{"damage":13,"enemies":"Slavers","floor":23,"turns":8},{"damage":4,"enemies":"Centurion and Healer","floor":24,"turns":6},{"damage":5,"enemies":"Snake Plant","floor":28,"turns":4},{"damage":0,"enemies":"Gremlin Leader","floor":31,"turns":6},{"damage":6,"enemies":"Collector","floor":33,"turns":10},{"damage":0,"enemies":"Orb Walker","floor":35,"turns":2},{"damage":0,"enemies":"3 Shapes","floor":38,"turns":3},{"damage":23,"enemies":"Nemesis","floor":41,"turns":5},{"damage":16,"enemies":"Spire Growth","floor":44,"turns":5},{"damage":0,"enemies":"Giant Head","floor":46,"turns":7},{"damage":0,"enemies":"2 Orb Walkers","floor":48,"turns":4},{"damage":30,"enemies":"Time Eater","floor":50,"turns":14},{"damage":24,"enemies":"Shield and Spear","floor":54,"turns":5},{"damage":64,"enemies":"The Heart","floor":55,"turns":8}],"seed_played":"-6125809619729454922","potions_obtained":[{"floor":0.0,"key":"Ancient Potion"},{"floor":0.0,"key":"BlessingOfTheForge"},{"floor":0.0,"key":"Explosive Potion"},{"floor":10.0,"key":"CultistPotion"},{"floor":11.0,"key":"LiquidBronze"},{"floor":19,"key":"Energy Potion"},{"floor":24,"key":"Poison Potion"}],"is_trial":false,"path_per_floor":["M","M","?","M","?","R","$","?","T","E","M","E","R","M","R","B",null,"M","M","?","$","M","E","M","R","T","?","M","?","R","E","R","B",null,"M","?","?","M","?","R","E","R","T","M","R","E","$","?","R","B",null,"R","$","E","B"],"character_chosen":"THE_SILENT","items_purchased":["Akabeko","Footwork","Footwork","Toy Ornithopter"],"campfire_rested":2,"item_purchase_floors":[7,21,47,53],"current_hp_per_floor":[59,56,49,49,35,35,35,70,70,68,68,62,62,62,62,57,67,63,59,46,46,46,33,29,29,29,29,24,24,46,46,46,40,66,66,66,56,56,56,56,33,33,33,31,52,52,52,52,52,22,59,59,59,40,0,0],"gold":36,"neow_bonus":"THREE_SMALL_POTIONS","is_daily":false,"chose_seed":false,"campfire_upgraded":8,"win_rate":0.0,"timestamp":1612321124,"path_taken":["M","M","?","M","?","R","$","?","T","E","M","E","R","M","R","BOSS","M","M","?","$","M","E","M","R","T","?","M","?","R","E","R","BOSS","M","?","?","M","?","R","E","R","T","M","R","E","$","?","R","BOSS","R","$","E","BOSS"],"items_purchased_type":["Relic","Card","Card","Relic"],"build_version":"2020-12-22","purchased_purges":3,"victory":false,"max_hp_per_floor":[70,70,70,70,70,70,70,70,70,70,70,70,70,70,70,70,70,70,70,75,75,75,75,75,75,75,75,75,75,75,75,75,75,75,75,75,75,75,71,71,71,71,71,71,71,71,71,71,71,71,71,71,71,71,71,71],"relic_stats":{"Centennial Puzzle":[16],"counters":[25,144],"Sundial":[22],"Mummified Hand":[77],"Tingsha":[48],"Pen Nib":[17],"Juzu Bracelet":2,"Ginger":[2],"obtain_stats":[{"Oddly Smooth Stone":23,"Vajra":46,"Tingsha":48,"Pen Nib":41,"Juzu Bracelet":12,"Ginger":54,"Akabeko":7,"Runic Dome":34,"Centennial Puzzle":31,"WristBlade":17,"Sundial":9,"Mummified Hand":10,"Ninja Scroll":26,"Toy Ornithopter":53,"Ring of the Snake":0},{"Oddly Smooth Stone":12,"Vajra":21,"Tingsha":22,"Pen Nib":19,"Juzu Bracelet":6,"Ginger":24,"Akabeko":3,"Runic Dome":16,"Centennial Puzzle":15,"WristBlade":8,"Sundial":3,"Mummified Hand":4,"Ninja Scroll":13,"Toy Ornithopter":23,"Ring of the Snake":0},{"Oddly Smooth Stone":65,"Vajra":113,"Tingsha":117,"Pen Nib":101,"Juzu Bracelet":25,"Ginger":136,"Akabeko":11,"Runic Dome":91,"Centennial Puzzle":81,"WristBlade":38,"Sundial":11,"Mummified Hand":14,"Ninja Scroll":71,"Toy Ornithopter":131,"Ring of the Snake":0}],"Toy Ornithopter":25,"Ring of the Snake":[50]},"card_choices":[{"not_picked":["Distraction","Flying Knee"],"picked":"Choke","floor":1.0},{"not_picked":["Venomology","Setup"],"picked":"Masterful Stab","floor":2.0},{"not_picked":["Heel Hook","Slice"],"picked":"Dagger Throw","floor":4.0},{"not_picked":["Heel Hook","Flying Knee","Poisoned Stab"],"picked":"SKIP","floor":10.0},{"not_picked":["Blur","Prepared"],"picked":"Footwork","floor":11.0},{"not_picked":["Deflect","Prepared"],"picked":"PiercingWail","floor":12.0},{"not_picked":["Infinite Blades","Quick Slash"],"picked":"Well Laid Plans","floor":14.0},{"not_picked":["Night Terror","Storm of Steel"],"picked":"Die Die Die","floor":16.0},{"not_picked":["Underhanded Strike","Poisoned Stab","Bane+1"],"picked":"SKIP","floor":18.0},{"not_picked":["Outmaneuver","Acrobatics+1"],"picked":"Dodge and Roll+1","floor":19},{"not_picked":["Bouncing Flask","Acrobatics","Outmaneuver"],"picked":"SKIP","floor":22},{"not_picked":["Expertise","Dagger Spray"],"picked":"Prepared+1","floor":23},{"not_picked":["Deflect","Prepared"],"picked":"Blade Dance","floor":24},{"not_picked":["Deadly Poison+1","Caltrops"],"picked":"Outmaneuver+1","floor":28},{"not_picked":["Dodge and Roll+1","Accuracy"],"picked":"Infinite Blades","floor":31},{"not_picked":["Phantasmal Killer","Envenom"],"picked":"Venomology","floor":33},{"not_picked":["Choke","Deflect"],"picked":"Infinite Blades+1","floor":35},{"not_picked":["The Bomb","Enlightenment"],"picked":"Master of Strategy","floor":37},{"not_picked":["Magnetism","Flash of Steel"],"picked":"Finesse","floor":37},{"not_picked":["Distraction","Dash","Escape Plan"],"picked":"SKIP","floor":38},{"not_picked":["Riddle With Holes+1","Underhanded Strike"],"picked":"Blade Dance+1","floor":41},{"not_picked":["Backflip","Blade Dance"],"picked":"Blur","floor":44},{"not_picked":["Masterful Stab","Endless Agony","Dagger Spray+1"],"picked":"SKIP","floor":46},{"not_picked":["Outmaneuver+1","Dash"],"picked":"Finisher+1","floor":54}],"player_experience":400355,"relics_obtained":[{"floor":9.0,"key":"Sundial"},{"floor":10.0,"key":"Mummified Hand"},{"floor":12.0,"key":"Juzu Bracelet"},{"floor":23,"key":"Oddly Smooth Stone"},{"floor":26,"key":"Ninja Scroll"},{"floor":31,"key":"Centennial Puzzle"},{"floor":41,"key":"Pen Nib"},{"floor":46,"key":"Vajra"},{"floor":48,"key":"Tingsha"},{"floor":54,"key":"Ginger"}],"event_choices":[{"cards_removed":["Strike_G"],"damage_healed":0.0,"max_hp_gain":0.0,"max_hp_loss":0.0,"gold_gain":0.0,"event_name":"Golden Wing","player_choice":"Card Removal","floor":3.0,"gold_loss":0.0,"damage_taken":7.0},{"damage_healed":0.0,"max_hp_gain":0.0,"max_hp_loss":0.0,"gold_gain":0.0,"event_name":"Shining Light","player_choice":"Entered Light","floor":5.0,"gold_loss":0.0,"damage_taken":14.0,"cards_upgraded":["Strike_G","Survivor"]},{"cards_removed":["Choke"],"damage_healed":35.0,"max_hp_gain":0.0,"max_hp_loss":0.0,"gold_gain":0.0,"event_name":"Bonfire Elementals","player_choice":"Offered Uncommon","floor":8.0,"gold_loss":0.0,"damage_taken":0.0},{"damage_healed":0,"gold_gain":0,"player_choice":"Shed Blood","damage_taken":18,"max_hp_gain":5,"max_hp_loss":0,"event_name":"Forgotten Altar","floor":20,"gold_loss":0},{"damage_healed":0,"gold_gain":0,"player_choice":"Upgrade","damage_taken":0,"max_hp_gain":0,"max_hp_loss":0,"event_name":"Designer","floor":27,"gold_loss":40,"cards_upgraded":["Blade Dance"]},{"damage_healed":0,"gold_gain":0,"player_choice":"Simplicity","damage_taken":0,"max_hp_gain":0,"max_hp_loss":0,"event_name":"Back to Basics","floor":29,"gold_loss":0,"cards_upgraded":["Strike_G","Strike_G","Defend_G","Defend_G","Defend_G","Defend_G","Defend_G"]},{"damage_healed":0,"gold_gain":0,"player_choice":"Copied","damage_taken":0,"max_hp_gain":0,"max_hp_loss":0,"event_name":"Duplicator","floor":36,"gold_loss":0,"cards_obtained":["Footwork"]},{"damage_healed":0,"gold_gain":0,"player_choice":"Memory 3","damage_taken":10,"max_hp_gain":0,"max_hp_loss":0,"event_name":"SensoryStone","floor":37,"gold_loss":0},{"damage_healed":0,"gold_gain":0,"player_choice":"Max HP","damage_taken":0,"max_hp_gain":0,"max_hp_loss":4,"event_name":"Winding Halls","floor":39,"gold_loss":0},{"damage_healed":0,"gold_gain":0,"player_choice":"Fight","damage_taken":0,"max_hp_gain":0,"max_hp_loss":0,"event_name":"Mysterious Sphere","floor":48,"gold_loss":0}],"is_beta":false,"boss_relics":[{"not_picked":["Ectoplasm","Ring of the Serpent"],"picked":"WristBlade"},{"not_picked":["Busted Crown","Empty Cage"],"picked":"Runic Dome"}],"items_purged_floors":[21,47,53],"is_endless":false,"potions_floor_spawned":[10,11,14,19,24,38,44],"killed_by":"The Heart","ascension_level":9}}