{"host":"e1pm3b7xpcm97e5w","time":1612383659,"event":{"mods":["BaseMod","Better Skull","Googly Eyes","Minty Spire (QoL Compilation)","Relic Stats","Shop Mod","Spicy Shops","StSLib"],"gold_per_floor":[114,114,128,128,128,142,142,167,191,191,231,18,18,53,53,179,179,203,47,70,70,70],"floor_reached":21,"language":"ENG","playtime":549,"items_purged":[],"score":290,"play_id":"9169ef78-3753-41fc-8f2f-e67367a652ac","local_time":"20210203152059","is_ascension_mode":true,"campfire_choices":[{"data":"Loop","floor":7,"key":"SMITH"},{"data":"Cold Snap","floor":10,"key":"SMITH"},{"data":"Loop","floor":13,"key":"SMITH"},{"data":"Hello World","floor":15,"key":"SMITH"}],"circlet_count":0,"master_deck":["AscendersBane","Strike_B","Strike_B","Strike_B","Strike_B","Defend_B","Defend_B","Defend_B","Defend_B","Zap+1","Dualcast+1","Barrage+1","Sweeping Beam","Loop+1","Cold Snap+1","Loop+1","Hello World+1","Multi-Cast","Coolheaded+1"],"relics":["Cracked Core","Golden Idol","Orichalcum","Toy Ornithopter","Smiling Mask","Inserter","OrangePellets"],"acts_visited":["Exordium","TheCity"],"potions_floor_usage":[14],"damage_taken":[{"damage":4,"enemies":"Jaw Worm","floor":1,"turns":4},{"damage":1,"enemies":"Cultist","floor":3,"turns":3},{"damage":0,"enemies":"Small Slimes","floor":6,"turns":3},{"damage":7,"enemies":"Looter","floor":8,"turns":3},{"damage":15,"enemies":"Gremlin Nob","floor":11,"turns":4},{"damage":17,"enemies":"3 Sentries","floor":14,"turns":4},{"damage":19,"enemies":"The Guardian","floor":16,"turns":9},{"damage":21,"enemies":"Shell Parasite","floor":18,"turns":5},{"damage":26,"enemies":"3 Byrds","floor":20,"turns":4},{"damage":11,"enemies":"Snake Plant","floor":21,"turns":1}],"seed_played":"9048398972438433685","potions_obtained":[{"floor":3,"key":"Ancient Potion"},{"floor":8,"key":"Swift Potion"},{"floor":14,"key":"FearPotion"}],"is_trial":false,"path_per_floor":["M","?","M","?","?","M","R","M","T","R","E","$","R","E","R","B",null,"M","$","M","M"],"character_chosen":"DEFECT","items_purchased":["Loop","OrangePellets"],"campfire_rested":0,"item_purchase_floors":[12,19],"current_hp_per_floor":[64,64,63,63,63,63,63,56,56,56,41,41,41,29,29,10,54,33,33,7,0,0],"gold":70,"neow_bonus":"UPGRADE_CARD","is_daily":false,"chose_seed":false,"campfire_upgraded":4,"win_rate":0.0,"timestamp":1612383659,"path_taken":["M","?","?","?","?","?","R","M","T","R","E","?","R","E","R","BOSS","M","$","M","M"],"items_purchased_type":["Card","Relic"],"build_version":"2020-12-22","purchased_purges":0,"victory":false,"max_hp_per_floor":[75,75,75,75,69,69,69,69,69,69,69,69,69,69,69,69,69,69,69,69,69,69],"relic_stats":{"OrangePellets":[0],"Inserter":[5],"counters":[10,39],"Golden Idol":58,"Orichalcum":[60],"Smiling Mask":0,"obtain_stats":[{"OrangePellets":19,"Inserter":17,"Golden Idol":5,"Orichalcum":9,"Cracked Core":0,"Smiling Mask":14,"Toy Ornithopter":11},{"OrangePellets":8,"Inserter":7,"Golden Idol":2,"Orichalcum":4,"Cracked Core":0,"Smiling Mask":6,"Toy Ornithopter":5},{"OrangePellets":34,"Inserter":30,"Golden Idol":7,"Orichalcum":13,"Cracked Core":0,"Smiling Mask":21,"Toy Ornithopter":17}],"Toy Ornithopter":5},"card_choices":[{"not_picked":["Stack","Skim"],"picked":"Barrage","floor":1},{"not_picked":["Gash","Tempest"],"picked":"Sweeping Beam","floor":3},{"not_picked":["Hologram","Compile Driver"],"picked":"Loop","floor":6},{"not_picked":["Barrage","Force Field"],"picked":"Cold Snap","floor":8},{"not_picked":["Go for the Eyes","Steam","Sweeping Beam"],"picked":"SKIP","floor":11},{"not_picked":["Hyperbeam","Gash"],"picked":"Hello World","floor":14},{"not_picked":["Reboot","Core Surge"],"picked":"Multi-Cast","floor":16},{"not_picked":["Rebound","Go for the Eyes"],"picked":"Coolheaded+1","floor":18},{"not_picked":["Ball Lightning","Undo","Go for the Eyes"],"picked":"SKIP","floor":20}],"player_experience":698207,"relics_obtained":[{"floor":9,"key":"Orichalcum"},{"floor":11,"key":"Toy Ornithopter"},{"floor":14,"key":"Smiling Mask"}],"event_choices":[{"damage_healed":0,"gold_gain":0,"player_choice":"Upgraded","damage_taken":0,"max_hp_gain":0,"max_hp_loss":0,"event_name":"Upgrade Shrine","floor":2,"gold_loss":0,"cards_upgraded":["Barrage"]},{"damage_healed":0,"gold_gain":0,"player_choice":"Grow","damage_taken":0,"max_hp_gain":0,"max_hp_loss":0,"event_name":"Living Wall","floor":4,"gold_loss":0,"cards_upgraded":["Dualcast"]},{"damage_healed":0,"gold_gain":0,"player_choice":"Lose Max HP","damage_taken":0,"relics_obtained":["Golden Idol"],"max_hp_gain":0,"max_hp_loss":6,"event_name":"Golden Idol","floor":5,"gold_loss":0}],"is_beta":false,"boss_relics":[{"not_picked":["Coffee Dripper","Runic Dome"],"picked":"Inserter"}],"items_purged_floors":[],"is_endless":false,"potions_floor_spawned":[3,8,14,18],"killed_by":"Snake Plant","ascension_level":11}}