{"host":"c97twqu0op5dg8i4","time":1612311400,"event":{"mods":["AchievementEnabler","BaseMod","Colored Map","Minty Spire (QoL Compilation)","Permanent Neow"],"gold_per_floor":[14,14,89,89,9,41,56,21,21,32,32,50,50,78,88,88,88,184,234,245,51,151,164,175,175,187,187,187],"floor_reached":27,"language":"ENG","playtime":906,"items_purged":[],"score":385,"play_id":"8bf0cee8-544b-4c36-a906-c1c4a0dc57d5","local_time":"20210202191640","is_ascension_mode":true,"campfire_choices":[{"data":"Streamline","floor":11,"key":"SMITH"},{"data":"Biased Cognition","floor":13,"key":"SMITH"},{"floor":16,"key":"REST"},{"data":"Loop","floor":17,"key":"SMITH"},{"floor":25,"key":"REST"}],"circlet_count":0,"master_deck":["AscendersBane","Strike_B","Strike_B","Strike_B","Strike_B","Defend_B","Defend_B","Defend_B","Defend_B","Zap+1","Dualcast","Streamline+1","Auto Shields","Steam","Glacier","Biased Cognition+1","Loop+1","Cold Snap+1","Creative AI","Chaos","Apotheosis","Ball Lightning","Capacitor","Cold Snap"],"relics":["Cracked Core","Mango","HornCleat","Peace Pipe","Mercury Hourglass","Tiny House"],"acts_visited":["Exordium","TheCity"],"potions_floor_usage":[18,19,24,26],"damage_taken":[{"damage":2,"enemies":"2 Louse","floor":1,"turns":2},{"damage":33,"enemies":"Lagavulin","floor":6,"turns":7},{"damage":0,"enemies":"Small Slimes","floor":7,"turns":3},{"damage":0,"enemies":"Jaw Worm","floor":10,"turns":4},{"damage":18,"enemies":"Large Slime","floor":12,"turns":5},{"damage":19,"enemies":"Gremlin Nob","floor":14,"turns":4},{"damage":5,"enemies":"Exordium Thugs","floor":15,"turns":4},{"damage":27,"enemies":"The Guardian","floor":18,"turns":14},{"damage":24,"enemies":"3 Byrds","floor":20,"turns":6},{"damage":17,"enemies":"Shell Parasite","floor":23,"turns":8},{"damage":27,"enemies":"Snake Plant","floor":24,"turns":5},{"damage":36,"enemies":"Centurion and Healer","floor":26,"turns":5},{"damage":0,"enemies":"Gremlin Leader","floor":27,"turns":8}],"seed_played":"-2810534119997856600","potions_obtained":[{"floor":6,"key":"SkillPotion"},{"floor":12,"key":"SkillPotion"},{"floor":14,"key":"Ancient Potion"},{"floor":18,"key":"BlessingOfTheForge"},{"floor":19,"key":"Fruit Juice"},{"floor":23,"key":"DistilledChaos"},{"floor":24,"key":"LiquidBronze"},{"floor":26,"key":"Fruit Juice"}],"is_trial":false,"path_per_floor":["M","?","?","?","$","E","M","?","T","M","R","M","R","E","M","R","R","B",null,"M","$","?","M","M","R","M","E"],"character_chosen":"DEFECT","items_purchased":["Auto Shields","Apotheosis"],"campfire_rested":2,"item_purchase_floors":[5,21],"current_hp_per_floor":[80,80,69,74,74,41,41,64,64,64,64,46,46,27,22,50,50,23,86,62,62,62,45,18,49,18,18,18],"gold":187,"neow_bonus":"ONE_RARE_RELIC","is_daily":false,"chose_seed":false,"campfire_upgraded":3,"win_rate":0.0,"timestamp":1612311400,"path_taken":["M","?","?","?","$","E","M","?","T","?","R","M","R","E","M","R","R","BOSS","M","$","?","M","M","R","M","E"],"items_purchased_type":["Card","Card"],"build_version":"2020-12-22","purchased_purges":0,"victory":false,"max_hp_per_floor":[89,89,89,94,94,94,94,94,94,94,94,94,94,94,94,94,94,94,104,104,104,104,104,104,104,109,109,109],"card_choices":[{"not_picked":["Beam Cell","Stack"],"picked":"Streamline","floor":1},{"not_picked":["Reprogram","Genetic Algorithm"],"picked":"Steam","floor":6},{"not_picked":["Turbo","Cold Snap"],"picked":"Glacier","floor":7},{"not_picked":["Hologram","Ball Lightning"],"picked":"Biased Cognition","floor":10},{"not_picked":["BootSequence","Compile Driver","Hologram"],"picked":"SKIP","floor":12},{"not_picked":["Capacitor","Static Discharge"],"picked":"Loop","floor":14},{"not_picked":["Conserve Battery","Compile Driver"],"picked":"Cold Snap","floor":15},{"not_picked":["Biased Cognition","Core Surge"],"picked":"Creative AI","floor":18},{"not_picked":["Rebound","Stack"],"picked":"Chaos","floor":19},{"not_picked":["Steam Power+1","Compile Driver","BootSequence"],"picked":"SKIP","floor":20},{"not_picked":["Go for the Eyes","Lockon"],"picked":"Ball Lightning","floor":23},{"not_picked":["White Noise","Chaos+1"],"picked":"Capacitor","floor":24},{"not_picked":["Compile Driver+1","Steam"],"picked":"Cold Snap","floor":26}],"player_experience":337177,"relics_obtained":[{"floor":6,"key":"HornCleat"},{"floor":9,"key":"Peace Pipe"},{"floor":14,"key":"Mercury Hourglass"}],"event_choices":[{"damage_healed":0,"gold_gain":0,"player_choice":"Grow","damage_taken":0,"max_hp_gain":0,"max_hp_loss":0,"event_name":"Living Wall","floor":2,"gold_loss":0,"cards_upgraded":["Zap"]},{"damage_healed":0,"gold_gain":75,"player_choice":"Gather Gold","damage_taken":11,"max_hp_gain":0,"max_hp_loss":0,"event_name":"World of Goop","floor":3,"gold_loss":0},{"damage_healed":0,"gold_gain":0,"player_choice":"Donut","damage_taken":0,"max_hp_gain":5,"max_hp_loss":0,"event_name":"Big Fish","floor":4,"gold_loss":0},{"damage_healed":23,"gold_gain":0,"player_choice":"Healed","damage_taken":0,"max_hp_gain":0,"max_hp_loss":0,"event_name":"The Cleric","floor":8,"gold_loss":35},{"damage_healed":0,"gold_gain":100,"player_choice":"Pray","damage_taken":0,"max_hp_gain":0,"max_hp_loss":0,"event_name":"Golden Shrine","floor":22,"gold_loss":0}],"is_beta":false,"boss_relics":[{"not_picked":["Astrolabe","Runic Dome"],"picked":"Tiny House"}],"items_purged_floors":[],"is_endless":false,"potions_floor_spawned":[6,12,14,18,23,24,26],"killed_by":"Gremlin Leader","ascension_level":10}}