{"host":"iy2a593ihq2f18ts","time":1612333344,"event":{"mods":["2.2 Compatiblity","AchievementEnabler","BaseMod","Better Third Choice","Block Reminder","Card Forge","Dark Map","Downfall","Hermit","Marisa????????","Minty Spire (QoL Compilation)","Rare Cards Sparkle","Replay The Spire","StSLib","SuperFastMode","The Bug Knight","The Necromancer","The Runesmith","The Servant 0.9.4"],"gold_per_floor":[119,119,69,124,136,161,161,179,205,233,247,259,274,285,285,382,382,337,189,189,32,32,32,32,32,32,32,32,32,32,32,32,32,32,32,32,32,32,32,32,32,32,32,32,32,32,32,32,32,32],"floor_reached":51,"language":"ENG","playtime":1157,"items_purged":[],"score":1096,"play_id":"c1a7f373-15f8-492c-a574-b8799c153873","local_time":"20210202222224","is_ascension_mode":true,"campfire_choices":[{"floor":15,"key":"REST"},{"floor":24,"key":"REST"},{"floor":32,"key":"REST"},{"floor":44,"key":"REST"},{"floor":49,"key":"REST"}],"circlet_count":0,"master_deck":["Defend_R+1","Bash+1","Clash+1","Infernal Blade+1","Infernal Blade+1","Thunderclap+1","Cleave+1","Flex+1","ReplayTheSpireMod:Muscle Training+1","Rampage+1","Shrug It Off+1","Demon Form+1","Flex+1","ReplayTheSpireMod:Muscle Training+1","Cleave+1"],"relics":["Burning Blood","Hammer of Thor","Seething Fire","Anvil of the Gods","NeowsBlessing","MealTicket","HollowMod:PaleOreRelic","Replay:PocketPolymizer","Ectoplasm","Anchor","Bronze Scales","Du-Vu Doll","ReplayFunnel","Mummified Hand","Paper Frog","Pen Nib","Runesmith:Nanobots","Sozu","Replay:Baseball","CaptainsWheel","Replay:Bandana","Replay:Kaleidoscope","Replay:Wax Seal"],"acts_visited":["Exordium","TheCity","TheBeyond"],"potions_floor_usage":[23,23],"damage_taken":[{"damage":0,"enemies":"Small Slimes","floor":1,"turns":1},{"damage":0,"enemies":"2 Louse","floor":5,"turns":1},{"damage":0,"enemies":"HollowMod:MossKnight","floor":6,"turns":1},{"damage":0,"enemies":"Jaw Worm","floor":8,"turns":2},{"damage":10,"enemies":"Lagavulin","floor":10,"turns":3},{"damage":9,"enemies":"2 Fungi Beasts","floor":11,"turns":2},{"damage":5,"enemies":"3 Louse","floor":12,"turns":2},{"damage":10,"enemies":"Exordium Thugs","floor":13,"turns":2},{"damage":0,"enemies":"Exordium Wildlife","floor":14,"turns":1},{"damage":11,"enemies":"Slime Boss","floor":16,"turns":6},{"damage":19,"enemies":"2 Thieves","floor":18,"turns":3},{"damage":0,"enemies":"Slavers","floor":23,"turns":5},{"damage":24,"enemies":"Gremlin Leader","floor":25,"turns":5},{"damage":0,"enemies":"Chosen","floor":27,"turns":2},{"damage":1,"enemies":"Slavers","floor":28,"turns":3},{"damage":18,"enemies":"Sentry and Sphere","floor":29,"turns":4},{"damage":0,"enemies":"Replay:Snechameleon","floor":30,"turns":2},{"damage":0,"enemies":"Snake Plant","floor":31,"turns":2},{"damage":17,"enemies":"Pondfish","floor":33,"turns":5},{"damage":16,"enemies":"3 Darklings","floor":35,"turns":3},{"damage":0,"enemies":"3 Shapes","floor":36,"turns":2},{"damage":13,"enemies":"Maw","floor":37,"turns":5},{"damage":13,"enemies":"Jaw Worm Horde","floor":38,"turns":3},{"damage":1,"enemies":"Transient","floor":39,"turns":5},{"damage":30,"enemies":"Reptomancer","floor":40,"turns":4},{"damage":16,"enemies":"Sphere and 2 Shapes","floor":41,"turns":3},{"damage":0,"enemies":"2 Orb Walkers","floor":42,"turns":2},{"damage":0,"enemies":"Mind Bloom Boss Battle","floor":45,"turns":3},{"damage":0,"enemies":"3 Darklings","floor":48,"turns":1},{"damage":24,"enemies":"Time Eater","floor":50,"turns":7}],"seed_played":"-7272925858624374417","potions_obtained":[{"floor":6,"key":"Block Potion"},{"floor":10,"key":"Milkshake"},{"floor":13,"key":"LifebloodPotion"},{"floor":23,"key":"ElixirPotion"},{"floor":30,"key":"Elixir"}],"is_trial":false,"path_per_floor":["M","?","?","?","M","E","?","M","T","E","M","M","M","M","R","B",null,"M","$","?","$","?","E","R","E","T","M","E","M","E","M","R","B",null,"M","M","M","M","M","E","M","?","T","R","?","$","?","M","R","B",null],"character_chosen":"IRONCLAD","items_purchased":["Anchor","Bronze Scales"],"campfire_rested":5,"item_purchase_floors":[19,21],"current_hp_per_floor":[80,80,80,80,80,80,80,80,80,76,73,74,70,76,80,75,80,67,80,80,80,85,85,85,67,67,73,78,66,72,78,85,74,85,75,81,74,67,72,48,38,44,44,69,75,85,85,85,85,67],"gold":32,"neow_bonus":"THREE_ENEMY_KILL","is_daily":false,"chose_seed":false,"campfire_upgraded":0,"win_rate":0.0,"timestamp":1612333344,"path_taken":["M","?","?","?","M","E","?","M","T","E","M","M","M","M","R","BOSS","M","$","?","$","?","E","R","E","T","M","E","M","E","M","R","BOSS","M","M","M","M","M","E","M","?","T","R","?","$","?","M","R","BOSS"],"items_purchased_type":["Relic","Relic"],"build_version":"2020-12-22","purchased_purges":0,"victory":true,"max_hp_per_floor":[80,80,80,80,80,80,80,80,80,80,80,80,80,80,80,80,80,80,80,80,80,85,85,85,85,85,85,85,85,85,85,85,85,85,85,85,85,85,85,85,85,85,85,85,85,85,85,85,85,85],"card_choices":[{"not_picked":["Dropkick","Intimidate"],"picked":"Clash","floor":1},{"not_picked":["Warcry","True Grit"],"picked":"Clothesline","floor":5},{"not_picked":["Rampage","Disarm"],"picked":"Infernal Blade","floor":6},{"not_picked":["True Grit","Body Slam"],"picked":"Rampage","floor":8},{"not_picked":["Hemogenesis","Sword Boomerang"],"picked":"Infernal Blade","floor":10},{"not_picked":["ReplayTheSpireMod:LeadingStrike","ReplayTheSpireMod:Stacked"],"picked":"Thunderclap","floor":11},{"not_picked":["Heavy Blade","Twin Strike","Hemokinesis"],"picked":"SKIP","floor":12},{"not_picked":["ReplayTheSpireMod:Strike From Hell","Replay:Undeath\u0027s Touch"],"picked":"Twin Strike","floor":13},{"not_picked":["Thunderclap","Warcry","Replay:Undeath\u0027s Touch"],"picked":"SKIP","floor":14},{"not_picked":["Body Slam","Bloodletting","Hemokinesis"],"picked":"SKIP","floor":18},{"not_picked":["Entrench","Warcry"],"picked":"Cleave","floor":23},{"not_picked":["Clash","ReplayReversal"],"picked":"Flex","floor":25},{"not_picked":["Body Slam","Seeing Red"],"picked":"Pummel","floor":27},{"not_picked":["Disarm","Ghostly Armor"],"picked":"Sever Soul","floor":28},{"not_picked":["Replay:Undeath\u0027s Touch","Berserk"],"picked":"ReplayTheSpireMod:Muscle Training+1","floor":29},{"not_picked":["Run Through","ReplayTheSpireMod:Corrosion Curse+1"],"picked":"Rampage","floor":30},{"not_picked":["Thunderclap","True Grit"],"picked":"Shrug It Off","floor":31},{"not_picked":["Limit Break","Double Tap"],"picked":"Demon Form","floor":33},{"not_picked":["Dark Embrace","Power Through","Twin Strike"],"picked":"SKIP","floor":35},{"not_picked":["Armaments","Flame Barrier+1","Perfected Strike"],"picked":"SKIP","floor":36},{"not_picked":["Pummel","Thunderclap","Reckless Charge+1"],"picked":"SKIP","floor":37},{"not_picked":["Second Wind+1","Body Slam","ReplayTheSpireMod:Strike From Hell+1"],"picked":"SKIP","floor":38},{"not_picked":["Sword Boomerang+1","Cleave","Clothesline"],"picked":"SKIP","floor":39},{"not_picked":["Replay:Many Hands","Armaments","ReplayTheSpireMod:Muscle Training"],"picked":"SKIP","floor":40},{"not_picked":["Replay:Undeath\u0027s Touch","Rupture","Second Wind+1"],"picked":"SKIP","floor":41},{"not_picked":["Clothesline","Headbutt"],"picked":"Flex+1","floor":45},{"not_picked":["Blood for Blood","ReplayTheSpireMod:Stacked"],"picked":"ReplayTheSpireMod:Muscle Training+1","floor":47},{"not_picked":["Run Through","Flex+1"],"picked":"Cleave+1","floor":48}],"player_experience":3160,"relics_obtained":[{"floor":6,"key":"MealTicket"},{"floor":9,"key":"HollowMod:PaleOreRelic"},{"floor":10,"key":"Replay:PocketPolymizer"},{"floor":23,"key":"ReplayFunnel"},{"floor":25,"key":"Mummified Hand"},{"floor":26,"key":"Paper Frog"},{"floor":28,"key":"Pen Nib"},{"floor":30,"key":"Runesmith:Nanobots"},{"floor":40,"key":"Replay:Baseball"},{"floor":42,"key":"CaptainsWheel"},{"floor":43,"key":"Replay:Bandana"},{"floor":45,"key":"Replay:Kaleidoscope"},{"floor":47,"key":"Replay:Wax Seal"}],"event_choices":[{"cards_removed":["Strike_R"],"damage_healed":0,"gold_gain":0,"player_choice":"Card Removal","damage_taken":0,"max_hp_gain":0,"max_hp_loss":0,"event_name":"The Cleric","floor":3,"gold_loss":50},{"damage_healed":0,"gold_gain":55,"player_choice":"Gained Gold","damage_taken":0,"max_hp_gain":0,"max_hp_loss":0,"event_name":"Golden Wing","floor":4,"gold_loss":0},{"damage_healed":80,"gold_gain":0,"player_choice":"Leave","damage_taken":0,"max_hp_gain":0,"max_hp_loss":80,"event_name":"betterThird:BetterShining","floor":7,"gold_loss":0},{"damage_healed":0,"gold_gain":0,"player_choice":"Fight","damage_taken":0,"max_hp_gain":0,"max_hp_loss":0,"event_name":"Mysterious Sphere","floor":42,"gold_loss":0},{"damage_healed":0,"gold_gain":0,"player_choice":"Fight","damage_taken":0,"max_hp_gain":0,"max_hp_loss":0,"event_name":"MindBloom","floor":45,"gold_loss":0}],"is_beta":false,"boss_relics":[{"not_picked":["Replay:Drink Me","ChewingGum"],"picked":"Ectoplasm"},{"not_picked":["Velvet Choker","Astrolabe"],"picked":"Sozu"}],"items_purged_floors":[],"is_endless":false,"potions_floor_spawned":[6,10,13,16,18,23,30,31,37,39,42,45,48],"ascension_level":1}}