{"host":"jqln3q8z91cyrmpl","time":1612362146,"event":{"mods":["AchievementEnabler","BaseMod","Colored Map","DeckTracker","Keyboard Shortcuts","Minty Spire (QoL Compilation)","SuperFastMode"],"gold_per_floor":[115,131,231,86,106,106,126,126,150,185,198,198,3,30,30,131,131,143,143,143,160,75,75,25,25,25,39,39,73,84,104,104,207,207,217,230,249,262,56,90,90,105,129,129,148,148,180,199,199,199,199,199,51,51,51],"floor_reached":54,"language":"KOR","playtime":2436,"items_purged":["Weave","JustLucky","Parasite"],"score":943,"play_id":"0aab362c-168c-4e7e-b653-c5e3c9cb36b1","local_time":"20210203232226","is_ascension_mode":true,"campfire_choices":[{"data":"Eruption","floor":6.0,"key":"SMITH"},{"data":"MentalFortress","floor":8.0,"key":"SMITH"},{"data":"Prostrate","floor":15.0,"key":"SMITH"},{"data":"DeusExMachina","floor":23.0,"key":"SMITH"},{"floor":28.0,"key":"REST"},{"floor":32.0,"key":"REST"},{"floor":44.0,"key":"REST"},{"floor":49.0,"key":"RECALL"},{"data":"Conclude","floor":52,"key":"PURGE"}],"circlet_count":0,"master_deck":["Eruption+1","Vigilance+1","SpiritShield","ReachHeaven+1","EmptyFist","Ragnarok+1","Halt","ThirdEye","MentalFortress+1","Protect","Establishment","Prostrate+1","FlurryOfBlows","DeusExMachina+1","FearNoEvil","Necronomicurse","Prostrate+1","Swivel+1","LessonLearned+1","WheelKick+1","DevaForm+1","CrushJoints+1","Brilliance+1","SashWhip+1","FollowUp+1","Finesse"],"relics":["Pandora\u0027s Box","Toy Ornithopter","Smiling Mask","Orichalcum","Turnip","SlaversCollar","Molten Egg 2","Necronomicon","CaptainsWheel","Pear","Bottled Tornado","Snecko Eye","Damaru","Peace Pipe","Akabeko"],"acts_visited":["Exordium","TheCity","TheBeyond","TheEnding"],"potions_floor_usage":[50],"damage_taken":[{"damage":0.0,"enemies":"Cultist","floor":1.0,"turns":2.0},{"damage":10.0,"enemies":"Jaw Worm","floor":2.0,"turns":2.0},{"damage":0.0,"enemies":"Small Slimes","floor":5.0,"turns":3.0},{"damage":12.0,"enemies":"Looter","floor":7.0,"turns":3.0},{"damage":9.0,"enemies":"3 Sentries","floor":10.0,"turns":5.0},{"damage":8.0,"enemies":"Blue Slaver","floor":11.0,"turns":4.0},{"damage":6.0,"enemies":"Gremlin Nob","floor":14.0,"turns":3.0},{"damage":12.0,"enemies":"Hexaghost","floor":16.0,"turns":10.0},{"damage":20.0,"enemies":"Shell Parasite","floor":18.0,"turns":5.0},{"damage":5.0,"enemies":"Spheric Guardian","floor":21.0,"turns":3.0},{"damage":6.0,"enemies":"Snecko","floor":27.0,"turns":4.0},{"damage":31.0,"enemies":"Slavers","floor":29.0,"turns":5.0},{"damage":18.0,"enemies":"Snake Plant","floor":30.0,"turns":4.0},{"damage":10.0,"enemies":"Cultist and Chosen","floor":31.0,"turns":5.0},{"damage":0.0,"enemies":"Collector","floor":33.0,"turns":6.0},{"damage":4.0,"enemies":"Orb Walker","floor":35.0,"turns":3.0},{"damage":24.0,"enemies":"3 Darklings","floor":36.0,"turns":5.0},{"damage":30.0,"enemies":"4 Shapes","floor":37.0,"turns":4.0},{"damage":9.0,"enemies":"Writhing Mass","floor":38.0,"turns":4.0},{"damage":12.0,"enemies":"Nemesis","floor":40.0,"turns":7.0},{"damage":0.0,"enemies":"Maw","floor":42.0,"turns":4.0},{"damage":5.0,"enemies":"Jaw Worm Horde","floor":45.0,"turns":4.0},{"damage":24.0,"enemies":"Reptomancer","floor":47.0,"turns":4.0},{"damage":6.0,"enemies":"Writhing Mass","floor":48.0,"turns":5.0},{"damage":38,"enemies":"Donu and Deca","floor":50,"turns":6},{"damage":71,"enemies":"Shield and Spear","floor":54,"turns":3}],"seed_played":"2911470699321336922","potions_obtained":[{"floor":2.0,"key":"Weak Potion"},{"floor":5.0,"key":"BottledMiracle"},{"floor":7.0,"key":"DistilledChaos"},{"floor":14.0,"key":"Fire Potion"},{"floor":18.0,"key":"ColorlessPotion"},{"floor":27.0,"key":"Regen Potion"},{"floor":31.0,"key":"SkillPotion"},{"floor":37.0,"key":"FearPotion"},{"floor":38.0,"key":"Block Potion"},{"floor":42.0,"key":"LiquidMemories"},{"floor":48.0,"key":"SteroidPotion"}],"is_trial":false,"path_per_floor":["M","M","?","$","M","R","M","R","T","E","M","?","$","E","R","B",null,"M","?","?","M","?","R","$","?","T","M","R","E","M","M","R","B",null,"M","M","M","M","$","E","?","M","T","R","M","?","E","M","R","B",null,"R","$","E"],"character_chosen":"WATCHER","items_purchased":["MentalFortress","Orichalcum","Prostrate","SashWhip+1","FollowUp+1","Finesse","Akabeko"],"campfire_rested":3,"item_purchase_floors":[4,13,13,39,39,39,53],"current_hp_per_floor":[72,62,62,62,62,62,50,50,50,46,38,38,38,32,32,30,62,42,42,26,21,21,21,21,8,18,17,43,36,18,8,34,39,75,71,47,17,8,8,1,1,1,1,26,21,84,60,54,54,21,68,68,68,0,0],"gold":51,"neow_bonus":"BOSS_RELIC","is_daily":false,"chose_seed":false,"campfire_upgraded":4,"win_rate":0.0,"timestamp":1612362146,"path_taken":["M","?","?","$","M","R","M","R","T","E","?","?","?","E","R","BOSS","M","?","?","M","?","R","$","?","T","M","R","E","M","M","R","BOSS","M","M","M","M","$","E","?","M","T","R","M","?","E","M","R","BOSS","R","$","E"],"items_purchased_type":["Card","Relic","Card","Card","Card","Card","Relic"],"build_version":"2020-12-22","purchased_purges":3,"victory":false,"max_hp_per_floor":[72,72,72,72,72,72,72,72,72,72,72,72,72,72,72,72,72,72,72,72,72,72,72,72,77,87,87,87,87,87,87,87,87,87,87,87,87,87,84,84,84,84,84,84,84,84,84,84,84,84,84,84,84,84,84],"card_choices":[{"not_picked":["Prostrate","Collect"],"picked":"Halt","floor":1.0},{"not_picked":["JustLucky","FlyingSleeves"],"picked":"ThirdEye","floor":2.0},{"not_picked":["Nirvana","EmptyBody","SignatureMove"],"picked":"SKIP","floor":5.0},{"not_picked":["ThirdEye","EmptyFist"],"picked":"Protect","floor":7.0},{"not_picked":["Swivel","SignatureMove"],"picked":"Establishment","floor":10.0},{"not_picked":["TalkToTheHand","FollowUp","Consecrate"],"picked":"SKIP","floor":11.0},{"not_picked":["BattleHymn","ThirdEye"],"picked":"FlurryOfBlows","floor":14.0},{"not_picked":["Establishment","Ragnarok"],"picked":"DeusExMachina","floor":16.0},{"not_picked":["ClearTheMind","Evaluate"],"picked":"FearNoEvil","floor":18.0},{"not_picked":["MentalFortress+1","CrushJoints+1"],"picked":"Prostrate+1","floor":21.0},{"not_picked":["Crescendo","EmptyBody"],"picked":"Swivel","floor":27.0},{"not_picked":["JustLucky+1","Consecrate+1"],"picked":"LessonLearned+1","floor":29.0},{"not_picked":["BowlingBash+1","SashWhip+1","Conclude+1"],"picked":"SKIP","floor":30.0},{"not_picked":["Collect","JustLucky+1"],"picked":"WheelKick+1","floor":31.0},{"not_picked":["Wish","ConjureBlade"],"picked":"DevaForm","floor":33.0},{"not_picked":["DeceiveReality+1","ClearTheMind+1"],"picked":"CrushJoints+1","floor":35.0},{"not_picked":["CrushJoints+1","Evaluate+1","Halt"],"picked":"SKIP","floor":36.0},{"not_picked":["Conclude+1","Swivel"],"picked":"Brilliance+1","floor":37.0},{"not_picked":["Evaluate+1","Prostrate","EmptyFist+1"],"picked":"SKIP","floor":38.0},{"not_picked":["ClearTheMind","WaveOfTheHand","PathToVictory+1"],"picked":"SKIP","floor":40.0},{"not_picked":["FearNoEvil+1","SashWhip+1","EmptyFist+1"],"picked":"SKIP","floor":42.0},{"not_picked":["FlyingSleeves+1","Consecrate+1","JustLucky+1"],"picked":"SKIP","floor":45.0},{"not_picked":["FearNoEvil+1","Crescendo","Alpha"],"picked":"SKIP","floor":47.0},{"not_picked":["SashWhip+1","FlyingSleeves+1","ThirdEye+1"],"picked":"SKIP","floor":48.0}],"player_experience":410868,"relics_obtained":[{"floor":9.0,"key":"Toy Ornithopter"},{"floor":10.0,"key":"Smiling Mask"},{"floor":14.0,"key":"Turnip"},{"floor":20.0,"key":"Necronomicon"},{"floor":26.0,"key":"Pear"},{"floor":29.0,"key":"Bottled Tornado"},{"floor":40.0,"key":"Damaru"},{"floor":47.0,"key":"Peace Pipe"}],"event_choices":[{"damage_healed":0.0,"max_hp_gain":0.0,"max_hp_loss":0.0,"gold_gain":100.0,"event_name":"Golden Shrine","player_choice":"Pray","floor":3.0,"gold_loss":0.0,"damage_taken":0.0},{"damage_healed":0.0,"max_hp_gain":0.0,"max_hp_loss":0.0,"gold_gain":0.0,"event_name":"Upgrade Shrine","player_choice":"Upgraded","floor":12.0,"gold_loss":0.0,"damage_taken":0.0,"cards_upgraded":["Ragnarok"]},{"damage_healed":0.0,"max_hp_gain":0.0,"max_hp_loss":0.0,"gold_gain":0.0,"event_name":"The Mausoleum","player_choice":"Opened","floor":19.0,"gold_loss":0.0,"damage_taken":0.0,"relics_obtained":["Molten Egg 2"]},{"damage_healed":0.0,"max_hp_gain":0.0,"max_hp_loss":0.0,"gold_gain":0.0,"event_name":"Cursed Tome","player_choice":"Obtained Book","floor":20.0,"gold_loss":0.0,"damage_taken":16.0},{"damage_healed":0.0,"max_hp_gain":0.0,"max_hp_loss":0.0,"gold_gain":0.0,"event_name":"Addict","player_choice":"Obtained Relic","floor":22.0,"gold_loss":85.0,"damage_taken":0.0,"relics_obtained":["CaptainsWheel"]},{"damage_healed":0.0,"max_hp_gain":5.0,"max_hp_loss":0.0,"gold_gain":0.0,"event_name":"Forgotten Altar","player_choice":"Shed Blood","floor":25.0,"gold_loss":0.0,"damage_taken":18.0},{"damage_healed":0.0,"max_hp_gain":0.0,"max_hp_loss":0.0,"gold_gain":0.0,"event_name":"Mysterious Sphere","player_choice":"Ignored","floor":41.0,"gold_loss":0.0,"damage_taken":0.0},{"cards_removed":["Fasting2"],"damage_healed":63.0,"max_hp_gain":0.0,"max_hp_loss":0.0,"gold_gain":0.0,"event_name":"Bonfire Elementals","player_choice":"Offered Uncommon","floor":46.0,"gold_loss":0.0,"damage_taken":0.0}],"is_beta":false,"boss_relics":[{"not_picked":["Ectoplasm","Runic Dome"],"picked":"SlaversCollar"},{"not_picked":["SacredBark","Empty Cage"],"picked":"Snecko Eye"}],"items_purged_floors":[4,24,39],"is_endless":false,"potions_floor_spawned":[2,5,7,14,18,27,31,37,38,42,48],"killed_by":"Shield and Spear","ascension_level":5}}