{"host":"ptk1shuto3uimndw","time":1612366756,"event":{"mods":["AchievementEnabler","BaseMod","Bestiary","Colored Map","Colored Powertips","Curses Come First","Minty Spire (QoL Compilation)","Quick Restart","Rare Cards Sparkle","Relic Stats","StSLib","Uncapped"],"gold_per_floor":[112,112,127,127,147,147,191,191,191,209,225,11,11,46,46,172,172,186,85,85,85,85],"floor_reached":21,"language":"ENG","playtime":965,"items_purged":[],"score":208,"play_id":"d4269b51-b39a-4a7e-8318-d2999fbe08f3","local_time":"20210203163915","is_ascension_mode":true,"campfire_choices":[{"data":"FlurryOfBlows","floor":6.0,"key":"SMITH"},{"data":"FlurryOfBlows","floor":8.0,"key":"SMITH"},{"data":"Metamorphosis","floor":15.0,"key":"SMITH"}],"circlet_count":0,"master_deck":["Strike_P","Strike_P","Strike_P","Defend_P","Defend_P","Defend_P","Eruption+1","Vigilance","FlurryOfBlows+1","Devotion","ThirdEye","BowlingBash","FlurryOfBlows+1","BattleHymn","Worship","CutThroughFate","Metamorphosis+1","Adaptation","Devotion","WheelKick","FlurryOfBlows","EmptyFist","Devotion"],"relics":["PureWater","Golden Idol","StoneCalendar","TungstenRod","TeardropLocket","Sozu"],"acts_visited":["Exordium","TheCity"],"potions_floor_usage":[],"damage_taken":[{"damage":0.0,"enemies":"2 Louse","floor":1.0,"turns":2.0},{"damage":7.0,"enemies":"Jaw Worm","floor":3.0,"turns":5.0},{"damage":0.0,"enemies":"Small Slimes","floor":5.0,"turns":4.0},{"damage":12.0,"enemies":"Gremlin Nob","floor":7.0,"turns":4.0},{"damage":0.0,"enemies":"Gremlin Gang","floor":10.0,"turns":3.0},{"damage":9.0,"enemies":"Exordium Wildlife","floor":11.0,"turns":3.0},{"damage":9.0,"enemies":"3 Sentries","floor":14.0,"turns":4.0},{"damage":21.0,"enemies":"The Guardian","floor":16.0,"turns":6.0},{"damage":28.0,"enemies":"Shell Parasite","floor":18.0,"turns":4.0},{"damage":26.0,"enemies":"Spheric Guardian","floor":21.0,"turns":5.0}],"seed_played":"5029789762958584526","potions_obtained":[{"floor":3.0,"key":"DistilledChaos"},{"floor":14.0,"key":"SkillPotion"}],"is_trial":false,"path_per_floor":["M","?","M","?","M","R","E","R","T","M","M","$","?","E","R","B",null,"M","$","?","M"],"character_chosen":"WATCHER","items_purchased":["CutThroughFate","Metamorphosis","FlurryOfBlows","EmptyFist"],"campfire_rested":0,"item_purchase_floors":[12,12,19,19],"current_hp_per_floor":[51,51,44,44,44,44,32,32,32,32,23,23,45,36,36,15,67,39,39,39,13,13],"gold":85,"neow_bonus":"TRANSFORM_TWO_CARDS","is_daily":false,"chose_seed":false,"campfire_upgraded":3,"win_rate":0.0,"timestamp":1612366755,"path_taken":["M","?","M","?","M","R","E","R","T","M","M","$","?","E","R","BOSS","M","$","?","M"],"items_purchased_type":["Card","Card","Card","Card"],"build_version":"2020-12-22","purchased_purges":0,"victory":false,"max_hp_per_floor":[72,72,72,67,67,67,67,67,67,67,67,67,67,67,67,67,67,67,67,67,67,67],"relic_stats":{"Sozu":1,"counters":[10,40],"Golden Idol":65,"StoneCalendar":[0],"obtain_stats":[{"Sozu":17,"Golden Idol":4,"StoneCalendar":7,"TeardropLocket":14,"PureWater":0,"TungstenRod":9},{"Sozu":8,"Golden Idol":2,"StoneCalendar":4,"TeardropLocket":7,"PureWater":0,"TungstenRod":4},{"Sozu":31,"Golden Idol":7,"StoneCalendar":15,"TeardropLocket":25,"PureWater":0,"TungstenRod":15}],"TungstenRod":16},"card_choices":[{"not_picked":["Protect","PathToVictory"],"picked":"ThirdEye","floor":1.0},{"not_picked":["SashWhip","Consecrate"],"picked":"BowlingBash","floor":3.0},{"not_picked":["Protect","Study"],"picked":"FlurryOfBlows","floor":5.0},{"not_picked":["Indignation","Omniscience"],"picked":"BattleHymn","floor":7.0},{"not_picked":["CrushJoints","Sanctity","Study"],"picked":"SKIP","floor":10.0},{"not_picked":["CrushJoints","Wireheading"],"picked":"Worship","floor":11.0},{"not_picked":["SashWhip","CutThroughFate"],"picked":"Adaptation","floor":14.0},{"not_picked":["DevaForm","Ragnarok"],"picked":"Devotion","floor":16.0},{"not_picked":["FlyingSleeves","Adaptation"],"picked":"WheelKick","floor":18.0}],"player_experience":235848,"relics_obtained":[{"floor":7.0,"key":"StoneCalendar"},{"floor":9.0,"key":"TungstenRod"},{"floor":14.0,"key":"TeardropLocket"}],"event_choices":[{"damage_healed":0.0,"max_hp_gain":0.0,"max_hp_loss":0.0,"gold_gain":0.0,"event_name":"Living Wall","player_choice":"Grow","floor":2.0,"gold_loss":0.0,"damage_taken":0.0,"cards_upgraded":["Eruption"]},{"damage_healed":0.0,"max_hp_gain":0.0,"max_hp_loss":5.0,"gold_gain":0.0,"event_name":"Golden Idol","player_choice":"Lose Max HP","floor":4.0,"gold_loss":0.0,"damage_taken":0.0,"relics_obtained":["Golden Idol"]},{"damage_healed":22.0,"max_hp_gain":0.0,"max_hp_loss":0.0,"gold_gain":0.0,"event_name":"Big Fish","player_choice":"Banana","floor":13.0,"gold_loss":0.0,"damage_taken":0.0},{"damage_healed":0.0,"max_hp_gain":0.0,"max_hp_loss":0.0,"gold_gain":0.0,"event_name":"Duplicator","player_choice":"Copied","floor":20.0,"gold_loss":0.0,"damage_taken":0.0,"cards_obtained":["Devotion"]}],"is_beta":false,"boss_relics":[{"not_picked":["Runic Dome","Tiny House"],"picked":"Sozu"}],"items_purged_floors":[],"is_endless":false,"potions_floor_spawned":[3,14,18],"killed_by":"Spheric Guardian","ascension_level":2}}