{"host":"3a1sbpq1iuwiesnh","time":1612362983,"event":{"mods":["AchievementEnabler","BaseMod","Colored Map","Colored Powertips","KOR Keyword Fix","Minty Spire (QoL Compilation)","Rare Cards Sparkle","Relic Stats","SuperFastMode","everything is the same but u backflip on backflip"],"gold_per_floor":[18,36,53,73,73,73,73,73],"floor_reached":7,"language":"KOR","playtime":245,"items_purged":[],"score":86,"play_id":"63cd3a18-10ad-4b44-b52e-e17cf71ed7d0","local_time":"20210203233623","is_ascension_mode":true,"campfire_choices":[{"data":"Dagger Spray","floor":6,"key":"SMITH"}],"circlet_count":0,"master_deck":["AscendersBane","Strike_G","Strike_G","Strike_G","Strike_G","Defend_G","Defend_G","Defend_G","Defend_G","Defend_G","Survivor","Neutralize","Infinite Blades","Dagger Spray+1"],"relics":["Ring of the Snake","Gambling Chip"],"acts_visited":["Exordium"],"potions_floor_usage":[7],"damage_taken":[{"damage":7,"enemies":"Jaw Worm","floor":1,"turns":7},{"damage":1,"enemies":"Small Slimes","floor":2,"turns":4},{"damage":5,"enemies":"2 Louse","floor":3,"turns":3},{"damage":8,"enemies":"Exordium Thugs","floor":4,"turns":5},{"damage":38,"enemies":"Lagavulin","floor":7,"turns":7}],"seed_played":"-7318218383649340786","potions_obtained":[{"floor":1,"key":"DistilledChaos"}],"is_trial":false,"path_per_floor":["M","M","M","M","?","R","E"],"character_chosen":"THE_SILENT","items_purchased":[],"campfire_rested":0,"item_purchase_floors":[],"current_hp_per_floor":[52,51,46,38,31,31,0,0],"gold":73,"neow_bonus":"ONE_RARE_RELIC","is_daily":false,"chose_seed":false,"campfire_upgraded":1,"win_rate":0.0,"timestamp":1612362983,"path_taken":["M","M","M","M","?","R","E"],"items_purchased_type":[],"build_version":"2020-12-22","purchased_purges":0,"victory":false,"max_hp_per_floor":[66,66,66,66,66,66,66,66],"relic_stats":{"counters":[5,26],"Gambling Chip":[15],"obtain_stats":[{"Gambling Chip":0,"Ring of the Snake":0},{"Gambling Chip":0,"Ring of the Snake":0},{"Gambling Chip":0,"Ring of the Snake":0}],"Ring of the Snake":[10]},"card_choices":[{"not_picked":["Predator","Well Laid Plans"],"picked":"Infinite Blades","floor":1},{"not_picked":["Deflect","Heel Hook","Dodge and Roll"],"picked":"SKIP","floor":2},{"not_picked":["Bane","Slice","Flying Knee"],"picked":"SKIP","floor":3},{"not_picked":["Dodge and Roll","Bouncing Flask"],"picked":"Dagger Spray","floor":4}],"player_experience":566664,"relics_obtained":[],"event_choices":[{"cards_removed":["Strike_G"],"damage_healed":0,"gold_gain":0,"player_choice":"Card Removal","damage_taken":7,"max_hp_gain":0,"max_hp_loss":0,"event_name":"Golden Wing","floor":5,"gold_loss":0}],"is_beta":false,"boss_relics":[],"items_purged_floors":[],"is_endless":false,"potions_floor_spawned":[1],"killed_by":"Lagavulin","ascension_level":20}}