{"host":"thn8o1tmql8xszd5","time":1612332769,"event":{"mods":["2.2 Compatiblity","AchievementEnabler","BaseMod","Bestiary","Block Reminder","Colored Map","Curses Come First","DeckTracker","Downfall","Highlight Path","Minty Spire (QoL Compilation)","Permanent Neow","Random Character Button","Relic Sorter","Relic Stats","StSLib"],"gold_per_floor":[99,117,117,135,135,152,152,166,166,177,177,53,72,89,99,199,199,199,199,216,231,243,261,284,20,20,30,41,41,41,41,51,51,51,51],"floor_reached":33,"language":"ENG","playtime":2000,"items_purged":["bronze:Strike","bronze:Strike"],"score":295,"play_id":"1a3933c4-7bb0-4bf7-9970-353b6618410b","local_time":"20210203011249","is_ascension_mode":false,"campfire_choices":[{"data":"bronze:Replicate","floor":1,"key":"SMITH"},{"data":"bronze:Branch","floor":9,"key":"SMITH"},{"data":"bronze:Goto","floor":11,"key":"SMITH"},{"data":"bronze:ItsAFeature","floor":18,"key":"SMITH"},{"data":"bronze:CloningBeam","floor":26,"key":"SMITH"},{"data":"bronze:BugBarrage","floor":30,"key":"SMITH"}],"circlet_count":0,"master_deck":["bronze:Strike","bronze:Strike","bronze:Defend","bronze:Defend","bronze:Defend","bronze:Defend","bronze:Replicate+1","bronze:Goto+1","bronze:OilSpill","bronze:Shield","bronze:Branch+1","bronze:Shield","bronze:ChildClass","bronze:ItsAFeature","bronze:Frontload","bronze:ItsAFeature+1","bronze:RecursiveStrike","CurseOfTheBell","bronze:BugBarrage+1","bronze:BugBarrage+1","bronze:Iterate+1","bronze:CloningBeam+1","bronze:Optimize","bronze:DelayedSlice","bronze:OilSpill","bronze:ItsAFeature+1"],"relics":["Coffee Dripper","bronze:CableSpool","Mummified Hand","Calling Bell","Nunchaku","Shuriken","FossilizedHelix","Regal Pillow","Dream Catcher"],"acts_visited":["Exordium","TheCity"],"potions_floor_usage":[8,15,15,22,33],"damage_taken":[{"damage":1,"enemies":"Jaw Worm","floor":2,"turns":3},{"damage":5,"enemies":"Small Slimes","floor":4,"turns":2},{"damage":0,"enemies":"Cultist","floor":6,"turns":3},{"damage":0,"enemies":"Exordium Wildlife","floor":8,"turns":4},{"damage":0,"enemies":"Red Slaver","floor":10,"turns":3},{"damage":0,"enemies":"downfall:FleeingMerchant","floor":12,"turns":4},{"damage":0,"enemies":"Exordium Thugs","floor":13,"turns":4},{"damage":0,"enemies":"2 Fungi Beasts","floor":14,"turns":3},{"damage":0,"enemies":"Gremlin Gang","floor":15,"turns":5},{"damage":0,"enemies":"WA_ARCHETYPE_RETAIN","floor":16,"turns":6},{"damage":0,"enemies":"Chosen","floor":20,"turns":3},{"damage":0,"enemies":"Snecko","floor":21,"turns":5},{"damage":0,"enemies":"Centurion and Healer","floor":22,"turns":5},{"damage":12,"enemies":"Snake Plant","floor":23,"turns":3},{"damage":0,"enemies":"downfall:FleeingMerchant","floor":25,"turns":4},{"damage":0,"enemies":"Sentry and Sphere","floor":27,"turns":4},{"damage":0,"enemies":"Cultist and Chosen","floor":28,"turns":4},{"damage":14,"enemies":"Snake Plant","floor":32,"turns":3},{"damage":49,"enemies":"IC_MUSHROOM_ARCHETYPE","floor":33,"turns":7}],"seed_played":"-3182737724019238721","potions_obtained":[{"floor":2,"key":"Regen Potion"},{"floor":5,"key":"CultistPotion"},{"floor":5,"key":"champ:CounterPotion"},{"floor":13,"key":"Fire Potion"},{"floor":21,"key":"AttackPotion"},{"floor":23,"key":"Ancient Potion"},{"floor":27,"key":"LiquidBronze"}],"is_trial":false,"path_per_floor":["R","M","?","M","?","M","T","M","R","M","R","$","M","M","M","B",null,"R","?","M","M","M","M","T","$","R","M","M","T","R","?","M","B"],"character_chosen":"THE_AUTOMATON","items_purchased":["bronze:ItsAFeature","bronze:CloningBeam","bronze:Optimize"],"campfire_rested":0,"item_purchase_floors":[12,25,25],"current_hp_per_floor":[70,69,51,46,46,46,46,58,58,58,58,58,58,58,58,58,70,70,70,70,70,70,58,58,58,58,58,58,58,58,58,44,0,0,0],"gold":51,"neow_bonus":"BOSS_RELIC","is_daily":false,"chose_seed":false,"campfire_upgraded":6,"win_rate":0.0,"timestamp":1612332769,"path_taken":["R","M","?","M","?","?","T","M","R","M","R","$","M","M","M","BOSS","R","?","?","M","M","M","T","$","R","M","M","?","R","?","M","BOSS"],"items_purchased_type":["Card","Card","Card"],"build_version":"2020-12-22","purchased_purges":2,"victory":false,"max_hp_per_floor":[70,70,70,70,70,70,70,70,70,70,70,70,70,70,70,70,70,70,70,70,70,70,70,70,70,70,70,70,70,70,70,70,70,70,70],"relic_stats":{"Nunchaku":[9],"Regal Pillow":0,"Dream Catcher":0,"counters":[19,75],"Mummified Hand":[30],"Shuriken":[15],"obtain_stats":[{"Calling Bell":17,"Nunchaku":17,"Regal Pillow":24,"Dream Catcher":29,"bronze:BronzeCore":0,"Mummified Hand":7,"Shuriken":17,"Coffee Dripper":0,"FossilizedHelix":17,"bronze:CableSpool":3},{"Calling Bell":10,"Nunchaku":10,"Regal Pillow":14,"Dream Catcher":17,"bronze:BronzeCore":0,"Mummified Hand":3,"Shuriken":10,"Coffee Dripper":0,"FossilizedHelix":10,"bronze:CableSpool":1},{"Calling Bell":37,"Nunchaku":37,"Regal Pillow":53,"Dream Catcher":65,"bronze:BronzeCore":0,"Mummified Hand":8,"Shuriken":37,"Coffee Dripper":0,"FossilizedHelix":37,"bronze:CableSpool":3}]},"card_choices":[{"not_picked":["bronze:Philosophize","bronze:Turbo"],"picked":"bronze:OilSpill","floor":2},{"not_picked":["bronze:DelayedGuard","bronze:Iterate"],"picked":"bronze:Shield","floor":4},{"not_picked":["bronze:BitShift","bronze:Deprecate"],"picked":"bronze:Branch","floor":6},{"not_picked":["bronze:BuggyMess","bronze:CutThrough"],"picked":"bronze:Shield","floor":8},{"not_picked":["bronze:Iterate","bronze:Philosophize"],"picked":"bronze:ChildClass","floor":10},{"not_picked":["bronze:Invalidate","bronze:FollowUp","bronze:Virus"],"picked":"SKIP","floor":12},{"not_picked":["bronze:ForLoop","bronze:CutThrough","bronze:WildBeam"],"picked":"SKIP","floor":13},{"not_picked":["bronze:Overheat","bronze:Shield"],"picked":"bronze:Frontload","floor":14},{"not_picked":["bronze:Frontload","bronze:ForLoop"],"picked":"bronze:ItsAFeature","floor":15},{"not_picked":["bronze:Assembly","bronze:CleanCode"],"picked":"bronze:RecursiveStrike","floor":16},{"not_picked":["bronze:DelayedGuard","bronze:Backtrace","bronze:Deprecate"],"picked":"SKIP","floor":20},{"not_picked":["bronze:CutThrough","bronze:BuggyMess+1"],"picked":"bronze:BugBarrage","floor":21},{"not_picked":["bronze:Shell","bronze:ChildClass"],"picked":"bronze:BugBarrage+1","floor":22},{"not_picked":["bronze:Overload","bronze:HyperBeam"],"picked":"bronze:Iterate+1","floor":23},{"not_picked":["bronze:WhirlingStrike","bronze:CutThrough","bronze:DigitalCarnage"],"picked":"SKIP","floor":25},{"not_picked":["bronze:WhirlingStrike","bronze:Branch"],"picked":"bronze:DelayedSlice","floor":27},{"not_picked":["bronze:FollowUp+1","bronze:BitShift"],"picked":"bronze:OilSpill","floor":28},{"not_picked":["bronze:WildBeam","bronze:ItsAFeature","bronze:ForLoop"],"picked":"SKIP","floor":32}],"player_experience":843236,"relics_obtained":[{"floor":7,"key":"Mummified Hand"},{"floor":17,"key":"Nunchaku"},{"floor":17,"key":"Shuriken"},{"floor":17,"key":"FossilizedHelix"},{"floor":24,"key":"Regal Pillow"},{"floor":29,"key":"Dream Catcher"}],"event_choices":[{"damage_healed":0,"gold_gain":0,"player_choice":"Success","damage_taken":18,"relics_obtained":["bronze:CableSpool"],"max_hp_gain":0,"max_hp_loss":0,"event_name":"Scrap Ooze","floor":3,"gold_loss":0},{"damage_healed":0,"gold_gain":0,"player_choice":"Got Potions","damage_taken":0,"max_hp_gain":0,"max_hp_loss":0,"event_name":"Lab","floor":5,"gold_loss":0}],"is_beta":false,"boss_relics":[{"not_picked":["Fusion Hammer","Snecko Eye"],"picked":"Calling Bell"}],"items_purged_floors":[12,25],"is_endless":false,"potions_floor_spawned":[2,6,13,14,21,23,27],"killed_by":"IC_MUSHROOM_ARCHETYPE","ascension_level":0}}