{"host":"4ih4fq53sefgqhvb","time":1612385616,"event":{"mods":["AchievementEnabler","Aspiration","Bard","BaseMod","BetterRewards","Colored Map","Colored Powertips","Conspire","Downfall","Googly Eyes","Hermit","Highlight Path","Hubris","Infinite Spire","Jedi Mod","Jorbs\u0027s Wanderer Trilogy","Marisa????????","Mimic Mod","Minty Spire (QoL Compilation)","Quick Restart","Relic Stats","Replay The Spire","Shop Mod","StSLib","The Animator","The Cursed","The Disciple","The Jungle","The Runesmith","The Servant 0.9.4"],"gold_per_floor":[0,19,33,33,86,96,96,96,108,124,158,158,190,640,655,750,750,450,468,468,487,487,487,523,535,548,548,568,578,578,597,613,613,613,613],"floor_reached":33,"language":"ENG","playtime":3238,"items_purged":[],"score":338,"play_id":"e17a1e7a-fea5-4466-b35a-4aa185ecdd61","local_time":"20210203125336","is_ascension_mode":false,"campfire_choices":[{"floor":1,"key":"RECALL"},{"data":"hexamod:TimeOfNeed","floor":8,"key":"SMITH"},{"data":"hexamod:Incineration","floor":18,"key":"SMITH"},{"floor":23,"key":"REST"},{"floor":30,"key":"REST"}],"circlet_count":0,"master_deck":["hexamod:Strike","hexamod:Strike","hexamod:Strike","hexamod:Defend","hexamod:Defend","hexamod:Defend","hexamod:Sear","hexamod:Float","hexamod:SpectralAdrenaline","hexamod:WildfireWeapon","hexamod:HeatCrush","hexamod:ChargedBarrage","hexamod:TimeOfNeed+1","hexamod:Firestarter","hexamod:ThirdSeal","hexamod:SkipABeat","hexamod:HeatMetal","hexamod:PhantomFireball","hexamod:Incineration+1","downfall:Icky","downfall:Icky","downfall:Icky","hexamod:NightmareGuise","hexamod:WildfireWeapon","hexamod:Hexaguard+1","hexamod:AdvancingGuard","hexamod:GhostOfSpirePresent","Mind Blast","hexamod:RetreatToShadows+1","hexamod:ExtraCrispy","downfall:Bewildered","hexamod:DynamicBlow","hexamod:HeatShield+1","hexamod:Firestarter","hexamod:SuperheatedStrike","hexamod:HeatShield","hexamod:PhantomFireball+1","hexamod:ExtraCrispy","hexamod:SoulSteal","hexamod:SecondSeal","hexamod:GhostShield","hexamod:SixthSeal"],"relics":["hexamod:SpiritBrand","Kunai","conspire:Flyswatter","Ring of Searing","Ring of Fangs","Blue Doll","conspire:RoyalGoblet","downfall:HeartBlessingRed","downfall:HeartBlessingBlue","downfall:HeartBlessingGreen","sneckomod:BabySnecko","The Courier"],"acts_visited":["Exordium","TheCity"],"potions_floor_usage":[9,13,15,15,26,29,29],"damage_taken":[{"damage":0,"enemies":"conspire:RoseBush","floor":2,"turns":4},{"damage":1,"enemies":"Jaw Worm","floor":3,"turns":3},{"damage":1,"enemies":"Cultist","floor":6,"turns":3},{"damage":4,"enemies":"3 Louse","floor":9,"turns":4},{"damage":3,"enemies":"2 Fungi Beasts","floor":10,"turns":3},{"damage":21,"enemies":"3 Sentries","floor":11,"turns":8},{"damage":30,"enemies":"Lagavulin","floor":13,"turns":4},{"damage":6,"enemies":"Lots of Slimes","floor":15,"turns":3},{"damage":0,"enemies":"SI_SHIV_ARCHETYPE","floor":16,"turns":7},{"damage":21,"enemies":"conspire:FuzzyDice","floor":19,"turns":5},{"damage":8,"enemies":"3 Byrds","floor":21,"turns":5},{"damage":20,"enemies":"Sentry and Sphere","floor":24,"turns":9},{"damage":30,"enemies":"Sentry and Sphere","floor":25,"turns":6},{"damage":13,"enemies":"3 Cultists","floor":26,"turns":5},{"damage":0,"enemies":"Snake Plant","floor":28,"turns":3},{"damage":3,"enemies":"Snecko","floor":29,"turns":3},{"damage":5,"enemies":"conspire:HollyBat","floor":31,"turns":8},{"damage":0,"enemies":"Chosen and Byrds","floor":32,"turns":3},{"damage":37,"enemies":"IC_MUSHROOM_ARCHETYPE","floor":33,"turns":7}],"seed_played":"-1849955118344435665","potions_obtained":[{"floor":2,"key":"Block Potion"},{"floor":3,"key":"SteroidPotion"},{"floor":11,"key":"DistilledChaos"},{"floor":13,"key":"SteroidPotion"},{"floor":16,"key":"Milkshake"},{"floor":25,"key":"Weak Potion"},{"floor":28,"key":"Adrenaline Potion"},{"floor":32,"key":"Ancient Potion"}],"is_trial":false,"path_per_floor":["R_BF","M","M","?","T","M","T","R","M","M","E","?","E","?","M","B",null,"R","M","?","M","?","R","MIM","M","M","?","M","M","R","M","M","B"],"character_chosen":"THE_SPIRIT","items_purchased":[],"campfire_rested":2,"item_purchase_floors":[],"current_hp_per_floor":[70,70,69,69,69,68,68,68,64,61,40,40,10,10,4,4,70,80,59,59,51,51,75,55,25,12,12,12,9,33,28,28,0,0,0],"gold":613,"neow_bonus":"TRANSFORM_TWO_CARDS","is_daily":false,"chose_seed":false,"campfire_upgraded":2,"win_rate":0.0,"timestamp":1612385616,"path_taken":["R_BF","M","M","?","?","M","T","R","?","?","E","?","E","?","M","BOSS","R","M","?","?","?","R","MIM","M","M","?","M","?","R","M","M","BOSS"],"items_purchased_type":[],"build_version":"2020-12-22","purchased_purges":0,"victory":false,"max_hp_per_floor":[70,70,70,70,70,70,70,70,70,70,70,70,70,70,70,70,70,80,80,80,80,80,80,80,80,80,80,80,80,80,80,80,80,80,80],"relic_stats":{"counters":[19,93],"Kunai":[4],"obtain_stats":[{"sneckomod:BabySnecko":22,"Ring of Fangs":12,"conspire:RoyalGoblet":17,"downfall:HeartBlessingRed":18,"downfall:HeartBlessingBlue":18,"Blue Doll":13,"downfall:HeartBlessingGreen":18,"The Courier":24,"Kunai":7,"hexamod:SpiritBrand":0,"conspire:Flyswatter":11,"Ring of Searing":12},{"sneckomod:BabySnecko":11,"Ring of Fangs":6,"conspire:RoyalGoblet":9,"downfall:HeartBlessingRed":9,"downfall:HeartBlessingBlue":9,"Blue Doll":7,"downfall:HeartBlessingGreen":9,"The Courier":12,"Kunai":3,"hexamod:SpiritBrand":0,"conspire:Flyswatter":6,"Ring of Searing":6},{"sneckomod:BabySnecko":49,"Ring of Fangs":25,"conspire:RoyalGoblet":39,"downfall:HeartBlessingRed":39,"downfall:HeartBlessingBlue":39,"Blue Doll":29,"downfall:HeartBlessingGreen":39,"The Courier":58,"Kunai":10,"hexamod:SpiritBrand":0,"conspire:Flyswatter":25,"Ring of Searing":25}]},"card_choices":[{"not_picked":["hexamod:DynamicBlow","hexamod:SwordOfDarkness"],"picked":"hexamod:HeatCrush","floor":2},{"not_picked":["hexamod:SuperheatedStrike","hexamod:RadiantFlame"],"picked":"hexamod:ChargedBarrage","floor":3},{"not_picked":["hexamod:HeatCrush","hexamod:Hexaguard"],"picked":"hexamod:TimeOfNeed","floor":6},{"not_picked":["hexamod:NightmareGuise","hexamod:ShieldOfDarkness"],"picked":"hexamod:Firestarter","floor":9},{"not_picked":["hexamod:BurningTouch","hexamod:RetreatToShadows"],"picked":"hexamod:ThirdSeal","floor":10},{"not_picked":["hexamod:FlameSwitch","hexamod:PowerFromBeyond"],"picked":"hexamod:SkipABeat","floor":11},{"not_picked":["hexamod:ShieldOfDarkness","hexamod:TurnItUp"],"picked":"hexamod:HeatMetal","floor":11},{"not_picked":["hexamod:Again","hexamod:CatchUp"],"picked":"hexamod:PhantomFireball","floor":13},{"not_picked":["hexamod:Again","hexamod:NightmareGuise"],"picked":"hexamod:Incineration","floor":13},{"not_picked":["hexamod:Rewind","hexamod:GhostShield"],"picked":"hexamod:NightmareGuise","floor":15},{"not_picked":["hexamod:FlameSwitch","hexamod:GhostOfSpirePresent"],"picked":"hexamod:WildfireWeapon","floor":16},{"not_picked":["hexamod:HeatMetal","hexamod:SpectralSpark"],"picked":"hexamod:Hexaguard+1","floor":19},{"not_picked":["hexamod:NightmareGuise+1","hexamod:SpectralSpark"],"picked":"hexamod:AdvancingGuard","floor":19},{"not_picked":["hexamod:AdvancingGuard","hexamod:ShieldOfDarkness"],"picked":"hexamod:RetreatToShadows+1","floor":21},{"not_picked":["hexamod:FlamesFromBeyond","hexamod:GhostShield"],"picked":"hexamod:ExtraCrispy","floor":21},{"not_picked":["hexamod:GhostShield+1","hexamod:HauntingEcho"],"picked":"hexamod:DynamicBlow","floor":24},{"not_picked":["hexamod:RainOfEmbers","hexamod:CatchUp+1"],"picked":"hexamod:HeatShield+1","floor":24},{"not_picked":["hexamod:NightmareStrike","hexamod:NecessarySacrifice"],"picked":"hexamod:Firestarter","floor":25},{"not_picked":["hexamod:NightmareStrike","hexamod:BacktrackSmack+1"],"picked":"hexamod:SuperheatedStrike","floor":25},{"not_picked":["hexamod:ParanormalForm","hexamod:InspiringFlames"],"picked":"hexamod:HeatShield","floor":26},{"not_picked":["hexamod:AdvancingGuard+1","hexamod:InspiringFlames+1"],"picked":"hexamod:PhantomFireball+1","floor":26},{"not_picked":["hexamod:SwordOfDarkness","hexamod:HeatMetal"],"picked":"hexamod:ExtraCrispy","floor":28},{"not_picked":["hexamod:AdvancingGuard","hexamod:NightmareStrike"],"picked":"hexamod:SoulSteal","floor":29},{"not_picked":["hexamod:NightmareStrike+1","hexamod:RadiantFlame"],"picked":"hexamod:SecondSeal","floor":31},{"not_picked":["hexamod:SuperheatedStrike","hexamod:NightmareStrike"],"picked":"hexamod:GhostShield","floor":31},{"not_picked":["hexamod:EtherealExpedition","hexamod:Hexaguard"],"picked":"hexamod:SixthSeal","floor":32}],"player_experience":955794,"relics_obtained":[{"floor":7,"key":"Kunai"},{"floor":11,"key":"conspire:Flyswatter"},{"floor":12,"key":"Ring of Searing"},{"floor":12,"key":"Ring of Fangs"},{"floor":13,"key":"Blue Doll"},{"floor":24,"key":"The Courier"}],"event_choices":[{"damage_healed":0,"gold_gain":0,"player_choice":"Disagree","damage_taken":0,"max_hp_gain":0,"max_hp_loss":0,"event_name":"conspire:LoneGhost","floor":4,"gold_loss":0},{"damage_healed":0,"gold_gain":0,"player_choice":"Ignored","damage_taken":0,"max_hp_gain":0,"max_hp_loss":0,"event_name":"NoteForYourself","floor":27,"gold_loss":0}],"is_beta":false,"boss_relics":[{"not_picked":["hubris:BlackHole","Runesmith:UraniumAnvil"],"picked":"conspire:RoyalGoblet"}],"items_purged_floors":[],"is_endless":false,"potions_floor_spawned":[2,3,11,13,16,25,28,32],"killed_by":"IC_MUSHROOM_ARCHETYPE","ascension_level":0}}