{"host":"1c52r9kaxdyo25eq","time":1612358460,"event":{"mods":["AchievementEnabler","BaseMod","DeckTracker","Minty Spire (QoL Compilation)","Rare Cards Sparkle","SuperFastMode","everything is the same but u backflip on backflip"],"gold_per_floor":[119,194,194,40,56,88,103,115,166,185,185,216,216,226,226,303,303,315,365,124,141,153,153,171,171,224,224,224,241,241,254,254,254,254],"floor_reached":33,"language":"KOR","playtime":776,"items_purged":["Defend_R"],"score":550,"play_id":"218aa36d-440a-4ff0-8c38-8aefe44cc763","local_time":"20210203222100","is_ascension_mode":true,"campfire_choices":[{"data":"Armaments","floor":11.0,"key":"SMITH"},{"data":"Fire Breathing","floor":15.0,"key":"SMITH"},{"data":"Blood for Blood","floor":23.0,"key":"SMITH"},{"floor":25.0,"key":"REST"},{"data":"Dark Embrace","floor":28.0,"key":"SMITH"},{"floor":32,"key":"REST"}],"circlet_count":0,"master_deck":["AscendersBane","Strike_R","Strike_R","Defend_R","Defend_R","Defend_R","Bash","Blood for Blood+1","Demon Form","Offering","Feed","Battle Trance","Armaments+1","Fire Breathing+1","Offering","Clothesline+1","Dark Embrace+1","Reckless Charge","Body Slam","Inflame","Feel No Pain"],"relics":["Burning Blood","NeowsBlessing","Mummified Hand","Juzu Bracelet","Oddly Smooth Stone","Sozu","Medical Kit"],"acts_visited":["Exordium","TheCity"],"potions_floor_usage":[31],"damage_taken":[{"damage":0.0,"enemies":"Jaw Worm","floor":1.0,"turns":1.0},{"damage":0.0,"enemies":"2 Louse","floor":5.0,"turns":1.0},{"damage":0.0,"enemies":"Gremlin Nob","floor":6.0,"turns":1.0},{"damage":6.0,"enemies":"Cultist","floor":7.0,"turns":3.0},{"damage":12.0,"enemies":"2 Fungi Beasts","floor":8.0,"turns":3.0},{"damage":17.0,"enemies":"Looter","floor":10.0,"turns":2.0},{"damage":21.0,"enemies":"Lagavulin","floor":12.0,"turns":5.0},{"damage":18.0,"enemies":"Large Slime","floor":14.0,"turns":5.0},{"damage":30.0,"enemies":"Hexaghost","floor":16.0,"turns":8.0},{"damage":18.0,"enemies":"Spheric Guardian","floor":18.0,"turns":5.0},{"damage":12.0,"enemies":"Chosen","floor":21.0,"turns":3.0},{"damage":33.0,"enemies":"Sentry and Sphere","floor":22.0,"turns":4.0},{"damage":17.0,"enemies":"Cultist and Chosen","floor":24.0,"turns":4.0},{"damage":32.0,"enemies":"Centurion and Healer","floor":29.0,"turns":5.0},{"damage":12,"enemies":"3 Cultists","floor":31,"turns":4},{"damage":67,"enemies":"Champ","floor":33,"turns":7}],"seed_played":"-5125256949417349276","potions_obtained":[{"floor":1.0,"key":"DuplicationPotion"},{"floor":6.0,"key":"DuplicationPotion"},{"floor":14.0,"key":"Fire Potion"}],"is_trial":false,"path_per_floor":["M","?","?","$","M","E","M","M","T","M","R","E","?","M","R","B",null,"M","?","$","M","M","R","M","R","T","?","R","M","?","M","R","B"],"character_chosen":"IRONCLAD","items_purchased":["Offering","Medical Kit"],"campfire_rested":2,"item_purchase_floors":[4,20],"current_hp_per_floor":[74,63,63,63,69,75,78,75,75,64,64,53,53,45,45,21,72,60,60,60,57,33,33,25,54,54,54,54,31,31,29,60,0,0],"gold":254,"neow_bonus":"THREE_ENEMY_KILL","is_daily":false,"chose_seed":false,"campfire_upgraded":4,"win_rate":0.0,"timestamp":1612358460,"path_taken":["M","?","?","$","M","E","M","M","T","M","R","E","?","M","R","BOSS","M","?","$","M","M","R","M","R","T","?","R","M","?","M","R","BOSS"],"items_purchased_type":["Card","Relic"],"build_version":"2020-12-22","purchased_purges":1,"victory":false,"max_hp_per_floor":[75,75,75,75,75,75,78,81,81,81,81,85,85,89,89,89,89,89,89,89,92,95,95,98,98,98,98,98,101,101,105,105,105,105],"card_choices":[{"not_picked":["Thunderclap","Iron Wave"],"picked":"Blood for Blood","floor":1.0},{"not_picked":["Cleave","True Grit","Body Slam"],"picked":"SKIP","floor":5.0},{"not_picked":["Sentinel","Double Tap"],"picked":"Feed","floor":6.0},{"not_picked":["Body Slam","Carnage"],"picked":"Battle Trance","floor":7.0},{"not_picked":["Clash","Battle Trance"],"picked":"Armaments","floor":8.0},{"not_picked":["Heavy Blade","True Grit","Flex"],"picked":"SKIP","floor":10.0},{"not_picked":["Heavy Blade","True Grit","Flex"],"picked":"SKIP","floor":10.0},{"not_picked":["Cleave","Reaper"],"picked":"Fire Breathing","floor":12.0},{"not_picked":["Iron Wave","Thunderclap","True Grit"],"picked":"SKIP","floor":14.0},{"not_picked":["Feed","Corruption"],"picked":"Offering","floor":16.0},{"not_picked":["Sword Boomerang","Warcry","Spot Weakness"],"picked":"SKIP","floor":18.0},{"not_picked":["Entrench+1","Clash"],"picked":"Clothesline+1","floor":21.0},{"not_picked":["Metallicize","Sentinel","Clothesline+1"],"picked":"SKIP","floor":22.0},{"not_picked":["Wild Strike","Armaments","Warcry"],"picked":"SKIP","floor":24.0},{"not_picked":["Perfected Strike","Rage"],"picked":"Reckless Charge","floor":29.0},{"not_picked":["Headbutt","Anger"],"picked":"Feel No Pain","floor":31}],"player_experience":637132,"relics_obtained":[{"floor":6.0,"key":"Mummified Hand"},{"floor":9.0,"key":"Juzu Bracelet"},{"floor":12.0,"key":"Oddly Smooth Stone"}],"event_choices":[{"damage_healed":0.0,"max_hp_gain":0.0,"max_hp_loss":0.0,"gold_gain":75.0,"event_name":"World of Goop","player_choice":"Gather Gold","floor":2.0,"gold_loss":0.0,"damage_taken":11.0},{"damage_healed":0.0,"max_hp_gain":0.0,"max_hp_loss":0.0,"gold_gain":0.0,"cards_transformed":["Strike_R"],"event_name":"Living Wall","player_choice":"Change","floor":3.0,"gold_loss":0.0,"damage_taken":0.0,"cards_obtained":["Demon Form"]},{"damage_healed":0.0,"max_hp_gain":0.0,"max_hp_loss":0.0,"gold_gain":0.0,"event_name":"Match and Keep!","player_choice":"0 cards matched","floor":13.0,"gold_loss":0.0,"damage_taken":0.0,"cards_obtained":[]},{"damage_healed":0.0,"max_hp_gain":0.0,"max_hp_loss":0.0,"gold_gain":50.0,"event_name":"Nest","player_choice":"Stole From Cult","floor":19.0,"gold_loss":0.0,"damage_taken":0.0},{"damage_healed":0.0,"max_hp_gain":0.0,"max_hp_loss":0.0,"gold_gain":0.0,"event_name":"The Library","player_choice":"Read","floor":27.0,"gold_loss":0.0,"damage_taken":0.0,"cards_obtained":["Dark Embrace"]},{"damage_healed":0.0,"max_hp_gain":0.0,"max_hp_loss":0.0,"gold_gain":0.0,"cards_transformed":["Strike_R","Strike_R"],"event_name":"Drug Dealer","player_choice":"Became Test Subject","floor":30.0,"gold_loss":0.0,"damage_taken":0.0,"cards_obtained":["Body Slam","Inflame"]}],"is_beta":false,"boss_relics":[{"not_picked":["Mark of Pain","Tiny House"],"picked":"Sozu"}],"items_purged_floors":[20],"is_endless":false,"potions_floor_spawned":[1,6,7,10,14,24,31],"killed_by":"Champ","ascension_level":17}}