{"host":"jhywql2x2v3ppvhm","time":1612367566,"event":{"mods":["BaseMod","Colored Map","Colored Powertips","Downfall","Googly Eyes","Hermit","Marisa????????","Minty Spire (QoL Compilation)","Rare Cards Sparkle","Shop Mod","Slay the Relics Exporter","StSLib","The Animator","The Bug Knight","The Cursed","The Disciple","The Necromancer","The Runesmith","The Servant 0.9.4","slay the spire mod where everything is the same but ironclad has a cowboy hat"],"gold_per_floor":[113,130,130,148,50,85,85,97,97,97,114,64,95,95,95,198,198,218,218,72,89,118,134,134,233,256,285,285,285],"floor_reached":28,"language":"ENG","playtime":2251,"items_purged":["Strike_R"],"score":255,"play_id":"bc1e4b85-44c7-4454-ac06-c02abaf14693","local_time":"20210203105246","is_ascension_mode":false,"campfire_choices":[{"data":"Rampage","floor":7,"key":"SMITH"},{"data":"Inflame","floor":10,"key":"SMITH"},{"floor":15,"key":"REST"},{"data":"Anger","floor":24,"key":"SMITH"}],"circlet_count":0,"master_deck":["Bash","Inflame+1","Rampage+1","Shrug It Off","Bloodletting+1","Flex","Heavy Blade","Demon Form","Warcry","Armaments","Evolve","Blood for Blood","Inflame","Exhume","Headbutt","Anger+1","Infernal Blade"],"relics":["Burning Blood","Bag of Marbles","Slimebound:StickyStick","Bottled Lightning","Pandora\u0027s Box","CeramicFish","Strawberry","Anchor"],"acts_visited":["Exordium","TheCity"],"potions_floor_usage":[16,18,22],"damage_taken":[{"damage":5,"enemies":"2 Louse","floor":1,"turns":3},{"damage":6,"enemies":"Cultist","floor":2,"turns":4},{"damage":2,"enemies":"Small Slimes","floor":4,"turns":4},{"damage":32,"enemies":"3 Sentries","floor":6,"turns":9},{"damage":13,"enemies":"3 Louse","floor":8,"turns":6},{"damage":3,"enemies":"Blue Slaver","floor":11,"turns":2},{"damage":32,"enemies":"Gremlin Nob","floor":13,"turns":4},{"damage":31,"enemies":"The Guardian","floor":16,"turns":10},{"damage":15,"enemies":"2 Thieves","floor":18,"turns":3},{"damage":10,"enemies":"Chosen","floor":21,"turns":4},{"damage":35,"enemies":"Shelled Parasite and Fungi","floor":22,"turns":4},{"damage":30,"enemies":"Cultist and Chosen","floor":23,"turns":5},{"damage":47,"enemies":"Snecko","floor":27,"turns":5},{"damage":9,"enemies":"Shelled Parasite and Fungi","floor":28,"turns":2}],"seed_played":"3437002817646819766","potions_obtained":[{"floor":2,"key":"GamblersBrew"},{"floor":8,"key":"Explosive Potion"},{"floor":16,"key":"bronze:BurnAndBuffPotion"},{"floor":18,"key":"BloodPotion"},{"floor":27,"key":"champ:CounterPotion"}],"is_trial":false,"path_per_floor":["M","M","?","M","$","E","R","M","T","R","M","?","E","?","R","B",null,"M","?","$","M","M","M","R","?","T","M","M"],"character_chosen":"IRONCLAD","items_purchased":["Shrug It Off","Strawberry"],"campfire_rested":1,"item_purchase_floors":[5,20],"current_hp_per_floor":[88,88,88,88,88,62,62,55,55,55,58,58,32,14,40,15,88,79,79,86,82,72,48,48,48,48,7,0,0],"gold":285,"neow_bonus":"TEN_PERCENT_HP_BONUS","is_daily":false,"chose_seed":false,"campfire_upgraded":3,"win_rate":0.0,"timestamp":1612367566,"path_taken":["M","M","?","?","?","E","R","M","T","R","M","?","E","?","R","BOSS","M","?","$","?","M","M","R","?","T","M","M"],"items_purchased_type":["Card","Relic"],"build_version":"2020-12-22","purchased_purges":1,"victory":false,"max_hp_per_floor":[88,88,88,88,88,88,88,88,88,88,88,88,88,88,88,88,88,88,88,95,95,95,95,95,95,95,95,95,95],"card_choices":[{"not_picked":["Clothesline","Heavy Blade","Dual Wield"],"picked":"SKIP","floor":1},{"not_picked":["Dual Wield","Infernal Blade"],"picked":"Inflame","floor":2},{"not_picked":["Metallicize","Clothesline"],"picked":"Rampage","floor":4},{"not_picked":["Burning Pact","Evolve"],"picked":"Bloodletting","floor":6},{"not_picked":["Shrug It Off","Perfected Strike","Clothesline"],"picked":"SKIP","floor":8},{"not_picked":["Hemokinesis","Perfected Strike"],"picked":"Flex","floor":11},{"not_picked":["Barricade","Pommel Strike"],"picked":"Heavy Blade","floor":13},{"not_picked":["Exhume","Corruption"],"picked":"Demon Form","floor":16},{"not_picked":["Dark Embrace","Perfected Strike"],"picked":"Headbutt","floor":18},{"not_picked":["Intimidate","Clothesline","Hemokinesis"],"picked":"SKIP","floor":21},{"not_picked":["Twin Strike","Wild Strike"],"picked":"Anger","floor":22},{"not_picked":["Sever Soul","Clothesline+1","Sentinel"],"picked":"SKIP","floor":23},{"not_picked":["True Grit","Warcry"],"picked":"Infernal Blade","floor":27}],"player_experience":211631,"relics_obtained":[{"floor":6,"key":"Bag of Marbles"},{"floor":9,"key":"Slimebound:StickyStick"},{"floor":13,"key":"Bottled Lightning"},{"floor":26,"key":"Anchor"}],"event_choices":[{"cards_removed":["Defend_R"],"damage_healed":0,"gold_gain":0,"player_choice":"Card Removal","damage_taken":0,"max_hp_gain":0,"max_hp_loss":0,"event_name":"Wheel of Change","floor":3,"gold_loss":0},{"cards_removed":["Defend_R"],"damage_healed":0,"gold_gain":0,"player_choice":"Card Removal","damage_taken":0,"max_hp_gain":0,"max_hp_loss":0,"event_name":"The Cleric","floor":12,"gold_loss":50},{"damage_healed":0,"gold_gain":0,"player_choice":"Entered Light","damage_taken":18,"max_hp_gain":0,"max_hp_loss":0,"event_name":"Shining Light","floor":14,"gold_loss":0,"cards_upgraded":["Bloodletting","Strike_R"]},{"damage_healed":0,"gold_gain":0,"player_choice":"Gave Potion","damage_taken":0,"relics_obtained":["CeramicFish"],"max_hp_gain":0,"max_hp_loss":0,"event_name":"WeMeetAgain","floor":19,"gold_loss":0},{"damage_healed":0,"gold_gain":99,"player_choice":"Stole From Cult","damage_taken":0,"max_hp_gain":0,"max_hp_loss":0,"event_name":"Nest","floor":25,"gold_loss":0}],"is_beta":false,"boss_relics":[{"not_picked":["bronze:MakeshiftBattery","Cursed Key"],"picked":"Pandora\u0027s Box"}],"items_purged_floors":[5],"is_endless":false,"potions_floor_spawned":[2,8,16,18,27],"killed_by":"Shelled Parasite and Fungi","ascension_level":0}}