{"host":"sav7uxregyirlf69","time":1612355255,"event":{"mods":["AchievementEnabler","BaseMod","Colored Map","DeckTracker","Keyboard Shortcuts","Minty Spire (QoL Compilation)","READ ME - Guardian Mod","StSLib","SuperFastMode"],"gold_per_floor":[20,20,20,44,44,67,87,12,57,82,82,113,153,166,166,260,260,281,21,21,36,36,36],"floor_reached":22,"language":"KOR","playtime":376,"items_purged":["Strike_G","Strike_G"],"score":372,"play_id":"995525d6-714c-4c34-b0df-c7018122b707","local_time":"20210203212735","is_ascension_mode":true,"campfire_choices":[{"data":"Choke","floor":11,"key":"SMITH"},{"floor":15,"key":"REST"}],"circlet_count":0,"master_deck":["AscendersBane","Strike_G","Strike_G","Defend_G","Defend_G","Defend_G","Defend_G","Survivor","Neutralize","Malaise+1","Blade Dance","Noxious Fumes","Choke+1","Backflip","Backstab","A Thousand Cuts","Footwork","Calculated Gamble","Backflip+1","PiercingWail+1","Corpse Explosion","Well Laid Plans"],"relics":["Ring of the Snake","Golden Idol","Juzu Bracelet","Odd Mushroom","Bag of Marbles","SacredBark","Orrery"],"acts_visited":["Exordium","TheCity"],"potions_floor_usage":[7,13,16,22],"damage_taken":[{"damage":1,"enemies":"Jaw Worm","floor":1,"turns":6},{"damage":0,"enemies":"2 Louse","floor":4,"turns":4},{"damage":5,"enemies":"Cultist","floor":6,"turns":4},{"damage":0,"enemies":"Gremlin Gang","floor":7,"turns":3},{"damage":1,"enemies":"Looter","floor":10,"turns":4},{"damage":6,"enemies":"The Mushroom Lair","floor":12,"turns":4},{"damage":8,"enemies":"Gremlin Nob","floor":13,"turns":3},{"damage":0,"enemies":"Blue Slaver","floor":14,"turns":1},{"damage":13,"enemies":"Slime Boss","floor":16,"turns":7},{"damage":36,"enemies":"Chosen","floor":18,"turns":6},{"damage":6,"enemies":"2 Thieves","floor":21,"turns":5},{"damage":16,"enemies":"Sentry and Sphere","floor":22,"turns":3}],"seed_played":"-3342710057898312452","potions_obtained":[{"floor":4,"key":"Explosive Potion"},{"floor":7,"key":"LiquidMemories"},{"floor":12,"key":"Dexterity Potion"},{"floor":14,"key":"SteroidPotion"}],"is_trial":false,"path_per_floor":["M","?","?","M","?","M","M","$","T","M","R","?","E","M","R","B",null,"M","$","?","M","M"],"character_chosen":"THE_SILENT","items_purchased":["Orrery"],"campfire_rested":1,"item_purchase_floors":[19],"current_hp_per_floor":[58,35,35,35,28,23,23,23,23,22,22,16,8,8,27,14,53,17,17,17,11,0,0],"gold":36,"neow_bonus":"THREE_RARE_CARDS","is_daily":false,"chose_seed":false,"campfire_upgraded":1,"win_rate":0.0,"timestamp":1612355255,"path_taken":["M","?","?","M","?","M","M","$","T","M","R","?","E","M","R","BOSS","M","$","?","M","M"],"items_purchased_type":["Relic"],"build_version":"2020-12-22","purchased_purges":2,"victory":false,"max_hp_per_floor":[66,66,66,66,66,66,66,66,66,66,66,66,66,66,66,66,66,66,66,66,66,66,66],"card_choices":[{"not_picked":["Wraith Form v2","Unload"],"picked":"Malaise","floor":0},{"not_picked":["Prepared","Underhanded Strike"],"picked":"Blade Dance","floor":1},{"not_picked":["Accuracy","Outmaneuver"],"picked":"Noxious Fumes","floor":4},{"not_picked":["Deadly Poison","Prepared"],"picked":"Choke","floor":6},{"not_picked":["Quick Slash","Dodge and Roll"],"picked":"Backflip","floor":7},{"not_picked":["Blade Dance","Slice"],"picked":"Backstab","floor":10},{"not_picked":["PiercingWail","Outmaneuver"],"picked":"A Thousand Cuts","floor":13},{"not_picked":["Deadly Poison","Flechettes"],"picked":"Footwork","floor":14},{"not_picked":["Footwork","Finisher"],"picked":"Calculated Gamble","floor":18},{"not_picked":["Footwork","Storm of Steel"],"picked":"Backflip+1","floor":19},{"not_picked":["Infinite Blades","Deflect"],"picked":"PiercingWail+1","floor":19},{"not_picked":["Calculated Gamble","Expertise"],"picked":"Corpse Explosion","floor":19},{"not_picked":["Sucker Punch","Deadly Poison+1"],"picked":"Well Laid Plans","floor":21}],"player_experience":1469941,"relics_obtained":[{"floor":9,"key":"Juzu Bracelet"},{"floor":12,"key":"Odd Mushroom"},{"floor":13,"key":"Bag of Marbles"}],"event_choices":[{"damage_healed":0,"gold_gain":0,"player_choice":"Take Damage","damage_taken":23,"relics_obtained":["Golden Idol"],"max_hp_gain":0,"max_hp_loss":0,"event_name":"Golden Idol","floor":2,"gold_loss":0},{"damage_healed":0,"gold_gain":0,"player_choice":"Grow","damage_taken":0,"max_hp_gain":0,"max_hp_loss":0,"event_name":"Living Wall","floor":3,"gold_loss":0,"cards_upgraded":["Malaise"]},{"cards_removed":["Defend_G"],"damage_healed":0,"gold_gain":0,"player_choice":"Card Removal","damage_taken":7,"max_hp_gain":0,"max_hp_loss":0,"event_name":"Golden Wing","floor":5,"gold_loss":0},{"damage_healed":0,"gold_gain":0,"player_choice":"Fought Mushrooms","damage_taken":0,"max_hp_gain":0,"max_hp_loss":0,"event_name":"Mushrooms","floor":12,"gold_loss":0},{"cards_removed":["Strike_G"],"damage_healed":0,"gold_gain":0,"player_choice":"Purged","damage_taken":0,"max_hp_gain":0,"max_hp_loss":0,"event_name":"Purifier","floor":20,"gold_loss":0}],"is_beta":false,"boss_relics":[{"not_picked":["Runic Dome","Empty Cage"],"picked":"SacredBark"}],"items_purged_floors":[8,19],"is_endless":false,"potions_floor_spawned":[4,7,12,14],"killed_by":"Sentry and Sphere","ascension_level":20}}