{"host":"Bilverbakes","time":1612317521,"event":{"mods":["2.2 Compatiblity","AchievementEnabler","BaseMod","Bestiary","Colored Map","Minty Spire (QoL Compilation)","Relic Stats","StSLib","ojb\u0027s Info Mod"],"gold_per_floor":[115,135,135,159,175,175,211,211,259,283,283,307,307,307],"floor_reached":13,"language":"ENG","playtime":532,"items_purged":[],"score":174,"play_id":"d817f679-585b-4853-99db-7cc43cf7e493","local_time":"20210202195841","is_ascension_mode":true,"campfire_choices":[{"data":"Predator","floor":6.0,"key":"SMITH"},{"data":"Dash","floor":11,"key":"SMITH"}],"circlet_count":0,"master_deck":["AscendersBane","Strike_G","Strike_G","Strike_G","Strike_G","Strike_G","Defend_G","Defend_G","Defend_G","Defend_G","Defend_G","Survivor","Neutralize","Predator+1","Dash+1","Dagger Throw+1","Reflex","Acrobatics","Blade Dance"],"relics":["Ring of the Snake","Tingsha","Golden Idol","Blue Candle","Strawberry"],"acts_visited":["Exordium"],"potions_floor_usage":[10,13],"damage_taken":[{"damage":7.0,"enemies":"Cultist","floor":1.0,"turns":6.0},{"damage":1.0,"enemies":"Small Slimes","floor":2.0,"turns":4.0},{"damage":2.0,"enemies":"Jaw Worm","floor":4.0,"turns":3.0},{"damage":0.0,"enemies":"3 Louse","floor":5.0,"turns":3.0},{"damage":19.0,"enemies":"Gremlin Nob","floor":7.0,"turns":4.0},{"damage":12,"enemies":"Gremlin Gang","floor":10,"turns":6},{"damage":11,"enemies":"Lots of Slimes","floor":12,"turns":5},{"damage":8,"enemies":"Lagavulin","floor":13,"turns":6}],"seed_played":"1118863551961744757","potions_obtained":[{"floor":1.0,"key":"GamblersBrew"},{"floor":2.0,"key":"SpeedPotion"},{"floor":12,"key":"Dexterity Potion"}],"is_trial":false,"path_per_floor":["M","M","?","M","M","R","E","?","T","M","R","M","E"],"character_chosen":"THE_SILENT","items_purchased":[],"campfire_rested":0,"item_purchase_floors":[],"current_hp_per_floor":[52,51,51,49,49,49,30,30,37,25,25,14,6,6],"gold":307,"neow_bonus":"ONE_RARE_RELIC","is_daily":false,"chose_seed":false,"campfire_upgraded":2,"win_rate":0.0,"timestamp":1612317521,"path_taken":["M","?","?","M","M","R","E","?","T","M","R","M","E"],"items_purchased_type":[],"build_version":"2020-12-18","purchased_purges":0,"victory":false,"max_hp_per_floor":[60,60,54,54,54,54,54,54,61,61,61,61,61,61],"relic_stats":{"counters":[8,37],"Golden Idol":25,"Blue Candle":[0],"Tingsha":[64],"obtain_stats":[{"Golden Idol":3,"Blue Candle":7,"Strawberry":9,"Tingsha":0,"Ring of the Snake":0},{"Golden Idol":2,"Blue Candle":5,"Strawberry":5,"Tingsha":0,"Ring of the Snake":0},{"Golden Idol":10,"Blue Candle":20,"Strawberry":20,"Tingsha":0,"Ring of the Snake":0}],"Ring of the Snake":[16]},"card_choices":[{"not_picked":["Prepared","Backflip"],"picked":"Predator","floor":1.0},{"not_picked":["Setup","Riddle With Holes"],"picked":"Dash","floor":2.0},{"not_picked":["Prepared","Leg Sweep"],"picked":"Dagger Throw","floor":4.0},{"not_picked":["Flechettes","Slice"],"picked":"Reflex","floor":5.0},{"not_picked":["Outmaneuver","Distraction"],"picked":"Acrobatics","floor":7.0},{"not_picked":["Crippling Poison","Setup","Cloak And Dagger"],"picked":"SKIP","floor":10},{"not_picked":["Crippling Poison","PiercingWail"],"picked":"Blade Dance","floor":12}],"player_experience":884147,"relics_obtained":[{"floor":7.0,"key":"Blue Candle"},{"floor":9.0,"key":"Strawberry"}],"event_choices":[{"damage_healed":0.0,"max_hp_gain":0.0,"max_hp_loss":6.0,"gold_gain":0.0,"event_name":"Golden Idol","player_choice":"Lose Max HP","floor":3.0,"gold_loss":0.0,"damage_taken":0.0,"relics_obtained":["Golden Idol"]},{"damage_healed":0.0,"max_hp_gain":0.0,"max_hp_loss":0.0,"gold_gain":0.0,"event_name":"Living Wall","player_choice":"Grow","floor":8.0,"gold_loss":0.0,"damage_taken":0.0,"cards_upgraded":["Dagger Throw"]}],"is_beta":true,"boss_relics":[],"items_purged_floors":[],"is_endless":false,"potions_floor_spawned":[1,2,12],"killed_by":"Lagavulin","ascension_level":20}}