{"host":"5jdby9iqu3ct6557","time":1612379288,"event":{"mods":["BaseMod","DeckTracker","Highlight Path","Minty Spire (QoL Compilation)","Relic Stats","StSLib"],"gold_per_floor":[117,131,56,66,141,166,166,196,196,206,206,239,28,46,46,125,125,140,158,158,176,176,176,191,226,307,232,232,261,334,350,350,350,350],"floor_reached":33,"language":"ENG","playtime":7669,"items_purged":["Defend_P"],"score":760,"play_id":"46b9eeb0-284b-4b6c-950c-28afdb518afe","local_time":"20210203140808","is_ascension_mode":true,"campfire_choices":[{"data":"EmptyFist","floor":7,"key":"SMITH"},{"floor":11,"key":"REST"},{"data":"CrushJoints","floor":15,"key":"SMITH"},{"data":"Fasting2","floor":23,"key":"SMITH"},{"data":"Ghostly","floor":32,"key":"SMITH"}],"circlet_count":0,"master_deck":["AscendersBane","Strike_P+1","Strike_P+1","Defend_P+1","Defend_P+1","Defend_P+1","Eruption","Vigilance","Perseverance","EmptyFist+1","ThirdEye","CrushJoints+1","BowlingBash+1","Tantrum+1","Consecrate+1","Wallop+1","MentalFortress","Conclude+1","Vault","Fasting2+1","FearNoEvil+1","Ghostly+1","Ghostly","Ghostly","EmptyMind","Wallop+1","Halt","FlurryOfBlows+1"],"relics":["PureWater","Molten Egg 2","Bird Faced Urn","Gambling Chip","Akabeko","Bronze Scales","Runic Dome","StoneCalendar","TeardropLocket","Blue Candle","Matryoshka"],"acts_visited":["Exordium","TheCity"],"potions_floor_usage":[6,8,16,25,33],"damage_taken":[{"damage":0,"enemies":"Jaw Worm","floor":1,"turns":6},{"damage":0,"enemies":"2 Louse","floor":2,"turns":4},{"damage":0,"enemies":"Small Slimes","floor":4,"turns":4},{"damage":15,"enemies":"Gremlin Nob","floor":6,"turns":3},{"damage":19,"enemies":"Lagavulin","floor":8,"turns":7},{"damage":0,"enemies":"3 Louse","floor":10,"turns":2},{"damage":0,"enemies":"Gremlin Nob","floor":12,"turns":2},{"damage":0,"enemies":"Large Slime","floor":14,"turns":2},{"damage":17,"enemies":"Hexaghost","floor":16,"turns":7},{"damage":1,"enemies":"3 Byrds","floor":18,"turns":2},{"damage":8,"enemies":"Spheric Guardian","floor":19,"turns":4},{"damage":0,"enemies":"Centurion and Healer","floor":21,"turns":5},{"damage":0,"enemies":"Snake Plant","floor":24,"turns":5},{"damage":0,"enemies":"Slavers","floor":25,"turns":6},{"damage":0,"enemies":"Book of Stabbing","floor":29,"turns":3},{"damage":0,"enemies":"Sentry and Sphere","floor":31,"turns":1},{"damage":62,"enemies":"Collector","floor":33,"turns":6}],"seed_played":"-8185098819892866699","potions_obtained":[{"floor":2,"key":"GamblersBrew"},{"floor":6,"key":"Regen Potion"},{"floor":10,"key":"GamblersBrew"},{"floor":18,"key":"EssenceOfSteel"},{"floor":25,"key":"FairyPotion"},{"floor":31,"key":"BlessingOfTheForge"}],"is_trial":false,"path_per_floor":["M","M","$","M","?","E","R","E","T","M","R","E","$","M","R","B",null,"M","M","?","M","?","R","M","E","T","?","?","E","T","M","R","B"],"character_chosen":"WATCHER","items_purchased":["Bronze Scales","MentalFortress"],"campfire_rested":1,"item_purchase_floors":[13,13],"current_hp_per_floor":[61,61,61,61,50,35,35,31,31,31,51,51,51,51,51,36,60,59,51,51,55,34,34,34,34,34,34,27,27,27,27,27,0,0],"gold":350,"neow_bonus":"TRANSFORM_CARD","is_daily":false,"chose_seed":false,"campfire_upgraded":4,"win_rate":0.0,"timestamp":1612379288,"path_taken":["M","M","$","M","?","E","R","E","T","M","R","E","$","M","R","BOSS","M","M","?","M","?","R","M","E","T","?","?","E","?","?","R","BOSS"],"items_purchased_type":["Relic","Card"],"build_version":"2020-12-22","purchased_purges":1,"victory":false,"max_hp_per_floor":[68,68,68,68,68,68,68,68,68,68,68,68,68,68,68,68,68,68,68,68,68,34,34,34,34,34,34,39,39,39,39,39,39,39],"relic_stats":{"counters":[17,69],"Bird Faced Urn":[10],"Gambling Chip":[43],"Bronze Scales":[120],"Blue Candle":[0],"StoneCalendar":[0],"obtain_stats":[{"Runic Dome":17,"Matryoshka":30,"Bird Faced Urn":8,"Gambling Chip":9,"Bronze Scales":13,"Blue Candle":29,"Molten Egg 2":6,"StoneCalendar":25,"TeardropLocket":26,"PureWater":0,"Akabeko":12},{"Runic Dome":9,"Matryoshka":15,"Bird Faced Urn":5,"Gambling Chip":5,"Bronze Scales":7,"Blue Candle":15,"Molten Egg 2":4,"StoneCalendar":14,"TeardropLocket":14,"PureWater":0,"Akabeko":7},{"Runic Dome":37,"Matryoshka":62,"Bird Faced Urn":24,"Gambling Chip":24,"Bronze Scales":28,"Blue Candle":62,"Molten Egg 2":17,"StoneCalendar":59,"TeardropLocket":59,"PureWater":0,"Akabeko":28}]},"card_choices":[{"not_picked":["Protect","CutThroughFate"],"picked":"EmptyFist","floor":1},{"not_picked":["Crescendo","WaveOfTheHand"],"picked":"ThirdEye","floor":2},{"not_picked":["Devotion","Pray"],"picked":"CrushJoints","floor":4},{"not_picked":["LikeWater","JustLucky+1"],"picked":"BowlingBash+1","floor":6},{"not_picked":["Halt","Meditate"],"picked":"Tantrum+1","floor":8},{"not_picked":["Pray","Protect"],"picked":"Consecrate+1","floor":10},{"not_picked":["MasterReality","EmptyBody"],"picked":"Wallop+1","floor":12},{"not_picked":["FlyingSleeves+1","Tantrum+1"],"picked":"Conclude+1","floor":14},{"not_picked":["Judgement","Establishment"],"picked":"Vault","floor":16},{"not_picked":["Pray","Halt+1"],"picked":"Fasting2","floor":18},{"not_picked":["EmptyBody","FlyingSleeves+1"],"picked":"FearNoEvil+1","floor":21},{"not_picked":["Evaluate","BattleHymn"],"picked":"EmptyMind","floor":24},{"not_picked":["BattleHymn","ClearTheMind"],"picked":"Wallop+1","floor":25},{"not_picked":["MasterReality","Protect+1"],"picked":"Halt","floor":29},{"not_picked":["PathToVictory+1","Prostrate"],"picked":"FlurryOfBlows+1","floor":31}],"player_experience":2489504,"relics_obtained":[{"floor":6,"key":"Molten Egg 2"},{"floor":8,"key":"Bird Faced Urn"},{"floor":9,"key":"Gambling Chip"},{"floor":12,"key":"Akabeko"},{"floor":25,"key":"StoneCalendar"},{"floor":26,"key":"TeardropLocket"},{"floor":29,"key":"Blue Candle"},{"floor":30,"key":"Matryoshka"}],"event_choices":[{"damage_healed":0,"gold_gain":75,"player_choice":"Gather Gold","damage_taken":11,"max_hp_gain":0,"max_hp_loss":0,"event_name":"World of Goop","floor":5,"gold_loss":0},{"damage_healed":0,"gold_gain":0,"player_choice":"Simplicity","damage_taken":0,"max_hp_gain":0,"max_hp_loss":0,"event_name":"Back to Basics","floor":20,"gold_loss":0,"cards_upgraded":["Strike_P","Strike_P","Strike_P","Defend_P","Defend_P","Defend_P"]},{"damage_healed":0,"gold_gain":0,"player_choice":"Became a Ghost","damage_taken":0,"max_hp_gain":0,"max_hp_loss":34,"event_name":"Ghosts","floor":22,"gold_loss":0,"cards_obtained":["Ghostly","Ghostly","Ghostly"]},{"cards_removed":["Strike_P"],"damage_healed":0,"gold_gain":0,"player_choice":"Gave Gold","damage_taken":0,"max_hp_gain":0,"max_hp_loss":0,"event_name":"Beggar","floor":27,"gold_loss":75},{"damage_healed":0,"gold_gain":0,"player_choice":"Shed Blood","damage_taken":12,"max_hp_gain":5,"max_hp_loss":0,"event_name":"Forgotten Altar","floor":28,"gold_loss":0}],"is_beta":false,"boss_relics":[{"not_picked":["Tiny House","VioletLotus"],"picked":"Runic Dome"}],"items_purged_floors":[3],"is_endless":false,"potions_floor_spawned":[2,6,10,18,25,31],"killed_by":"Collector","ascension_level":20}}