{"host":"kk6i5v7sjcm8i50x","time":1612332197,"event":{"mods":["BaseMod","Bestiary","Colored Map","Minty Spire (QoL Compilation)","StSLib","The Saiyan"],"gold_per_floor":[209,8,8,25,100,135,135,135,135,135,162,162,162,181,181,281,281,299,318,318,66,86,117,129,129],"floor_reached":24,"language":"ENG","playtime":1106,"items_purged":["Defend_B"],"score":222,"play_id":"7090e41b-cd3f-4570-8f28-1ad0e9cdf3a8","local_time":"20210203010317","is_ascension_mode":false,"campfire_choices":[{"data":"Beam Cell","floor":7,"key":"SMITH"},{"data":"White Noise","floor":10,"key":"SMITH"},{"floor":13,"key":"REST"},{"floor":15,"key":"REST"}],"circlet_count":0,"master_deck":["Strike_B","Strike_B","Strike_B","Strike_B","Defend_B","Zap+1","Dualcast","White Noise+1","Beam Cell+1","Go for the Eyes","Go for the Eyes","Ball Lightning","Self Repair","All For One","Beam Cell","Self Repair","Turbo","Coolheaded","Leap"],"relics":["Cracked Core","Toolbox","Toy Ornithopter","Strawberry","PreservedInsect","Strange Spoon","MawBank"],"acts_visited":["Exordium","TheCity"],"potions_floor_usage":[11,23,23],"damage_taken":[{"damage":3,"enemies":"Small Slimes","floor":1,"turns":4},{"damage":0,"enemies":"2 Louse","floor":4,"turns":2},{"damage":24,"enemies":"Gremlin Nob","floor":6,"turns":4},{"damage":31,"enemies":"Lagavulin","floor":11,"turns":5},{"damage":0,"enemies":"Cultist","floor":14,"turns":2},{"damage":6,"enemies":"Slime Boss","floor":16,"turns":7},{"damage":10,"enemies":"Spheric Guardian","floor":18,"turns":3},{"damage":18,"enemies":"3 Byrds","floor":19,"turns":3},{"damage":47,"enemies":"Centurion and Healer","floor":22,"turns":6},{"damage":20,"enemies":"Book of Stabbing","floor":23,"turns":3},{"damage":41,"enemies":"Shelled Parasite and Fungi","floor":24,"turns":4}],"seed_played":"4993339436406796623","potions_obtained":[{"floor":1,"key":"SkillPotion"},{"floor":14,"key":"DistilledChaos"},{"floor":19,"key":"Dexterity Potion"},{"floor":23,"key":"DuplicationPotion"}],"is_trial":false,"path_per_floor":["M","$","?","M","?","E","R","?","T","R","E","?","R","M","R","B",null,"M","M","?","$","M","E","M"],"character_chosen":"DEFECT","items_purchased":["Toolbox","Beam Cell","Turbo","Strange Spoon"],"campfire_rested":2,"item_purchase_floors":[2,2,21,21],"current_hp_per_floor":[72,72,72,72,61,37,37,30,37,37,11,11,35,35,59,60,82,79,68,68,68,35,39,0,0],"gold":129,"neow_bonus":"HUNDRED_GOLD","is_daily":false,"chose_seed":false,"campfire_upgraded":2,"win_rate":0.0,"timestamp":1612332197,"path_taken":["M","$","?","M","?","E","R","?","T","R","E","?","R","?","R","BOSS","M","M","?","$","M","E","M"],"items_purchased_type":["Relic","Card","Card","Relic"],"build_version":"2020-12-22","purchased_purges":1,"victory":false,"max_hp_per_floor":[75,75,75,75,75,75,75,75,82,82,82,82,82,82,82,82,82,82,82,82,82,82,82,82,82],"card_choices":[{"not_picked":["Streamline","Beam Cell"],"picked":"White Noise","floor":1},{"not_picked":["Sweeping Beam","Doom and Gloom"],"picked":"Go for the Eyes","floor":4},{"not_picked":["Compile Driver","Heatsinks"],"picked":"Go for the Eyes","floor":6},{"not_picked":["Fission","Skim"],"picked":"Ball Lightning","floor":11},{"not_picked":["Cold Snap","Stack"],"picked":"Self Repair","floor":14},{"not_picked":["Fission","Rainbow"],"picked":"All For One","floor":16},{"not_picked":["Go for the Eyes","Leap"],"picked":"Beam Cell","floor":18},{"not_picked":["Go for the Eyes+1","Sweeping Beam","Genetic Algorithm"],"picked":"SKIP","floor":19},{"not_picked":["Go for the Eyes","Ball Lightning"],"picked":"Coolheaded","floor":22},{"not_picked":["Redo","Steam Power"],"picked":"Leap","floor":23}],"player_experience":151459,"relics_obtained":[{"floor":6,"key":"Toy Ornithopter"},{"floor":9,"key":"Strawberry"},{"floor":11,"key":"PreservedInsect"},{"floor":23,"key":"MawBank"}],"event_choices":[{"cards_removed":["Defend_B"],"damage_healed":0,"gold_gain":0,"player_choice":"Forget","damage_taken":0,"max_hp_gain":0,"max_hp_loss":0,"event_name":"Living Wall","floor":3,"gold_loss":0},{"damage_healed":0,"gold_gain":75,"player_choice":"Gather Gold","damage_taken":11,"max_hp_gain":0,"max_hp_loss":0,"event_name":"World of Goop","floor":5,"gold_loss":0},{"cards_removed":["Defend_B"],"damage_healed":0,"gold_gain":0,"player_choice":"Card Removal","damage_taken":7,"max_hp_gain":0,"max_hp_loss":0,"event_name":"Golden Wing","floor":8,"gold_loss":0},{"damage_healed":0,"gold_gain":0,"player_choice":"Upgraded","damage_taken":0,"max_hp_gain":0,"max_hp_loss":0,"event_name":"Upgrade Shrine","floor":12,"gold_loss":0,"cards_upgraded":["Zap"]},{"damage_healed":0,"gold_gain":0,"player_choice":"Copied","damage_taken":0,"max_hp_gain":0,"max_hp_loss":0,"event_name":"Duplicator","floor":20,"gold_loss":0,"cards_obtained":["Self Repair"]}],"is_beta":false,"boss_relics":[{"not_picked":["Runic Pyramid","Fusion Hammer","Ectoplasm"]}],"items_purged_floors":[21],"is_endless":false,"potions_floor_spawned":[1,14,19,23],"killed_by":"Shelled Parasite and Fungi","ascension_level":0}}