{"host":"i0avyit1s6jb1siw","time":1612353174,"event":{"mods":["BaseMod","DeckTracker","Dota2Spire","Highlight Path","Minty Spire (QoL Compilation)","Quick Restart","StSLib","SuperFastMode"],"gold_per_floor":[109,133,133,21,71,71,103,158,184,248,248,77,109,159,159,292,292,305,305,220,145,145,145,194,240,305,305,305,367,367,383,431,487,22,22,22,22],"floor_reached":36,"language":"ENG","playtime":803,"items_purged":["Strike_G"],"score":722,"play_id":"c7f07da6-7d82-4c42-9e13-1e9f709fc4d3","local_time":"20210203125254","is_ascension_mode":true,"campfire_choices":[{"data":"Predator","floor":6,"key":"SMITH"},{"floor":11,"key":"REST"},{"floor":15,"key":"REST"},{"floor":23,"key":"REST"},{"floor":30,"key":"REST"},{"floor":35,"key":"REST"}],"circlet_count":0,"master_deck":["AscendersBane","Defend_G+1","Defend_G+1","Defend_G+1","Defend_G+1","Defend_G+1","Survivor","Neutralize","Poisoned Stab+1","Predator+1","Concentrate","Crippling Poison","Leg Sweep","Flying Knee","Blade Dance","Adrenaline","Bullet Time+1","Tools of the Trade+1","All Out Attack+1","Deadly Poison+1","Escape Plan","Bouncing Flask","Cloak And Dagger+1","Corpse Explosion","Flechettes+1","Accuracy","Apotheosis"],"relics":["Ring of the Snake","NeowsBlessing","Dota2Spire:HandOfMidas","Nunchaku","Odd Mushroom","Dota2Spire:LotusOrb","OrangePellets","Smiling Mask","Astrolabe","Letter Opener","FaceOfCleric","Dota2Spire:EchoSabre","Mummified Hand","Dota2Spire:EtherealBlade","FossilizedHelix","Dota2Spire:PhaseBoots","ClockworkSouvenir"],"acts_visited":["Exordium","TheCity"],"potions_floor_usage":[10,13,16,25,26,36],"damage_taken":[{"damage":0,"enemies":"Cultist","floor":1,"turns":1},{"damage":0,"enemies":"2 Louse","floor":5,"turns":1},{"damage":0,"enemies":"Gremlin Nob","floor":7,"turns":1},{"damage":16,"enemies":"The Mushroom Lair","floor":8,"turns":5},{"damage":4,"enemies":"Lagavulin","floor":10,"turns":5},{"damage":14,"enemies":"Gremlin Nob","floor":13,"turns":4},{"damage":0,"enemies":"Jaw Worm","floor":14,"turns":4},{"damage":37,"enemies":"Slime Boss","floor":16,"turns":11},{"damage":24,"enemies":"Spheric Guardian","floor":18,"turns":4},{"damage":1,"enemies":"Shell Parasite","floor":24,"turns":5},{"damage":14,"enemies":"Shelled Parasite and Fungi","floor":25,"turns":5},{"damage":3,"enemies":"Gremlin Leader","floor":26,"turns":8},{"damage":4,"enemies":"Book of Stabbing","floor":29,"turns":5},{"damage":0,"enemies":"Centurion and Healer","floor":31,"turns":4},{"damage":0,"enemies":"Snake Plant","floor":32,"turns":3},{"damage":32,"enemies":"Gremlin Leader","floor":33,"turns":5},{"damage":54,"enemies":"Automaton","floor":36,"turns":8}],"seed_played":"-3631940829650836931","potions_obtained":[{"floor":1,"key":"Fire Potion"},{"floor":7,"key":"SkillPotion"},{"floor":10,"key":"GamblersBrew"},{"floor":18,"key":"EssenceOfSteel"},{"floor":24,"key":"GhostInAJar"},{"floor":29,"key":"Regen Potion"},{"floor":33,"key":"Strength Potion"}],"is_trial":false,"path_per_floor":["M","T","?","$","M","R","E","?","T","E","R","$","E","M","R","B",null,"M","?","?","?","?","R","M","M","E","T","T","E","R","M","M","E","$","R","B"],"character_chosen":"THE_SILENT","items_purchased":["Predator","OrangePellets","ClockworkSouvenir","Accuracy","Apotheosis"],"campfire_rested":5,"item_purchase_floors":[4,12,34,34,34],"current_hp_per_floor":[59,59,39,39,39,39,39,23,23,19,38,38,24,24,43,6,51,27,27,27,27,27,46,46,33,31,31,31,28,49,50,51,20,20,41,0,0],"gold":22,"neow_bonus":"THREE_ENEMY_KILL","is_daily":false,"chose_seed":false,"campfire_upgraded":1,"win_rate":0.0,"timestamp":1612353174,"path_taken":["M","?","?","?","?","R","E","?","T","E","R","$","E","M","R","BOSS","M","?","?","?","?","R","M","M","E","T","T","E","R","M","M","E","$","R","BOSS"],"items_purchased_type":["Card","Relic","Relic","Card","Card"],"build_version":"2020-12-22","purchased_purges":1,"victory":false,"max_hp_per_floor":[66,66,66,66,66,66,66,66,66,66,66,66,66,66,66,66,66,66,66,66,66,66,66,67,68,69,69,69,70,70,71,72,73,73,73,73,73],"card_choices":[{"not_picked":["PiercingWail","Blur"],"picked":"Poisoned Stab","floor":1},{"not_picked":["Distraction","Flechettes","Riddle With Holes"],"picked":"SKIP","floor":5},{"not_picked":["Dagger Throw","Backflip"],"picked":"Concentrate","floor":7},{"not_picked":["Poisoned Stab","Slice"],"picked":"Crippling Poison","floor":8},{"not_picked":["Bane","Glass Knife"],"picked":"Leg Sweep","floor":10},{"not_picked":["Setup","Poisoned Stab"],"picked":"Flying Knee","floor":13},{"not_picked":["Skewer","Backflip"],"picked":"Blade Dance","floor":14},{"not_picked":["Glass Knife","Malaise"],"picked":"Adrenaline","floor":16},{"not_picked":["Slice","Dagger Spray"],"picked":"Deadly Poison+1","floor":18},{"not_picked":["Sucker Punch","Deflect"],"picked":"Escape Plan","floor":24},{"not_picked":["Poisoned Stab","Prepared"],"picked":"Bouncing Flask","floor":25},{"not_picked":["Leg Sweep","Dagger Spray","Masterful Stab"],"picked":"SKIP","floor":26},{"not_picked":["Distraction","Prepared"],"picked":"Cloak And Dagger+1","floor":29},{"not_picked":["Dagger Throw","Eviscerate"],"picked":"Corpse Explosion","floor":31},{"not_picked":["Deadly Poison","Dodge and Roll","Flying Knee"],"picked":"SKIP","floor":32},{"not_picked":["Quick Slash+1","Poisoned Stab"],"picked":"Flechettes+1","floor":33}],"player_experience":2398339,"relics_obtained":[{"floor":2,"key":"Dota2Spire:HandOfMidas"},{"floor":7,"key":"Nunchaku"},{"floor":8,"key":"Odd Mushroom"},{"floor":10,"key":"Dota2Spire:LotusOrb"},{"floor":13,"key":"Smiling Mask"},{"floor":26,"key":"Dota2Spire:EchoSabre"},{"floor":27,"key":"Mummified Hand"},{"floor":28,"key":"Dota2Spire:EtherealBlade"},{"floor":29,"key":"FossilizedHelix"},{"floor":33,"key":"Dota2Spire:PhaseBoots"}],"event_choices":[{"damage_healed":0,"gold_gain":0,"player_choice":"Entered Light","damage_taken":20,"max_hp_gain":0,"max_hp_loss":0,"event_name":"Shining Light","floor":3,"gold_loss":0,"cards_upgraded":["Defend_G","Poisoned Stab"]},{"damage_healed":0,"gold_gain":0,"player_choice":"Fought Mushrooms","damage_taken":0,"max_hp_gain":0,"max_hp_loss":0,"event_name":"Mushrooms","floor":8,"gold_loss":0},{"damage_healed":0,"gold_gain":0,"player_choice":"Simplicity","damage_taken":0,"max_hp_gain":0,"max_hp_loss":0,"event_name":"Back to Basics","floor":19,"gold_loss":0,"cards_upgraded":["Strike_G","Defend_G","Defend_G","Defend_G","Defend_G"]},{"damage_healed":0,"gold_gain":0,"player_choice":"Obtained Relic","damage_taken":0,"relics_obtained":["Letter Opener"],"max_hp_gain":0,"max_hp_loss":0,"event_name":"Addict","floor":20,"gold_loss":85},{"cards_removed":["Strike_G"],"damage_healed":0,"gold_gain":0,"player_choice":"Gave Gold","damage_taken":0,"max_hp_gain":0,"max_hp_loss":0,"event_name":"Beggar","floor":21,"gold_loss":75},{"damage_healed":0,"gold_gain":0,"player_choice":"Trade","damage_taken":0,"relics_obtained":["FaceOfCleric"],"max_hp_gain":0,"max_hp_loss":0,"event_name":"FaceTrader","floor":22,"gold_loss":0}],"is_beta":false,"boss_relics":[{"not_picked":["SacredBark","Runic Dome"],"picked":"Astrolabe"}],"items_purged_floors":[4],"is_endless":false,"potions_floor_spawned":[1,7,10,18,24,29,33],"killed_by":"Automaton","ascension_level":20}}