{"host":"4evnc443c98ww2zl","time":1612311754,"event":{"mods":["BaseMod","Better Third Choice","Hermit","Koishi","Luminous","Minty Spire (QoL Compilation)","Remilia??????","Robot Space Explorer","StSLib","The Administrix","The Bug Knight","The Cursed","TheSwordswoman"],"gold_per_floor":[120,26,26,45,72,113,113,146,146,190,234,257,296,320,320,448,448,466,466,480,480,440,440,476,476,476,515,534,578,578,596,596,717,717,735,369,369,435,483,483,499,539,539,579,602,643,202,246,246,246,246,246,134,165,165],"floor_reached":56,"language":"ENG","playtime":4716,"items_purged":[],"score":1757,"play_id":"c7ffd9be-5b58-441f-8063-8099d3a9e02a","local_time":"20210202182234","daily_mods":["SealedDeck","Diverse","Colorless Cards","Heirloom","DeadlyEvents","Elite Swarm"],"is_ascension_mode":false,"campfire_choices":[{"floor":7,"key":"RECALL"},{"data":"Devotion","floor":15,"key":"SMITH"},{"data":"Creative AI","floor":23,"key":"SMITH"},{"data":"RobotSpaceExplorer:Accelerator","floor":25,"key":"SMITH"},{"data":"MastersStateliness","floor":32,"key":"SMITH"},{"data":"Madness","floor":40,"key":"SMITH"},{"data":"Blind","floor":49,"key":"SMITH"},{"data":"Madness","floor":52,"key":"SMITH"}],"circlet_count":0,"master_deck":["Luminous:Light_Ray_of_Redemption","Luminous:Concentrate_Luminous","Luminous:Light_Gather","MastersStateliness+1","Koishi:JumpScare","Cleave","Iron Wave+1","hermit:GoldenBullet","VampireKiss","HollowMod:CloakDash+1","AdministrixMod:ChooseYourEnd","Cleave+1","hermit:Dive+1","blazmod:AlmightyPassage+1","Devotion+1","Creative AI+1","RobotSpaceExplorer:Accelerator+1","Blind+1","Dodge and Roll","Luminous:Light_Wash_Luminous","Echo Form+1","blazmod:TrueSelf+1","Luminous:Light_Glare","Luminous:Light_Gather+1","RobotSpaceExplorer:StunGrenade","Madness+1","Madness+1","Prostrate","RobotSpaceExplorer:TrailblazerForm+1","AdministrixMod:LifeforceNet+1","MastersStateliness+1","Gash+1","Dramatic Entrance+1","Flash of Steel+1","MastersStateliness+1","Machine Learning+1"],"relics":["AdministrixMod:ConductorRitualBaton","Ice Cream","Golden Idol","Bronze Scales","Gremlin Horn","War Paint","Mercury Hourglass","Shuriken","Whetstone","Tiny Chest","Coffee Dripper","MutagenicStrength","Ancient Tea Set","Singing Bowl","Bird Faced Urn","Frozen Egg 2","Bottled Lightning","Black Star","ClockworkSouvenir","AdministrixMod:GoldenChickadee","Unceasing Top","Pen Nib","Eternal Feather","Bottled Flame","ScarletDevilRocket","StoneCalendar","Prayer Wheel","Molten Egg 2","Calipers","Lizard Tail","Mummified Hand","Pantograph","Sundial"],"acts_visited":["Exordium","TheCity","TheBeyond","TheEnding"],"potions_floor_usage":[16,16,28,29,46,55,55,55],"damage_taken":[{"damage":0,"enemies":"Cultist","floor":1,"turns":4},{"damage":0,"enemies":"2 Louse","floor":4,"turns":2},{"damage":12,"enemies":"Gremlin Nob","floor":6,"turns":4},{"damage":0,"enemies":"Lagavulin","floor":8,"turns":4},{"damage":0,"enemies":"HollowMod:MossKnight","floor":10,"turns":5},{"damage":4,"enemies":"3 Sentries","floor":11,"turns":3},{"damage":6,"enemies":"Jaw Worm","floor":12,"turns":2},{"damage":3,"enemies":"HollowMod:MossKnight","floor":13,"turns":3},{"damage":9,"enemies":"Red Slaver","floor":14,"turns":2},{"damage":19,"enemies":"The Guardian","floor":16,"turns":7},{"damage":7,"enemies":"Shell Parasite","floor":18,"turns":2},{"damage":0,"enemies":"Spheric Guardian","floor":20,"turns":1},{"damage":0,"enemies":"Gremlin Leader","floor":24,"turns":4},{"damage":26,"enemies":"HollowMod:Nosk","floor":27,"turns":6},{"damage":21,"enemies":"Snake Plant","floor":28,"turns":2},{"damage":13,"enemies":"Slavers","floor":29,"turns":2},{"damage":0,"enemies":"Snecko","floor":31,"turns":2},{"damage":0,"enemies":"Champ","floor":33,"turns":7},{"damage":1,"enemies":"3 Darklings","floor":35,"turns":3},{"damage":30,"enemies":"2 Orb Walkers","floor":38,"turns":4},{"damage":0,"enemies":"Orb Walker","floor":41,"turns":2},{"damage":0,"enemies":"HollowMod:StalkingDevout","floor":42,"turns":4},{"damage":6,"enemies":"Giant Head","floor":44,"turns":5},{"damage":0,"enemies":"Sphere and 2 Shapes","floor":45,"turns":3},{"damage":9,"enemies":"Reptomancer","floor":46,"turns":4},{"damage":0,"enemies":"HollowMod:StalkingDevout","floor":48,"turns":5},{"damage":0,"enemies":"Time Eater","floor":50,"turns":6},{"damage":0,"enemies":"Shield and Spear","floor":54,"turns":3},{"damage":0,"enemies":"The Heart","floor":55,"turns":7}],"seed_played":"-2407492079647530796","potions_obtained":[{"floor":4,"key":"SkillPotion"},{"floor":6,"key":"Ancient Potion"},{"floor":13,"key":"Energy Potion"},{"floor":16,"key":"SpeedPotion"},{"floor":18,"key":"Fire Potion"},{"floor":28,"key":"AttackPotion"},{"floor":41,"key":"ColorlessPotion"},{"floor":48,"key":"SpeedPotion"}],"is_trial":true,"path_per_floor":["M","$","?","M","T","E","R","E","T","E","E","M","E","M","R","B",null,"M","?","M","?","?","R","E","R","T","E","M","E","T","M","R","B",null,"M","$","?","?","T","R","M","E","T","E","M","E","$","E","R","B",null,"R","$","E","B",null],"character_chosen":"TheAdministrix","items_purchased":["AdministrixMod:ChooseYourEnd","Cleave","ClockworkSouvenir","AdministrixMod:GoldenChickadee","Calipers","MastersStateliness+1","Gash+1","Dramatic Entrance+1","Flash of Steel+1","MastersStateliness+1"],"campfire_rested":0,"item_purchase_floors":[2,2,36,36,47,47,47,47,53,53],"current_hp_per_floor":[65,65,49,54,54,55,55,65,65,65,65,61,65,59,59,48,65,63,63,63,63,63,63,65,65,65,53,38,32,32,38,38,69,69,69,69,60,42,42,42,57,71,71,73,75,68,68,77,77,77,77,77,77,77,77],"gold":165,"neow_bonus":"","is_daily":false,"chose_seed":false,"campfire_upgraded":7,"win_rate":0.0,"timestamp":1612311754,"path_taken":["M","?","?","M","?","E","R","E","T","?","E","M","E","M","R","BOSS","M","?","M","?","?","R","E","R","T","E","M","E","?","?","R","BOSS","M","$","?","?","?","R","M","E","T","E","M","?","$","E","R","BOSS","R","$","E","BOSS"],"items_purchased_type":["Card","Card","Relic","Relic","Relic","Card","Card","Card","Card","Card"],"build_version":"2020-12-22","purchased_purges":0,"victory":true,"max_hp_per_floor":[65,65,65,65,65,65,65,65,65,65,65,65,65,65,65,65,65,65,65,65,65,65,65,65,65,65,65,65,67,67,67,67,69,69,69,69,69,69,69,69,71,71,71,73,75,75,75,77,77,77,77,77,77,77,77],"card_choices":[{"not_picked":["blazmod:StanceChange","Wild Strike","Luminous:Light_Sylvan_Lance"],"picked":"SKIP","floor":1},{"not_picked":["TheCursedMod:CircleOfFlame","Dagger Throw"],"picked":"hermit:Dive","floor":4},{"not_picked":["Night Terror","Corpse Explosion"],"picked":"blazmod:AlmightyPassage","floor":6},{"not_picked":["HollowMod:SoulMaster","Machine Learning"],"picked":"Devotion","floor":8},{"not_picked":["Mayhem","Fiend Fire"],"picked":"Creative AI","floor":10},{"not_picked":["AdministrixMod:BattleforgedBonds","blazmod:ButterflyForm"],"picked":"RobotSpaceExplorer:Accelerator","floor":11},{"not_picked":["HollowMod:DoubleDash","CrushJoints"],"picked":"Blind","floor":12},{"not_picked":["AdministrixMod:LuminaryPath","Koishi:PerfectMindControl","Koishi:SuperEgo"],"picked":"SKIP","floor":13},{"not_picked":["HollowMod:GrimmsGift","hermit:CalledShot"],"picked":"Dodge and Roll","floor":14},{"not_picked":["Koishi:EmbryosDream","HollowMod:SiblingsShadow+1"],"picked":"Luminous:Light_Wash_Luminous","floor":18},{"not_picked":["Koishi:Prune","Perfected Strike","MentalFortress"],"picked":"SKIP","floor":20},{"not_picked":["Luminous:Armageddon_Luminous","Wraith Form v2"],"picked":"Echo Form","floor":24},{"not_picked":["Amplify","blazmod:NaturesBeauty"],"picked":"blazmod:TrueSelf","floor":27},{"not_picked":["EmptyFist","Luminous:Blinding_Pillar_Luminous"],"picked":"Luminous:Light_Glare","floor":28},{"not_picked":["KillingBlow","Thunder Strike","Brilliance"],"picked":"Singing Bowl","floor":29},{"not_picked":["hermit:LowProfile","blazmod:FancifulFlutter+1"],"picked":"Luminous:Light_Gather+1","floor":31},{"not_picked":["LessonLearned","ScarletCoffin","TheCursedMod:UltimatePain"],"picked":"Singing Bowl","floor":33},{"not_picked":["TheCursedMod:Grudge","HollowMod:SoulStrike"],"picked":"RobotSpaceExplorer:StunGrenade","floor":35},{"not_picked":["AdministrixMod:ImmortalGrace","SandsOfTime+1"],"picked":"Prostrate","floor":38},{"not_picked":["Prepared+1","BloodyMagicSquare","CutThroughFate+1"],"picked":"Singing Bowl","floor":41},{"not_picked":["Luminous:Date_of_Light_Luminous","Doppelganger"],"picked":"RobotSpaceExplorer:TrailblazerForm+1","floor":42},{"not_picked":["Luminous:Mirror_Force_Luminous","Berserk+1","Wish"],"picked":"Singing Bowl","floor":44},{"not_picked":["Luminous:Magic_Accelerate_Luminous+1","blazmod:CastAwayDew","UltimateOffering"],"picked":"Singing Bowl","floor":45},{"not_picked":["RobotSpaceExplorer:HighVoltage+1","RobotSpaceExplorer:Scanner+1"],"picked":"AdministrixMod:LifeforceNet+1","floor":46},{"not_picked":["TheCursedMod:ManaCirculation+1","AdministrixMod:BattleforgedBonds","Multi-Cast"],"picked":"Singing Bowl","floor":48},{"not_picked":["Phantasmal Killer","Night Terror"],"picked":"Machine Learning+1","floor":54}],"player_experience":1193734,"relics_obtained":[{"floor":5,"key":"Bronze Scales"},{"floor":6,"key":"Gremlin Horn"},{"floor":8,"key":"War Paint"},{"floor":9,"key":"Mercury Hourglass"},{"floor":10,"key":"Shuriken"},{"floor":11,"key":"Whetstone"},{"floor":13,"key":"Tiny Chest"},{"floor":24,"key":"Ancient Tea Set"},{"floor":26,"key":"Singing Bowl"},{"floor":27,"key":"Bird Faced Urn"},{"floor":29,"key":"Frozen Egg 2"},{"floor":30,"key":"Bottled Lightning"},{"floor":38,"key":"Unceasing Top"},{"floor":42,"key":"Pen Nib"},{"floor":42,"key":"Eternal Feather"},{"floor":43,"key":"Bottled Flame"},{"floor":44,"key":"ScarletDevilRocket"},{"floor":44,"key":"StoneCalendar"},{"floor":46,"key":"Prayer Wheel"},{"floor":46,"key":"Molten Egg 2"},{"floor":48,"key":"Lizard Tail"},{"floor":48,"key":"Mummified Hand"},{"floor":54,"key":"Pantograph"},{"floor":54,"key":"Sundial"}],"event_choices":[{"damage_healed":0,"gold_gain":0,"player_choice":"Take Damage","damage_taken":16,"relics_obtained":["Golden Idol"],"max_hp_gain":0,"max_hp_loss":0,"event_name":"Golden Idol","floor":3,"gold_loss":0},{"damage_healed":0,"gold_gain":0,"player_choice":"Ignored","damage_taken":0,"max_hp_gain":0,"max_hp_loss":0,"event_name":"Vampires","floor":19,"gold_loss":0},{"damage_healed":0,"gold_gain":0,"player_choice":"Inject Mutagens","damage_taken":0,"relics_obtained":["MutagenicStrength"],"max_hp_gain":0,"max_hp_loss":0,"event_name":"Drug Dealer","floor":21,"gold_loss":0},{"damage_healed":0,"gold_gain":0,"player_choice":"Upgrade","damage_taken":0,"max_hp_gain":0,"max_hp_loss":0,"event_name":"Designer","floor":22,"gold_loss":40,"cards_upgraded":["Iron Wave"]},{"damage_healed":0,"gold_gain":0,"player_choice":"Embrace Madness","damage_taken":9,"max_hp_gain":0,"max_hp_loss":0,"event_name":"Winding Halls","floor":37,"gold_loss":0,"cards_obtained":["Madness","Madness"]},{"damage_healed":0,"gold_gain":0,"player_choice":"Fight","damage_taken":0,"max_hp_gain":0,"max_hp_loss":0,"event_name":"Mysterious Sphere","floor":38,"gold_loss":0}],"is_beta":false,"boss_relics":[{"not_picked":["SlaversCollar","Cursed Key"],"picked":"Coffee Dripper"},{"not_picked":["SacredBark","Astrolabe"],"picked":"Black Star"}],"items_purged_floors":[],"is_endless":false,"potions_floor_spawned":[4,6,13,16,18,28,31,41,44,45,48],"ascension_level":0}}