{"host":"lwpvkgc6ydwupigp","time":1612385729,"event":{"mods":["AchievementEnabler","BaseMod","Bestiary","Minty Spire (QoL Compilation)","Quick Restart","Relic Stats"],"gold_per_floor":[111,125,140,153,228,253,218,218,218,218,22,35,55,74,74,171,171,188,205,223,237,255,255,273,273,320,336,349,375,24,24,24,24,24],"floor_reached":33,"language":"ENG","playtime":3145,"items_purged":[],"score":275,"play_id":"7d7a079b-3f00-4ec1-a0b4-6c103b2abb6d","local_time":"20210203215529","is_ascension_mode":false,"campfire_choices":[{"floor":8,"key":"REST"},{"data":"Die Die Die","floor":10,"key":"SMITH"},{"floor":15,"key":"REST"},{"floor":23,"key":"REST"},{"floor":25,"key":"REST"},{"floor":32,"key":"REST"}],"circlet_count":0,"master_deck":["Strike_G","Strike_G","Strike_G","Strike_G","Strike_G","Defend_G","Defend_G","Defend_G","Defend_G","Defend_G","Survivor","Neutralize","Terror","Dagger Spray","Quick Slash","Die Die Die+1","Outmaneuver","PiercingWail","Backstab","All Out Attack","After Image","Backstab+1","Riddle With Holes+1","Dagger Throw","Deadly Poison","Deflect+1","Poisoned Stab","Slice","Skewer"],"relics":["Ring of the Snake","NeowsBlessing","InkBottle","Girya","Potion Belt","Philosopher\u0027s Stone","Regal Pillow","Mango","Sling","Ancient Tea Set","MutagenicStrength"],"acts_visited":["Exordium","TheCity"],"potions_floor_usage":[16,22,24,29,33],"damage_taken":[{"damage":0.0,"enemies":"Jaw Worm","floor":1.0,"turns":1.0},{"damage":0.0,"enemies":"Small Slimes","floor":2.0,"turns":1.0},{"damage":0.0,"enemies":"Cultist","floor":3.0,"turns":1.0},{"damage":9,"enemies":"Red Slaver","floor":4,"turns":5},{"damage":27,"enemies":"Lagavulin","floor":6,"turns":11},{"damage":6,"enemies":"Exordium Thugs","floor":12,"turns":5},{"damage":1,"enemies":"3 Louse","floor":13,"turns":3},{"damage":12,"enemies":"Large Slime","floor":14,"turns":10},{"damage":27,"enemies":"Slime Boss","floor":16,"turns":9},{"damage":0,"enemies":"3 Byrds","floor":18,"turns":3},{"damage":1,"enemies":"Spheric Guardian","floor":19,"turns":3},{"damage":4,"enemies":"Chosen and Byrds","floor":20,"turns":3},{"damage":42,"enemies":"Sentry and Sphere","floor":21,"turns":5},{"damage":23,"enemies":"Snake Plant","floor":22,"turns":4},{"damage":2,"enemies":"Centurion and Healer","floor":24,"turns":4},{"damage":32,"enemies":"Sentry and Sphere","floor":27,"turns":8},{"damage":4,"enemies":"Snecko","floor":28,"turns":3},{"damage":12,"enemies":"Slavers","floor":29,"turns":5},{"damage":56,"enemies":"Collector","floor":33,"turns":6}],"seed_played":"-5018466172092055670","potions_obtained":[{"floor":1.0,"key":"GamblersBrew"},{"floor":4,"key":"Swift Potion"},{"floor":6,"key":"Strength Potion"},{"floor":14,"key":"Regen Potion"},{"floor":18,"key":"DuplicationPotion"},{"floor":24,"key":"Energy Potion"},{"floor":28,"key":"ColorlessPotion"},{"floor":29,"key":"AttackPotion"}],"is_trial":false,"path_per_floor":["M","M","M","M","?","E","?","R","T","R","$","M","M","M","R","B",null,"M","M","M","M","M","R","M","R","T","M","M","E","$","?","R","B"],"character_chosen":"THE_SILENT","items_purchased":["Potion Belt","Outmaneuver","Sling","Ancient Tea Set","FearPotion"],"campfire_rested":5,"item_purchase_floors":[11,11,30,30,30],"current_hp_per_floor":[70,70,70,61,50,23,40,61,61,61,61,55,54,42,63,36,70,70,69,65,23,9,30,28,49,49,17,13,15,15,15,55,0,0],"gold":24,"neow_bonus":"THREE_ENEMY_KILL","is_daily":false,"chose_seed":false,"campfire_upgraded":1,"win_rate":0.0,"timestamp":1612385729,"path_taken":["M","M","M","M","?","E","?","R","T","R","?","M","M","M","R","BOSS","M","M","M","?","M","R","M","R","T","M","M","E","?","?","R","BOSS"],"items_purchased_type":["Relic","Card","Relic","Relic","Potion"],"build_version":"2020-12-22","purchased_purges":0,"victory":false,"max_hp_per_floor":[70,70,70,70,70,70,70,70,70,70,70,70,70,70,70,70,70,70,70,70,70,70,70,70,70,70,70,70,84,84,84,84,84,84],"relic_stats":{"Regal Pillow":15,"counters":[19,90],"obtain_stats":[{"Potion Belt":11,"Girya":9,"Regal Pillow":26,"NeowsBlessing":0,"MutagenicStrength":31,"Philosopher\u0027s Stone":17,"Mango":29,"Sling":30,"Ancient Tea Set":30,"InkBottle":6,"Ring of the Snake":0},{"Potion Belt":5,"Girya":5,"Regal Pillow":15,"NeowsBlessing":0,"MutagenicStrength":18,"Philosopher\u0027s Stone":9,"Mango":18,"Sling":18,"Ancient Tea Set":18,"InkBottle":5,"Ring of the Snake":0},{"Potion Belt":19,"Girya":19,"Regal Pillow":68,"NeowsBlessing":0,"MutagenicStrength":84,"Philosopher\u0027s Stone":46,"Mango":84,"Sling":84,"Ancient Tea Set":84,"InkBottle":19,"Ring of the Snake":0}],"InkBottle":[25],"Ring of the Snake":[38]},"card_choices":[{"not_picked":["Backflip","Poisoned Stab"],"picked":"Terror","floor":1.0},{"not_picked":["Deflect","Acrobatics"],"picked":"Dagger Spray","floor":2.0},{"not_picked":["Slice","Well Laid Plans"],"picked":"Quick Slash","floor":3.0},{"not_picked":["Prepared","Terror","Distraction"],"picked":"SKIP","floor":4},{"not_picked":["Slice","Dodge and Roll"],"picked":"Die Die Die","floor":6},{"not_picked":["Quick Slash","Deadly Poison"],"picked":"PiercingWail","floor":12},{"not_picked":["Flying Knee","Dodge and Roll"],"picked":"Backstab","floor":13},{"not_picked":["Backflip","Prepared"],"picked":"All Out Attack","floor":14},{"not_picked":["Bullet Time","Envenom"],"picked":"After Image","floor":16},{"not_picked":["Dodge and Roll","Slice+1"],"picked":"Backstab+1","floor":18},{"not_picked":["Flying Knee+1","Leg Sweep+1"],"picked":"Riddle With Holes+1","floor":19},{"not_picked":["PiercingWail","Terror"],"picked":"Dagger Throw","floor":20},{"not_picked":["Tactician","Heel Hook+1"],"picked":"Deadly Poison","floor":21},{"not_picked":["Flying Knee","Reflex"],"picked":"Deflect+1","floor":22},{"not_picked":["Flechettes","Acrobatics"],"picked":"Poisoned Stab","floor":24},{"not_picked":["Quick Slash","Prepared"],"picked":"Slice","floor":27},{"not_picked":["Wraith Form v2","Distraction","Crippling Poison"],"picked":"SKIP","floor":28},{"not_picked":["Eviscerate","Prepared"],"picked":"Skewer","floor":29}],"player_experience":27326,"relics_obtained":[{"floor":6,"key":"InkBottle"},{"floor":9,"key":"Girya"},{"floor":26,"key":"Regal Pillow"},{"floor":29,"key":"Mango"}],"event_choices":[{"damage_healed":0,"gold_gain":75,"player_choice":"Gather Gold","damage_taken":11,"max_hp_gain":0,"max_hp_loss":0,"event_name":"World of Goop","floor":5,"gold_loss":0},{"damage_healed":17,"gold_gain":0,"player_choice":"Healed","damage_taken":0,"max_hp_gain":0,"max_hp_loss":0,"event_name":"The Cleric","floor":7,"gold_loss":35},{"damage_healed":0,"gold_gain":0,"player_choice":"Inject Mutagens","damage_taken":0,"relics_obtained":["MutagenicStrength"],"max_hp_gain":0,"max_hp_loss":0,"event_name":"Drug Dealer","floor":31,"gold_loss":0}],"is_beta":false,"boss_relics":[{"not_picked":["Cursed Key","Runic Dome"],"picked":"Philosopher\u0027s Stone"}],"items_purged_floors":[],"is_endless":false,"potions_floor_spawned":[1,4,6,14,18,24,28,29],"killed_by":"Collector","ascension_level":0}}