{"host":"lktusdb9orijgc6z","time":1612311095,"event":{"mods":["BaseMod","Bestiary","Colored Map","Colored Powertips","Minty Spire (QoL Compilation)","Permanent Neow","Quick Restart","Relic Stats","StSLib","everything is the same but u backflip on backflip","slay the spire mod where everything is the same but ironclad has a cowboy hat"],"gold_per_floor":[117,131,131,131,142,167,167,178,178,198,198,216,62,96,96,182,182,205,218,117,129,79,108,108,127,151,193,203,245,261,14,14,97,160,184,28,81,81,134,159,178,214,296,323,351,363,397,102,102,102,102,102,27,62,62],"floor_reached":56,"language":"ENG","playtime":2943,"items_purged":["Strike_R","Strike_R","Anger","Anger"],"score":2094,"play_id":"92c9d07c-3543-4e4a-87f3-13c3415cef83","local_time":"20210203011135","is_ascension_mode":true,"campfire_choices":[{"data":"Feed","floor":7.0,"key":"SMITH"},{"data":"Armaments","floor":11.0,"key":"SMITH"},{"data":"Metallicize","floor":15.0,"key":"SMITH"},{"data":"Demon Form","floor":24.0,"key":"SMITH"},{"floor":32.0,"key":"REST"},{"floor":49.0,"key":"RECALL"},{"data":"Limit Break","floor":52.0,"key":"SMITH"}],"circlet_count":0,"master_deck":["AscendersBane","Bash","Feed+1","Metallicize","Armaments+1","Metallicize+1","Berserk","Uppercut","Headbutt","Immolate","Demon Form+1","Whirlwind","Disarm","Dual Wield","Flex+1","Sword Boomerang+1","Impervious","Battle Trance","Berserk","Limit Break+1","Clothesline","Hemokinesis","Spot Weakness","Seeing Red+1","Shrug It Off","Flex+1","Dark Shackles","PanicButton","Dark Shackles","Shockwave","Feel No Pain"],"relics":["Burning Blood","Mummified Hand","Centennial Puzzle","Kunai","CeramicFish","Runic Pyramid","FossilizedHelix","Lantern","Tiny Chest","Omamori","OrangePellets","Pandora\u0027s Box","Membership Card","PreservedInsect","Orichalcum","Mango","Akabeko","Art of War","Paper Frog","Chemical X","HornCleat"],"acts_visited":["Exordium","TheCity","TheBeyond","TheEnding"],"potions_floor_usage":[55],"damage_taken":[{"damage":9.0,"enemies":"2 Louse","floor":1.0,"turns":2.0},{"damage":0.0,"enemies":"Small Slimes","floor":2.0,"turns":3.0},{"damage":0.0,"enemies":"Cultist","floor":5.0,"turns":2.0},{"damage":39.0,"enemies":"Gremlin Nob","floor":6.0,"turns":5.0},{"damage":7.0,"enemies":"Lots of Slimes","floor":8.0,"turns":4.0},{"damage":3.0,"enemies":"2 Fungi Beasts","floor":10.0,"turns":4.0},{"damage":3.0,"enemies":"Blue Slaver","floor":12.0,"turns":3.0},{"damage":19.0,"enemies":"Lagavulin","floor":14.0,"turns":10.0},{"damage":12.0,"enemies":"The Guardian","floor":16.0,"turns":16.0},{"damage":25.0,"enemies":"3 Byrds","floor":18.0,"turns":5.0},{"damage":14.0,"enemies":"Shell Parasite","floor":19.0,"turns":6.0},{"damage":17.0,"enemies":"Cultist and Chosen","floor":21.0,"turns":7.0},{"damage":14.0,"enemies":"Book of Stabbing","floor":23.0,"turns":5.0},{"damage":21.0,"enemies":"Centurion and Healer","floor":25.0,"turns":5.0},{"damage":31.0,"enemies":"Gremlin Leader","floor":27.0,"turns":6.0},{"damage":17.0,"enemies":"Snake Plant","floor":28.0,"turns":5.0},{"damage":10.0,"enemies":"Book of Stabbing","floor":29.0,"turns":5.0},{"damage":4.0,"enemies":"Cultist and Chosen","floor":30.0,"turns":6.0},{"damage":13.0,"enemies":"Collector","floor":33.0,"turns":8.0},{"damage":19.0,"enemies":"3 Darklings","floor":35.0,"turns":4.0},{"damage":14.0,"enemies":"Nemesis","floor":40.0,"turns":5.0},{"damage":32.0,"enemies":"3 Shapes","floor":41.0,"turns":2.0},{"damage":0.0,"enemies":"Reptomancer","floor":42.0,"turns":3.0},{"damage":2.0,"enemies":"Jaw Worm Horde","floor":45.0,"turns":4.0},{"damage":12.0,"enemies":"4 Shapes","floor":46.0,"turns":4.0},{"damage":0.0,"enemies":"Nemesis","floor":47.0,"turns":5.0},{"damage":47.0,"enemies":"Donu and Deca","floor":50.0,"turns":8.0},{"damage":12.0,"enemies":"Shield and Spear","floor":54.0,"turns":2.0},{"damage":66,"enemies":"The Heart","floor":55,"turns":11}],"seed_played":"-7119652009341877444","potions_obtained":[{"floor":2.0,"key":"BloodPotion"},{"floor":8.0,"key":"Swift Potion"},{"floor":10.0,"key":"GamblersBrew"},{"floor":12.0,"key":"Strength Potion"},{"floor":19.0,"key":"Dexterity Potion"},{"floor":23.0,"key":"Strength Potion"},{"floor":27.0,"key":"Explosive Potion"},{"floor":33.0,"key":"ColorlessPotion"},{"floor":40.0,"key":"LiquidBronze"},{"floor":41.0,"key":"Regen Potion"},{"floor":42.0,"key":"Regen Potion"},{"floor":47.0,"key":"SteroidPotion"},{"floor":54.0,"key":"Dexterity Potion"}],"is_trial":false,"path_per_floor":["M","M","?","?","M","E","R","M","T","M","R","M","$","E","R","B",null,"M","M","$","M","?","E","R","M","T","E","M","E","M","$","R","B",null,"M","$","T","?","T","E","M","E","T","?","M","M","E","$","R","B",null,"R","$","E","B",null],"character_chosen":"IRONCLAD","items_purchased":["Immolate","Disarm","OrangePellets","Membership Card","Paper Frog","Feel No Pain","Chemical X"],"campfire_rested":1,"item_purchase_floors":[13,20,31,36,48,48,48],"current_hp_per_floor":[72,78,53,37,46,13,13,16,16,23,23,48,48,39,39,33,81,66,62,62,55,55,51,51,40,40,19,12,12,18,18,57,54,116,103,103,103,103,103,109,87,93,93,83,103,101,111,111,111,74,142,142,142,136,80],"gold":62,"neow_bonus":"THREE_RARE_CARDS","is_daily":false,"chose_seed":false,"campfire_upgraded":5,"win_rate":0.0,"timestamp":1612311095,"path_taken":["M","M","?","?","M","E","R","M","T","M","R","M","$","E","R","BOSS","M","M","$","M","?","E","R","M","T","E","M","E","?","$","R","BOSS","M","$","?","?","?","E","?","E","T","?","M","M","E","$","R","BOSS","R","$","E","BOSS"],"items_purchased_type":["Card","Card","Relic","Relic","Relic","Card","Relic"],"build_version":"2020-12-22","purchased_purges":4,"victory":true,"max_hp_per_floor":[75,78,78,78,81,81,81,85,85,89,89,93,93,97,97,97,97,101,105,105,109,109,113,113,117,117,121,125,129,133,133,133,137,137,137,137,137,130,130,144,148,148,148,148,152,156,160,160,160,164,164,164,164,164,168],"relic_stats":{"counters":[29,155],"CeramicFish":198,"PreservedInsect":239,"Orichalcum":[102],"Burning Blood":171,"OrangePellets":[37],"Centennial Puzzle":[69],"Mummified Hand":[141],"Tiny Chest":1,"Pandora\u0027s Box":["Battle Trance","Berserk","Limit Break","Anger","Clothesline","Hemokinesis","Spot Weakness"],"Art of War":[3],"Kunai":[31],"Chemical X":[4],"obtain_stats":[{"Lantern":26,"CeramicFish":14,"Mango":40,"PreservedInsect":37,"Omamori":29,"Orichalcum":39,"Burning Blood":0,"Akabeko":42,"OrangePellets":31,"Centennial Puzzle":6,"HornCleat":54,"Mummified Hand":3,"Tiny Chest":27,"Pandora\u0027s Box":34,"Art of War":47,"Kunai":9,"Membership Card":36,"Chemical X":48,"FossilizedHelix":23,"Runic Pyramid":17,"Paper Frog":48},{"Lantern":14,"CeramicFish":8,"Mango":21,"PreservedInsect":20,"Omamori":17,"Orichalcum":20,"Burning Blood":0,"Akabeko":23,"OrangePellets":18,"Centennial Puzzle":4,"HornCleat":28,"Mummified Hand":2,"Tiny Chest":15,"Pandora\u0027s Box":19,"Art of War":26,"Kunai":5,"Membership Card":20,"Chemical X":26,"FossilizedHelix":13,"Runic Pyramid":9,"Paper Frog":26},{"Lantern":77,"CeramicFish":33,"Mango":116,"PreservedInsect":111,"Omamori":93,"Orichalcum":111,"Burning Blood":0,"Akabeko":121,"OrangePellets":99,"Centennial Puzzle":12,"HornCleat":144,"Mummified Hand":5,"Tiny Chest":83,"Pandora\u0027s Box":107,"Art of War":134,"Kunai":16,"Membership Card":111,"Chemical X":134,"FossilizedHelix":72,"Runic Pyramid":49,"Paper Frog":134}]},"card_choices":[{"not_picked":["Impervious","Juggernaut"],"picked":"Feed","floor":0.0},{"not_picked":["Flex","Wild Strike"],"picked":"Anger","floor":1.0},{"not_picked":["Twin Strike","Rupture"],"picked":"Metallicize","floor":2.0},{"not_picked":["Warcry","Burning Pact"],"picked":"Armaments","floor":5.0},{"not_picked":["True Grit","Heavy Blade"],"picked":"Metallicize","floor":6.0},{"not_picked":["Wild Strike","Flex"],"picked":"Berserk","floor":8.0},{"not_picked":["Sword Boomerang","Combust"],"picked":"Uppercut","floor":10.0},{"not_picked":["Armaments","Reckless Charge"],"picked":"Headbutt","floor":12.0},{"not_picked":["Wild Strike","Perfected Strike","Heavy Blade"],"picked":"SKIP","floor":14.0},{"not_picked":["Berserk","Impervious"],"picked":"Demon Form","floor":16.0},{"not_picked":["Rampage","Body Slam+1"],"picked":"Whirlwind","floor":18.0},{"not_picked":["Infernal Blade","Twin Strike","Armaments"],"picked":"SKIP","floor":19.0},{"not_picked":["Iron Wave","Perfected Strike","Pommel Strike"],"picked":"SKIP","floor":21.0},{"not_picked":["Twin Strike","Headbutt","Warcry"],"picked":"SKIP","floor":23.0},{"not_picked":["Perfected Strike","Demon Form"],"picked":"Dual Wield","floor":25.0},{"not_picked":["True Grit","Combust"],"picked":"Flex+1","floor":27.0},{"not_picked":["Body Slam","Headbutt","Reckless Charge"],"picked":"SKIP","floor":28.0},{"not_picked":["Second Wind","Wild Strike","Sword Boomerang+1"],"picked":"SKIP","floor":29.0},{"not_picked":["Second Wind","Wild Strike"],"picked":"Sword Boomerang+1","floor":29.0},{"not_picked":["Searing Blow+1","Clothesline","Armaments"],"picked":"SKIP","floor":30.0},{"not_picked":["Corruption","Berserk"],"picked":"Impervious","floor":33.0},{"not_picked":["Spot Weakness","True Grit"],"picked":"Seeing Red+1","floor":35.0},{"not_picked":["Fire Breathing","Blood for Blood","Sword Boomerang"],"picked":"SKIP","floor":40.0},{"not_picked":["Body Slam","Sentinel+1"],"picked":"Shrug It Off","floor":41.0},{"not_picked":["Reckless Charge","Sword Boomerang"],"picked":"Flex+1","floor":42.0},{"not_picked":["Good Instincts","Impatience"],"picked":"Dark Shackles","floor":44.0},{"not_picked":["Good Instincts","Panache"],"picked":"PanicButton","floor":44.0},{"not_picked":["Flash of Steel","Forethought"],"picked":"Dark Shackles","floor":44.0},{"not_picked":["Heavy Blade","Power Through"],"picked":"Shockwave","floor":45.0},{"not_picked":["Flex+1","Headbutt+1","Power Through"],"picked":"SKIP","floor":46.0},{"not_picked":["Power Through","Anger+1","Cleave"],"picked":"SKIP","floor":47.0},{"not_picked":["Rupture","Wild Strike","Anger"],"picked":"SKIP","floor":54.0}],"player_experience":749749,"relics_obtained":[{"floor":6.0,"key":"Centennial Puzzle"},{"floor":9.0,"key":"Kunai"},{"floor":14.0,"key":"CeramicFish"},{"floor":23.0,"key":"FossilizedHelix"},{"floor":26.0,"key":"Lantern"},{"floor":27.0,"key":"Tiny Chest"},{"floor":29.0,"key":"Omamori"},{"floor":37.0,"key":"PreservedInsect"},{"floor":39.0,"key":"Orichalcum"},{"floor":40.0,"key":"Mango"},{"floor":42.0,"key":"Akabeko"},{"floor":47.0,"key":"Art of War"},{"floor":54.0,"key":"HornCleat"}],"event_choices":[{"damage_healed":0.0,"max_hp_gain":0.0,"max_hp_loss":0.0,"gold_gain":0.0,"event_name":"Scrap Ooze","player_choice":"Success","floor":3.0,"gold_loss":0.0,"damage_taken":25.0,"relics_obtained":["Mummified Hand"]},{"damage_healed":0.0,"max_hp_gain":0.0,"max_hp_loss":0.0,"gold_gain":0.0,"event_name":"Shining Light","player_choice":"Entered Light","floor":4.0,"gold_loss":0.0,"damage_taken":16.0,"cards_upgraded":["Defend_R","Strike_R"]},{"damage_healed":0.0,"max_hp_gain":0.0,"max_hp_loss":0.0,"gold_gain":0.0,"event_name":"The Joust","player_choice":"Bet on Murderer","floor":22.0,"gold_loss":50.0,"damage_taken":0.0},{"damage_healed":0.0,"max_hp_gain":0.0,"max_hp_loss":7.0,"gold_gain":0.0,"event_name":"Winding Halls","player_choice":"Max HP","floor":38.0,"gold_loss":0.0,"damage_taken":0.0},{"damage_healed":0.0,"max_hp_gain":0.0,"max_hp_loss":0.0,"gold_gain":0.0,"event_name":"SensoryStone","player_choice":"Memory 3","floor":44.0,"gold_loss":0.0,"damage_taken":10.0}],"is_beta":false,"boss_relics":[{"not_picked":["Coffee Dripper","Black Blood"],"picked":"Runic Pyramid"},{"not_picked":["Black Star","SlaversCollar"],"picked":"Pandora\u0027s Box"}],"items_purged_floors":[20,31,48,53],"is_endless":false,"potions_floor_spawned":[2,8,10,12,19,23,27,33,40,41,42,47,54],"ascension_level":13}}