{"host":"fuszjwm6fqgjjp4d","time":1612393695,"event":{"mods":["BaseMod","Bestiary","Colored Map","DeckTracker","Minty Spire (QoL Compilation)","Permanent Neow","Relic Sorter","Relic Stats","StSLib"],"gold_per_floor":[110,260,260,37,37,37,37,37],"floor_reached":7,"language":"ENG","playtime":104,"items_purged":[],"score":74,"play_id":"ae357d32-0edf-401f-9c5a-de0074f75540","local_time":"20210203170815","is_ascension_mode":true,"campfire_choices":[{"data":"Zap","floor":6,"key":"SMITH"}],"circlet_count":0,"master_deck":["AscendersBane","Strike_B","Strike_B","Strike_B","Strike_B","Defend_B","Defend_B","Defend_B","Defend_B","Zap+1","Dualcast","Compile Driver","Compile Driver"],"relics":["Cursed Key","Bag of Marbles","Golden Idol"],"acts_visited":["Exordium"],"potions_floor_usage":[],"damage_taken":[{"damage":10,"enemies":"Small Slimes","floor":1,"turns":3},{"damage":50,"enemies":"3 Sentries","floor":7,"turns":7}],"seed_played":"-2496786065625335903","potions_obtained":[],"is_trial":false,"path_per_floor":["M","?","?","$","?","R","E"],"character_chosen":"DEFECT","items_purchased":["Bag of Marbles","Compile Driver"],"campfire_rested":0,"item_purchase_floors":[4,4],"current_hp_per_floor":[54,54,47,47,47,47,0,0],"gold":37,"neow_bonus":"BOSS_RELIC","is_daily":false,"chose_seed":false,"campfire_upgraded":1,"win_rate":0.0,"timestamp":1612393695,"path_taken":["M","?","?","$","?","R","E"],"items_purchased_type":["Relic","Card"],"build_version":"2020-12-22","purchased_purges":0,"victory":false,"max_hp_per_floor":[71,71,71,71,64,64,64,64],"relic_stats":{"counters":[2,10],"Golden Idol":0,"Cursed Key":0,"obtain_stats":[{"Golden Idol":5,"Bag of Marbles":4,"Cracked Core":0,"Cursed Key":0},{"Golden Idol":1,"Bag of Marbles":1,"Cracked Core":0,"Cursed Key":0},{"Golden Idol":3,"Bag of Marbles":3,"Cracked Core":0,"Cursed Key":0}]},"card_choices":[{"not_picked":["Turbo","Barrage"],"picked":"Compile Driver","floor":1}],"player_experience":1427587,"relics_obtained":[],"event_choices":[{"damage_healed":0,"gold_gain":150,"player_choice":"AGREE","damage_taken":0,"max_hp_gain":0,"max_hp_loss":0,"event_name":"Liars Game","floor":2,"gold_loss":0,"cards_obtained":["Doubt"]},{"cards_removed":["Doubt"],"damage_healed":0,"gold_gain":0,"player_choice":"Card Removal","damage_taken":7,"max_hp_gain":0,"max_hp_loss":0,"event_name":"Golden Wing","floor":3,"gold_loss":0},{"damage_healed":0,"gold_gain":0,"player_choice":"Lose Max HP","damage_taken":0,"relics_obtained":["Golden Idol"],"max_hp_gain":0,"max_hp_loss":7,"event_name":"Golden Idol","floor":5,"gold_loss":0}],"is_beta":false,"boss_relics":[],"items_purged_floors":[],"is_endless":false,"potions_floor_spawned":[],"killed_by":"3 Sentries","ascension_level":20}}