{"host":"j3zzt5y7g79qwjgw","time":1612368791,"event":{"mods":["BaseMod","Downfall","Minty Spire (QoL Compilation)","StSLib"],"gold_per_floor":[99,114,114,114,114,131,157,168,200,200,220,220,246,264,284,388,388,288,299,312,89,23,48,71,87,87,87,123,147,47,71,87,87,87,87],"floor_reached":33,"language":"ENG","playtime":2397,"items_purged":["Guardian:Strike_Guardian"],"score":363,"play_id":"85825d12-2bc9-4931-baf6-002f2794fd01","local_time":"20210203214311","is_ascension_mode":true,"campfire_choices":[{"data":"Guardian:TwinSlam","floor":1.0,"key":"SMITH"},{"data":"Guardian:FierceBash","floor":12.0,"key":"SMITH"},{"floor":18.0,"key":"RECALL"},{"data":"Guardian:ConstructionForm","floor":26,"key":"SMITH"},{"data":"Guardian:PrimingBeam","floor":30,"key":"SMITH"}],"circlet_count":0,"master_deck":["Guardian:Strike_Guardian","Guardian:Strike_Guardian","Guardian:Defend_Guardian","Guardian:Defend_Guardian","Guardian:Defend_Guardian","Guardian:Defend_Guardian","Guardian:CurlUp","Guardian:TwinSlam+1","Guardian:StasisStrike","Guardian:SentryBeam","Guardian:ChargeCore","Guardian:GuardianWhirl","Guardian:FierceBash+1","Guardian:PrimingBeam+1","Guardian:ShieldSpikes","Guardian:PiercingHide","Guardian:Gem_Green","Guardian:Recover+1","Guardian:ConstructionForm+1","Guardian:Gem_Green","Guardian:Gem_Green","Writhe","Guardian:ArmoredProtocol+1","Guardian:TemporalShield","Guardian:Repulse"],"relics":["Guardian:ModeShifter","Guardian:DefensiveModeMoreBlock","Tiny Chest","Bag of Preparation","bronze:MakeshiftBattery","downfall:HeartBlessingBlue","Bag of Marbles","Centennial Puzzle","PreservedInsect","CeramicFish","downfall:HeartBlessingGreen"],"acts_visited":["Exordium","TheCity"],"potions_floor_usage":[29,29,33,33,33,33,33,33],"damage_taken":[{"damage":6.0,"enemies":"2 Louse","floor":2.0,"turns":2.0},{"damage":12.0,"enemies":"Jaw Worm","floor":6.0,"turns":4.0},{"damage":9.0,"enemies":"Small Slimes","floor":8.0,"turns":3.0},{"damage":13.0,"enemies":"Gremlin Nob","floor":9.0,"turns":3.0},{"damage":6.0,"enemies":"2 Fungi Beasts","floor":11.0,"turns":4.0},{"damage":1.0,"enemies":"Large Slime","floor":14.0,"turns":5.0},{"damage":1.0,"enemies":"Lots of Slimes","floor":15.0,"turns":2.0},{"damage":20.0,"enemies":"WA_ARCHETYPE_RETAIN","floor":16.0,"turns":6.0},{"damage":3.0,"enemies":"Shell Parasite","floor":19.0,"turns":6.0},{"damage":20.0,"enemies":"Sentry and Sphere","floor":20.0,"turns":7.0},{"damage":1.0,"enemies":"downfall:FleeingMerchant","floor":21.0,"turns":4.0},{"damage":0.0,"enemies":"downfall:FleeingMerchant","floor":22.0,"turns":4.0},{"damage":0,"enemies":"Cultist and Chosen","floor":25,"turns":5},{"damage":15,"enemies":"Book of Stabbing","floor":28,"turns":6},{"damage":2,"enemies":"Shelled Parasite and Fungi","floor":29,"turns":7},{"damage":9,"enemies":"Snake Plant","floor":31,"turns":3},{"damage":16,"enemies":"Cultist and Chosen","floor":32,"turns":7},{"damage":63,"enemies":"IC_MUSHROOM_ARCHETYPE","floor":33,"turns":11}],"seed_played":"3659217398492915246","potions_obtained":[{"floor":2.0,"key":"EssenceOfSteel"},{"floor":8.0,"key":"champ:CounterPotion"},{"floor":9.0,"key":"Fire Potion"},{"floor":15.0,"key":"Guardian:AcceleratePotion"},{"floor":19.0,"key":"Swift Potion"},{"floor":29,"key":"EntropicBrew"},{"floor":31,"key":"Fruit Juice"}],"is_trial":false,"path_per_floor":["R","M","?","?","?","M","T","M","E","?","M","R","T","M","M","B",null,"R","M","M","$","$","T","T","M","R","?","E","M","R","M","M","B"],"character_chosen":"GUARDIAN","items_purchased":["Guardian:ConstructionForm","Guardian:Gem_Green","Guardian:Gem_Green"],"campfire_rested":0,"item_purchase_floors":[21,21,22],"current_hp_per_floor":[80,74,74,74,74,62,62,53,40,40,34,34,34,33,32,12,80,90,87,67,66,66,66,66,66,66,66,51,49,49,40,24,0,0,0],"gold":87,"neow_bonus":"ONE_RANDOM_RARE_CARD","is_daily":false,"chose_seed":false,"campfire_upgraded":4,"win_rate":0.0,"timestamp":1612368791,"path_taken":["R","M","?","?","?","M","T","M","E","?","M","R","?","M","M","BOSS","R","M","M","?","$","?","T","M","R","?","E","M","R","M","M","BOSS"],"items_purchased_type":["Card","Card","Card"],"build_version":"2020-12-22","purchased_purges":1,"victory":false,"max_hp_per_floor":[80,80,80,80,80,80,80,80,80,80,80,80,80,80,80,80,80,90,90,90,90,90,90,90,90,90,90,90,90,90,90,90,95,95,95],"card_choices":[{"not_picked":["Guardian:PrismaticBeam","Guardian:Recover"],"picked":"Guardian:SentryBeam","floor":2.0},{"not_picked":["Guardian:SpikerProtocol","Guardian:Gem_Red"],"picked":"Guardian:ChargeCore","floor":6.0},{"not_picked":["Guardian:Harden","Guardian:Suspension"],"picked":"Guardian:GuardianWhirl","floor":8.0},{"not_picked":["Guardian:Reroute","Guardian:Gem_Red"],"picked":"Guardian:FierceBash","floor":9.0},{"not_picked":["Guardian:Suspension","Guardian:WalkerClaw"],"picked":"Guardian:PrimingBeam","floor":11.0},{"not_picked":["Guardian:Gem_Green","Guardian:TemporalShield"],"picked":"Guardian:ShieldSpikes","floor":14.0},{"not_picked":["Guardian:Reroute","Guardian:Emergency"],"picked":"Guardian:PiercingHide","floor":15.0},{"not_picked":["Guardian:GemFire","Guardian:ExploitGems"],"picked":"Guardian:Gem_Orange","floor":16.0},{"not_picked":["Guardian:FloatingOrbs","Guardian:PiercingHide+1"],"picked":"Guardian:Gem_Green","floor":19.0},{"not_picked":["Guardian:Repulse","Guardian:BodySlam+1"],"picked":"Guardian:Recover+1","floor":20.0},{"not_picked":["Guardian:Gem_Red","Guardian:GemFire"],"picked":"Guardian:Gem_Yellow","floor":21.0},{"not_picked":["Guardian:TimeBomb","Guardian:PrimingBeam","Guardian:WalkerClaw"],"picked":"SKIP","floor":22.0},{"not_picked":["Guardian:Reroute+1","Guardian:Recover"],"picked":"Guardian:Gem_Crimson","floor":25},{"not_picked":["Guardian:TimeBomb","Guardian:SentryBeam"],"picked":"Guardian:ArmoredProtocol+1","floor":28},{"not_picked":["Guardian:Gem_Lightblue","Guardian:Recover"],"picked":"Guardian:TemporalShield","floor":29},{"not_picked":["Guardian:CrystalBeam+1","Guardian:RollAttack"],"picked":"Guardian:Repulse","floor":31},{"not_picked":["Guardian:SpikerProtocol+1","Guardian:ShieldSpikes","Guardian:StasisStrike"],"picked":"SKIP","floor":32}],"player_experience":307882,"relics_obtained":[{"floor":7.0,"key":"Tiny Chest"},{"floor":9.0,"key":"Bag of Preparation"},{"floor":23.0,"key":"Bag of Marbles"},{"floor":24.0,"key":"Centennial Puzzle"},{"floor":28,"key":"CeramicFish"}],"event_choices":[{"damage_healed":0.0,"max_hp_gain":0.0,"max_hp_loss":0.0,"gold_gain":0.0,"event_name":"Big Fish","player_choice":"Box","floor":5.0,"gold_loss":0.0,"damage_taken":0.0,"relics_obtained":["Guardian:DefensiveModeMoreBlock"],"cards_obtained":["Regret"]}],"is_beta":false,"boss_relics":[{"not_picked":["Guardian:StasisSlotReductionRelic","Calling Bell"],"picked":"bronze:MakeshiftBattery"}],"items_purged_floors":[21],"is_endless":false,"potions_floor_spawned":[2,8,9,15,19,25,29,31,32],"killed_by":"IC_MUSHROOM_ARCHETYPE","ascension_level":3}}