{"host":"17uzppmr1r5fe5jj","time":1612356927,"event":{"mods":["BaseMod","HololiveMod","Minty Spire (QoL Compilation)","Quick Restart","StSLib"],"gold_per_floor":[77,77,95,95,115,115,140,215,215,230,230,2,113,140,140,252,252,276,295,325,356,385,418,343,343,343,375,375,3,3,18,18,130,130,165,65,84,36,80,129,129,147,147,205,285,285,332,332,332,355],"floor_reached":51,"language":"ZHS","playtime":4752,"items_purged":["Hololive_Strike+1","Hololive_Defend"],"score":1280,"play_id":"9be7850f-ac23-48cb-8a34-fb6c29b00bd6","local_time":"20210203205527","is_ascension_mode":false,"campfire_choices":[{"data":"Hololive_CallFriendA","floor":6.0,"key":"SMITH"},{"data":"Hololive_CallHoshimachiSuisei","floor":15.0,"key":"SMITH"},{"data":"Hololive_WolfAndLamb","floor":30.0,"key":"SMITH"},{"data":"Hololive_CallTokinoSora","floor":32.0,"key":"SMITH"},{"data":"Hololive_CallHoshimachiSuisei","floor":41.0,"key":"SMITH"},{"data":"Jack Of All Trades","floor":49.0,"key":"SMITH"}],"circlet_count":0,"master_deck":["Hololive_CallHoshimachiSuisei+1","Hololive_CallTokinoSora+1","Hololive_CallFriendA+1","Hololive_Defend","Hololive_ManjiGathering","Hololive_Psychosis+1","Hololive_CallInugamiKorone","Hololive_CallSakuraMiko","Hololive_OvertimeWork","Hololive_WolfAndLamb+1","Hololive_ILoveYou","Hololive_CallHoshimachiSuisei+1","Hololive_OvertimeWork+1","Swift Strike+1","Hololive_Drill+1","Hololive_Thief","Hololive_CallOmaruPolka+1","Hololive_CandyCastle+1","Hololive_CallYozoraMel+1","Hololive_CallAmaneKanata+1","Dark Shackles","Jack Of All Trades+1","Purity","Hololive_CallRoboco+1"],"relics":["Hololive_TheStar","Hololive_Chaos","Hololive_LightStick","Lizard Tail","Mango","Toolbox","Gremlin Horn","Blood Vial","Hololive_Finger","Omamori","Molten Egg 2","Frozen Egg 2","Prayer Wheel","SlaversCollar","Darkstone Periapt","Question Card","CaptainsWheel","Du-Vu Doll","Bottled Lightning"],"acts_visited":["Exordium","TheCity","TheBeyond"],"potions_floor_usage":[50],"damage_taken":[{"damage":0.0,"enemies":"2 Louse","floor":1.0,"turns":1.0},{"damage":0.0,"enemies":"Jaw Worm","floor":3.0,"turns":1.0},{"damage":0.0,"enemies":"Small Slimes","floor":5.0,"turns":2.0},{"damage":0.0,"enemies":"Gremlin Nob","floor":7.0,"turns":4.0},{"damage":0.0,"enemies":"2 Fungi Beasts","floor":10.0,"turns":2.0},{"damage":0.0,"enemies":"Gremlin Nob","floor":13.0,"turns":4.0},{"damage":0.0,"enemies":"3 Sentries","floor":14.0,"turns":2.0},{"damage":0.0,"enemies":"Hexaghost","floor":16.0,"turns":3.0},{"damage":0.0,"enemies":"2 Thieves","floor":18.0,"turns":3.0},{"damage":0.0,"enemies":"Spheric Guardian","floor":19.0,"turns":2.0},{"damage":3.0,"enemies":"Snake Plant","floor":20.0,"turns":3.0},{"damage":0.0,"enemies":"3 Cultists","floor":21.0,"turns":5.0},{"damage":0.0,"enemies":"Shelled Parasite and Fungi","floor":22.0,"turns":3.0},{"damage":0.0,"enemies":"Gremlin Leader","floor":23.0,"turns":4.0},{"damage":0.0,"enemies":"Book of Stabbing","floor":27.0,"turns":2.0},{"damage":0.0,"enemies":"Snake Plant","floor":31.0,"turns":2.0},{"damage":0.0,"enemies":"Champ","floor":33.0,"turns":6.0},{"damage":5.0,"enemies":"3 Darklings","floor":35.0,"turns":6.0},{"damage":0.0,"enemies":"Orb Walker","floor":37.0,"turns":3.0},{"damage":0.0,"enemies":"Maw","floor":39.0,"turns":5.0},{"damage":0.0,"enemies":"Reptomancer","floor":40.0,"turns":4.0},{"damage":7.0,"enemies":"3 Darklings","floor":42.0,"turns":4.0},{"damage":0.0,"enemies":"2 Orb Walkers","floor":44.0,"turns":3.0},{"damage":0.0,"enemies":"Giant Head","floor":45.0,"turns":5.0},{"damage":0.0,"enemies":"Transient","floor":47.0,"turns":5.0},{"damage":0,"enemies":"Donu and Deca","floor":50,"turns":8}],"seed_played":"6333087525041035871","potions_obtained":[{"floor":1.0,"key":"Explosive Potion"},{"floor":13.0,"key":"EssenceOfSteel"},{"floor":14.0,"key":"Energy Potion"},{"floor":16.0,"key":"DistilledChaos"},{"floor":18.0,"key":"Ancient Potion"},{"floor":19.0,"key":"SkillPotion"},{"floor":22.0,"key":"LiquidBronze"},{"floor":23.0,"key":"Energy Potion"},{"floor":28.0,"key":"FairyPotion"},{"floor":35.0,"key":"Ancient Potion"},{"floor":42.0,"key":"PowerPotion"},{"floor":44.0,"key":"ColorlessPotion"}],"is_trial":false,"path_per_floor":["M","?","M","?","M","R","E","?","T","M","?","$","?","E","R","B",null,"M","M","M","M","M","E","?","?","T","E","?","$","R","M","R","B",null,"M","$","M","$","M","E","R","M","T","?","E","?","M","T","R","B",null],"character_chosen":"Hololive_HololiveCharacter","items_purchased":["Toolbox","Prayer Wheel","Swift Strike+1","Swift Potion"],"campfire_rested":0,"item_purchase_floors":[12,29,29,38],"current_hp_per_floor":[35,35,35,28,28,28,28,17,31,31,21,21,21,21,21,23,49,49,49,46,48,49,49,49,49,49,49,49,49,49,49,49,49,49,44,44,46,46,48,49,49,42,42,47,49,39,41,41,41,43],"gold":355,"neow_bonus":"RANDOM_COMMON_RELIC","is_daily":false,"chose_seed":false,"campfire_upgraded":6,"win_rate":0.0,"timestamp":1612356927,"path_taken":["M","?","M","?","M","R","E","?","T","M","?","$","?","E","R","BOSS","M","M","M","M","M","E","?","?","T","E","?","$","R","M","R","BOSS","M","$","M","?","M","E","R","M","T","?","E","?","M","?","R","BOSS"],"items_purchased_type":["Relic","Relic","Card","Potion"],"build_version":"2020-12-22","purchased_purges":2,"victory":true,"max_hp_per_floor":[35,35,35,35,35,35,35,35,49,49,49,49,49,49,49,49,49,49,49,49,49,49,49,49,49,49,49,49,49,49,49,49,49,49,49,49,49,49,49,49,49,49,49,49,49,49,49,49,49,49],"card_choices":[{"not_picked":["Hololive_Rebound","Hololive_Drill","Hololive_CallNekomataOkayu"],"picked":"Hololive_Psychosis","floor":1.0},{"not_picked":["Hololive_CallNatsuiroMatsuri","Hololive_CocoNews","Hololive_CallArtia"],"picked":"Hololive_CallSakuraMiko","floor":3.0},{"not_picked":["Hololive_FlyingPonyTail","Hololive_StrengthChampion","Hololive_Sequa"],"picked":"Hololive_OvertimeWork","floor":5.0},{"not_picked":["Hololive_Drill","Hololive_CallNatsuiroMatsuri","Hololive_HighAtkLowDef","Hololive_Spy"],"picked":"SKIP","floor":7.0},{"not_picked":["Hololive_Breathe","Hololive_CallTsunomakiWatame","Hololive_CallYuzukiChoco","Hololive_Psychosis"],"picked":"SKIP","floor":10.0},{"not_picked":["Hololive_CallOkamiMio","Hololive_CallHoushouMarine","Hololive_StrengthChampion","Hololive_OvertimeWork"],"picked":"SKIP","floor":14.0},{"not_picked":["Hololive_ASMR","Hololive_IdolExercise","Hololive_DDD"],"picked":"Hololive_WolfAndLamb","floor":16.0},{"not_picked":["Hololive_FlyingPonyTail","Hololive_RevenueBasedLive","Hololive_CallYozoraMel","Hololive_HuntDinosaur"],"picked":"SKIP","floor":18.0},{"not_picked":["Hololive_OvertimeWork+1","Hololive_CocoNews","Hololive_HuntDinosaur"],"picked":"Hololive_ILoveYou","floor":19.0},{"not_picked":["Hololive_CallMoonaHoshinova","Hololive_Rebound+1","Hololive_FlyingPonyTail+1","Hololive_Sequa"],"picked":"SKIP","floor":20.0},{"not_picked":["Hololive_CallManoAloe+1","Hololive_CallUruhaRushia","Hololive_CallShishiroBotan","Hololive_Rebound"],"picked":"SKIP","floor":21.0},{"not_picked":["Hololive_Rebound","Hololive_Breathe","Hololive_StrengthChampion","Hololive_Psychosis+1"],"picked":"SKIP","floor":22.0},{"not_picked":["Hololive_Rebound","Hololive_Breathe","Hololive_StrengthChampion","Hololive_Psychosis+1"],"picked":"SKIP","floor":22.0},{"not_picked":["Hololive_FlyingPonyTail","Hololive_DevilCharm+1","Hololive_Sequa"],"picked":"Hololive_CallHoshimachiSuisei","floor":23.0},{"not_picked":["Hololive_CallMinatoAqua+1","Hololive_BeCareful","Hololive_CallKiryuuCoco+1"],"picked":"Hololive_OvertimeWork+1","floor":27.0},{"not_picked":["Hololive_StrengthChampion+1","Hololive_Rebound","Hololive_CallTsunomakiWatame+1"],"picked":"Hololive_Drill+1","floor":31.0},{"not_picked":["Hololive_Psychosis+1","Hololive_CallYukihanaLamy+1","Hololive_CallRosalyn+1","Hololive_CallAiraniIofifteen+1"],"picked":"SKIP","floor":31.0},{"not_picked":["Hololive_WolfAndLamb","Hololive_FlareMind","Hololive_OpenUp+1"],"picked":"Hololive_Thief","floor":33.0},{"not_picked":["Hololive_RevenueBasedLive","Hololive_Drill+1","Hololive_FlyingPonyTail"],"picked":"Hololive_CallOmaruPolka+1","floor":35.0},{"not_picked":["Hololive_CallYukihanaLamy+1","Hololive_OvertimeWork+1","Hololive_LuckPotion+1","Hololive_CallShiroganeNoel+1"],"picked":"SKIP","floor":35.0},{"not_picked":["Hololive_Sequa+1","Hololive_WolfAndLamb","Hololive_ILoveYou+1"],"picked":"Hololive_CandyCastle+1","floor":37.0},{"not_picked":["Hololive_FlyingPonyTail+1","Hololive_Rebound","Hololive_Breathe","Hololive_Watashimo+1"],"picked":"SKIP","floor":37.0},{"not_picked":["Hololive_OvertimeWork+1","Hololive_RevenueBasedLive","Hololive_Breathe+1","Hololive_StrengthChampion+1"],"picked":"SKIP","floor":39.0},{"not_picked":["Hololive_ILoveYou","Hololive_FlyingPonyTail+1","Hololive_StrengthChampion+1","Hololive_Sequa+1"],"picked":"SKIP","floor":39.0},{"not_picked":["Hololive_CallCivia+1","Hololive_WolfAndLamb","Hololive_CallYukihanaLamy+1","Hololive_CallShiranuiFlare+1"],"picked":"SKIP","floor":40.0},{"not_picked":["Hololive_CallCivia+1","Hololive_WolfAndLamb","Hololive_CallYukihanaLamy+1","Hololive_CallShiranuiFlare+1"],"picked":"SKIP","floor":40.0},{"not_picked":["Hololive_Trident+1","Hololive_Psychosis+1","Hololive_StrengthChampion+1"],"picked":"Hololive_CallYozoraMel+1","floor":42.0},{"not_picked":["Hololive_CocoNews+1","Hololive_Drill+1","Hololive_CallAiraniIofifteen+1"],"picked":"Hololive_CallAmaneKanata+1","floor":42.0},{"not_picked":["Hololive_RevenueBasedLive+1","Hololive_CallShiroganeNoel+1","Hololive_Rebound","Hololive_CallFriendA+1","Hololive_CallMomosuzuNene+1"],"picked":"SKIP","floor":45.0},{"not_picked":["The Bomb","Blind","PanicButton","Madness"],"picked":"Dark Shackles","floor":46.0},{"not_picked":["Madness","Dark Shackles","Blind","Mind Blast+1"],"picked":"Jack Of All Trades","floor":46.0},{"not_picked":["Deep Breath","Dark Shackles","Chrysalis","Blind"],"picked":"Purity","floor":46.0},{"not_picked":["Hololive_CallOkamiMio+1","Hololive_CocoNews+1","Hololive_CallOzoraSubaru+1","Hololive_Trident+1"],"picked":"Hololive_CallRoboco+1","floor":47.0},{"not_picked":["Hololive_OvertimeWork+1","Hololive_LuckPotion","Hololive_Rebound","Hololive_Drill+1","Hololive_CocoNews+1"],"picked":"SKIP","floor":47.0}],"player_experience":254871,"relics_obtained":[{"floor":7.0,"key":"Lizard Tail"},{"floor":9.0,"key":"Mango"},{"floor":13.0,"key":"Gremlin Horn"},{"floor":14.0,"key":"Blood Vial"},{"floor":23.0,"key":"Omamori"},{"floor":26.0,"key":"Molten Egg 2"},{"floor":27.0,"key":"Frozen Egg 2"},{"floor":40.0,"key":"Darkstone Periapt"},{"floor":43.0,"key":"Question Card"},{"floor":44.0,"key":"CaptainsWheel"},{"floor":45.0,"key":"Du-Vu Doll"},{"floor":48.0,"key":"Bottled Lightning"}],"event_choices":[{"damage_healed":0.0,"max_hp_gain":0.0,"max_hp_loss":0.0,"gold_gain":0.0,"cards_transformed":["Hololive_Strike"],"event_name":"Living Wall","player_choice":"Change","floor":2.0,"gold_loss":0.0,"damage_taken":0.0,"cards_obtained":["Hololive_CallInugamiKorone"]},{"cards_removed":["Hololive_Strike"],"damage_healed":0.0,"max_hp_gain":0.0,"max_hp_loss":0.0,"gold_gain":0.0,"event_name":"Golden Wing","player_choice":"Card Removal","floor":4.0,"gold_loss":0.0,"damage_taken":7.0},{"damage_healed":0.0,"max_hp_gain":0.0,"max_hp_loss":0.0,"gold_gain":75.0,"event_name":"World of Goop","player_choice":"Gather Gold","floor":8.0,"gold_loss":0.0,"damage_taken":11.0},{"damage_healed":0.0,"max_hp_gain":0.0,"max_hp_loss":0.0,"gold_gain":0.0,"event_name":"Shining Light","player_choice":"Entered Light","floor":11.0,"gold_loss":0.0,"damage_taken":10.0,"cards_upgraded":["Hololive_Psychosis","Hololive_Strike"]},{"damage_healed":0.0,"max_hp_gain":0.0,"max_hp_loss":0.0,"gold_gain":30.0,"event_name":"Dead Adventurer","player_choice":"Searched \u00272\u0027 times","floor":13.0,"gold_loss":0.0,"damage_taken":0.0},{"cards_removed":["Hololive_Defend"],"damage_healed":0.0,"max_hp_gain":0.0,"max_hp_loss":0.0,"gold_gain":0.0,"event_name":"Beggar","player_choice":"Gave Gold","floor":24.0,"gold_loss":75.0,"damage_taken":0.0},{"damage_healed":0.0,"max_hp_gain":0.0,"max_hp_loss":0.0,"gold_gain":0.0,"event_name":"Ghosts","player_choice":"Ignored","floor":25.0,"gold_loss":0.0,"damage_taken":0.0},{"damage_healed":0.0,"max_hp_gain":0.0,"max_hp_loss":0.0,"gold_gain":0.0,"event_name":"Lab","player_choice":"Got Potions","floor":28.0,"gold_loss":0.0,"damage_taken":0.0},{"damage_healed":0.0,"max_hp_gain":0.0,"max_hp_loss":0.0,"gold_gain":0.0,"event_name":"Mysterious Sphere","player_choice":"Fight","floor":44.0,"gold_loss":0.0,"damage_taken":0.0},{"damage_healed":0.0,"max_hp_gain":0.0,"max_hp_loss":0.0,"gold_gain":0.0,"event_name":"SensoryStone","player_choice":"Memory 3","floor":46.0,"gold_loss":0.0,"damage_taken":10.0}],"is_beta":false,"boss_relics":[{"not_picked":["SacredBark","Busted Crown"],"picked":"Hololive_Finger"},{"not_picked":["Hololive_TopUpMoneyS","Velvet Choker"],"picked":"SlaversCollar"}],"items_purged_floors":[12,36],"is_endless":false,"potions_floor_spawned":[1,13,14,16,18,19,22,23,35,42,44,45],"ascension_level":0}}