{"host":"xp5rvh2jwe2ejyfm","time":1612374351,"event":{"mods":["Aspiration","BaseMod","BetterRewards","Colored Powertips","Conspire","Downfall","GifTheSpireLib","Gremlin Mod","Hermit","Hubris","Jorbs\u0027s Wanderer Trilogy","Minty Spire (QoL Compilation)","Replay The Spire","Robot Space Explorer","Shade Mod","Somnambulant","StSLib","The Bug Knight","The Clintock","The Construct","The Cursed","The Disciple","The Forsaken","The Hayseed","The Hierophant","The Judge","The Marked","The Necromancer","The Runesmith","The Servant 0.9.4","The Valiant","The Witch","thorton"],"gold_per_floor":[117,128,146,60,78,88,88,88,111,121,121,121,121],"floor_reached":12,"language":"ENG","playtime":574,"items_purged":[],"score":72,"play_id":"7133c6d9-cd76-4fdc-bcfa-0edec22d8eb0","local_time":"20210203124551","is_ascension_mode":false,"campfire_choices":[],"circlet_count":0,"master_deck":["HollowMod:NailStrikeStart","HollowMod:NailStrikeStart","HollowMod:NailStrikeStart","HollowMod:NailStrikeStart","HollowMod:QuickDashStart","HollowMod:QuickDashStart","HollowMod:QuickDashStart","HollowMod:QuickDashStart","HollowMod:FocusHealStart","HollowMod:PogoStrike","HollowMod:LifebloodCocoon","HollowMod:DungDefenderAura","HollowMod:CycloneSlash","HollowMod:SoulEater","HollowMod:SoulStrike+1","HollowMod:DashSlash","HollowMod:NewJinnsSoul","Injury","HollowMod:DungDefenderAura+1"],"relics":["HollowMod:VesselMask","MealTicket","Toxic Egg 2","Pet Ghost"],"acts_visited":["Exordium"],"potions_floor_usage":[6,12],"damage_taken":[{"damage":7,"enemies":"2 Louse","floor":1,"turns":2},{"damage":0,"enemies":"Small Slimes","floor":2,"turns":3},{"damage":0,"enemies":"Jaw Worm","floor":3,"turns":5},{"damage":22,"enemies":"Red Slaver","floor":5,"turns":4},{"damage":12,"enemies":"Large Slime","floor":6,"turns":9},{"damage":11,"enemies":"Lots of Slimes","floor":10,"turns":5},{"damage":69,"enemies":"Gremlin Nob","floor":12,"turns":6}],"seed_played":"1161511510286476275","potions_obtained":[{"floor":2,"key":"Doom Potion"},{"floor":3,"key":"Explosive Potion"},{"floor":5,"key":"BlessingOfTheForge"},{"floor":10,"key":"Swift Potion"}],"is_trial":false,"path_per_floor":["M","M","M","$","M","M","?","?","T","M","?","E"],"character_chosen":"THE_BUGKNIGHT","items_purchased":["HollowMod:SoulEater","HollowMod:SoulStrike"],"campfire_rested":0,"item_purchase_floors":[4,4],"current_hp_per_floor":[68,68,74,75,59,59,59,59,59,54,54,0,0],"gold":121,"neow_bonus":"RANDOM_COMMON_RELIC","is_daily":false,"chose_seed":false,"campfire_upgraded":0,"win_rate":0.0,"timestamp":1612374351,"path_taken":["M","M","M","$","M","M","?","?","T","M","?","E"],"items_purchased_type":["Card","Card"],"build_version":"2020-12-22","purchased_purges":0,"victory":false,"max_hp_per_floor":[75,75,75,75,75,75,75,75,75,75,75,75,75],"card_choices":[{"not_picked":["HollowMod:WraithStrike","HollowMod:SharpenedShadows"],"picked":"HollowMod:LifebloodCocoon","floor":1},{"not_picked":["HollowMod:InfectedCysts","HollowMod:ChannelNail"],"picked":"HollowMod:DungDefenderAura","floor":2},{"not_picked":["HollowMod:PureNailStrike","HollowMod:SoulSplash"],"picked":"HollowMod:CycloneSlash","floor":3},{"not_picked":["HollowMod:SoulStrike","HollowMod:DoubleDash"],"picked":"HollowMod:DashSlash","floor":5},{"not_picked":["HollowMod:QuirrelsAssistance","HollowMod:GoodIntentions"],"picked":"HollowMod:NewJinnsSoul","floor":6},{"not_picked":["HollowMod:MawleksShell+1","HollowMod:HowlingWraiths"],"picked":"HollowMod:DungDefenderAura+1","floor":10}],"player_experience":396220,"relics_obtained":[{"floor":9,"key":"Pet Ghost"}],"event_choices":[{"damage_healed":0,"gold_gain":0,"player_choice":"Searched \u00270\u0027 times","damage_taken":0,"max_hp_gain":0,"max_hp_loss":0,"event_name":"Dead Adventurer","floor":11,"gold_loss":0}],"is_beta":false,"boss_relics":[],"items_purged_floors":[],"is_endless":false,"potions_floor_spawned":[2,3,5,10],"killed_by":"Gremlin Nob","ascension_level":0}}