{"host":"q6r63elxu27obe7v","time":1612344716,"event":{"mods":["2.2 Compatiblity","AchievementEnabler","BaseMod","CapriCore","Colored Map","DeckTracker","KOR Keyword Fix","Keyboard Shortcuts","Minty Spire (QoL Compilation)","Permanent Neow","Quick Restart","Replay The Spire","StSLib","SuperFastMode","everything is the same but u backflip on backflip","¡¼?Úª?ø«¡½REMEMod"],"gold_per_floor":[116,132,132,147,164,164,164],"floor_reached":6,"language":"KOR","playtime":4042,"items_purged":[],"score":48,"play_id":"e22f7509-9f8d-4f7f-985a-3997931ea4a7","local_time":"20210203183156","is_ascension_mode":false,"campfire_choices":[],"circlet_count":0,"master_deck":["Strike_P","Strike_P","Strike_P","Strike_P","Defend_P","Defend_P","Defend_P","Defend_P","Eruption","Vigilance","Tantrum","Replay:BluntJabs","Pray","Sanctity"],"relics":["PureWater","REME_ComplimentaryCards","NeowsBlessing"],"acts_visited":["Exordium"],"potions_floor_usage":[6],"damage_taken":[{"damage":0,"enemies":"Cultist","floor":1,"turns":1},{"damage":0,"enemies":"2 Louse","floor":2,"turns":1},{"damage":0,"enemies":"Small Slimes","floor":4,"turns":1},{"damage":15,"enemies":"Exordium Wildlife","floor":5,"turns":5},{"damage":54,"enemies":"Lagavulin","floor":6,"turns":11}],"seed_played":"2683990244678859908","potions_obtained":[{"floor":2,"key":"PowerPotion"},{"floor":4,"key":"StancePotion"},{"floor":5,"key":"Block Potion"}],"is_trial":false,"path_per_floor":["M","M","?","M","M","E"],"character_chosen":"WATCHER","items_purchased":[],"campfire_rested":0,"item_purchase_floors":[],"current_hp_per_floor":[72,72,72,72,57,3,3],"gold":164,"neow_bonus":"THREE_ENEMY_KILL","is_daily":false,"chose_seed":false,"campfire_upgraded":0,"win_rate":0.0,"timestamp":1612344716,"path_taken":["M","?","?","M","?","E"],"items_purchased_type":[],"build_version":"2020-12-22","purchased_purges":0,"victory":false,"max_hp_per_floor":[72,72,72,72,72,72,72],"card_choices":[{"not_picked":["REME_Repentance","CrushJoints"],"picked":"Tantrum","floor":1},{"not_picked":["Halt","REME_Repentance"],"picked":"Replay:BluntJabs","floor":2},{"not_picked":["BowlingBash","Evaluate"],"picked":"Sanctity","floor":4},{"not_picked":["Evaluate","Nirvana","SpiritShield"],"picked":"SKIP","floor":5}],"player_experience":120414,"relics_obtained":[],"event_choices":[{"damage_healed":0,"gold_gain":0,"player_choice":"1 cards matched","damage_taken":0,"max_hp_gain":0,"max_hp_loss":0,"event_name":"Match and Keep!","floor":3,"gold_loss":0,"cards_obtained":["Pray"]}],"is_beta":false,"boss_relics":[],"items_purged_floors":[],"is_endless":false,"potions_floor_spawned":[2,4,5],"killed_by":"Lagavulin","ascension_level":0}}