{"host":"zlryddw6xv0ljf8b","time":1612388745,"event":{"mods":["AchievementEnabler","BaseMod","Colored Map","Colored Powertips","Highlight Path","Minty Spire (QoL Compilation)","Permanent Neow","Quick Restart","Replay The Spire","StSLib"],"gold_per_floor":[362,362,362,23,48,48,48,117,170,198,221,250,282,307,307,423,523,542,572,572,602,602,644,644,671,739,409,460,492,492,527,527,629,629,657,657,657,657,670,709,709,749,749,749,749,770,770,403,403,411,411,411,6,37,37],"floor_reached":56,"language":"ENG","playtime":6263,"items_purged":["Delirium","Strike_G","Strike_G"],"score":1391,"play_id":"af1d7502-db42-47f4-9d3e-176a6fe1c46a","local_time":"20210203154545","is_ascension_mode":false,"campfire_choices":[{"data":"Backflip","floor":6.0,"key":"SMITH"},{"data":"Catalyst","floor":15.0,"key":"SMITH"},{"floor":24.0,"key":"REST"},{"floor":30.0,"key":"DIG"},{"floor":32,"key":"DIG"},{"floor":41,"key":"REST"},{"floor":44,"key":"DIG"},{"floor":47,"key":"RECALL"},{"floor":49,"key":"DIG"},{"floor":52,"key":"DIG"}],"circlet_count":0,"master_deck":["Strike_G","Strike_G","Defend_G+1","Defend_G+1","Defend_G+1","Defend_G+1","Defend_G+1","Survivor","Neutralize+1","Backflip+1","Cloak And Dagger","Poisoned Stab","Fluid Movement+1","Escape Plan","Noxious Fumes+1","Catalyst+1","Deadly Poison","Replay:Bag of Tricks","Deadly Poison","Acrobatics+1","Leg Sweep","Replay:Poison Smokescreen","Tools of the Trade+1","Adrenaline","Bouncing Flask+1","Acrobatics+1","Catalyst+1","Well Laid Plans+1","PiercingWail","Deflect+1"],"relics":["Ring of the Snake","ReplayTheSpireMod:CursedCoin","Frozen Egg 2","Replay:Bandana","Regal Pillow","Blood Vial","Potion Belt","Replay:Grab Bag","Replay:Wanted Poster","Philosopher\u0027s Stone","Empty Cage","Ring of Fangs","Shovel","TwistedFunnel","Replay:Wax Seal","Red Mask","ReplayTheSpireMod:Shallot","Replay:Bottled Eggs","Snake Skull","HoveringKite","Anchor","ReplayTheSpireMod:Ninjato","Replay:Mystery Machine","Mirror","Eternal Feather","Counterbalance","Letter Opener","Garlic","Pet Ghost","Dead Branch"],"acts_visited":["Exordium","TheCity","TheBeyond","TheEnding"],"potions_floor_usage":[33,33,40,40,54,54,55],"damage_taken":[{"damage":3.0,"enemies":"Cultist","floor":1.0,"turns":5.0},{"damage":0.0,"enemies":"Small Slimes","floor":5.0,"turns":4.0},{"damage":2.0,"enemies":"Jaw Worm","floor":10.0,"turns":6.0},{"damage":10.0,"enemies":"Looter","floor":11.0,"turns":4.0},{"damage":4.0,"enemies":"Exordium Wildlife","floor":12.0,"turns":8.0},{"damage":1.0,"enemies":"3 Sentries","floor":13.0,"turns":10.0},{"damage":11.0,"enemies":"Large Slime","floor":14.0,"turns":7.0},{"damage":29.0,"enemies":"The Guardian","floor":16.0,"turns":8.0},{"damage":8.0,"enemies":"Shell Parasite","floor":18.0,"turns":5.0},{"damage":1.0,"enemies":"Chosen","floor":19.0,"turns":4.0},{"damage":22.0,"enemies":"Shelled Parasite and Fungi","floor":21.0,"turns":5.0},{"damage":33.0,"enemies":"Gremlin Leader","floor":23.0,"turns":8.0},{"damage":0.0,"enemies":"Centurion and Healer","floor":25.0,"turns":7.0},{"damage":13.0,"enemies":"Masked Bandits","floor":29.0,"turns":4.0},{"damage":0.0,"enemies":"Book of Stabbing","floor":31.0,"turns":6.0},{"damage":0,"enemies":"Champ","floor":33,"turns":6},{"damage":0,"enemies":"Orb Walker","floor":35,"turns":3},{"damage":2,"enemies":"3 Darklings","floor":39,"turns":4},{"damage":34,"enemies":"Reptomancer","floor":40,"turns":5},{"damage":0,"enemies":"Giant Head","floor":42,"turns":6},{"damage":0,"enemies":"Jaw Worm Horde","floor":46,"turns":3},{"damage":11,"enemies":"Donu and Deca","floor":50,"turns":7},{"damage":0,"enemies":"Shield and Spear","floor":54,"turns":5},{"damage":55,"enemies":"The Heart","floor":55,"turns":6}],"seed_played":"9002332929052665058","potions_obtained":[{"floor":1.0,"key":"BlessingOfTheForge"},{"floor":5.0,"key":"LiquidMemories"},{"floor":8.0,"key":"Venom Potion"},{"floor":13.0,"key":"Venom Potion"},{"floor":23.0,"key":"EssenceOfSteel"},{"floor":25.0,"key":"Swift Potion"},{"floor":29.0,"key":"PowerPotion"},{"floor":35,"key":"BlessingOfTheForge"},{"floor":42,"key":"Energy Potion"},{"floor":46,"key":"DuplicationPotion"}],"is_trial":false,"path_per_floor":["M","?","?","$","M","R","?","?","T","M","M","M","E","M","R","B",null,"M","M","?","M","?","E","R","M","T","$","T","?","R","E","R","B",null,"M","?","?","?","M","E","R","E","T","R","T","M","R","$","R","B",null,"R","$","E","B",null],"character_chosen":"THE_SILENT","items_purchased":["ReplayTheSpireMod:CursedCoin","Frozen Egg 2","Replay:Bandana","TwistedFunnel","Replay:Poison Smokescreen","Well Laid Plans+1","Counterbalance","Pet Ghost","PiercingWail","Reflective Coating"],"campfire_rested":2,"item_purchase_floors":[4,4,4,27,27,48,48,53,53,53],"current_hp_per_floor":[67,53,53,53,53,53,53,53,53,53,45,43,44,35,35,8,70,62,63,63,43,43,12,48,50,50,50,50,39,39,41,41,43,70,70,70,70,70,68,36,70,70,70,70,70,70,70,70,70,59,70,70,70,70,15],"gold":37,"neow_bonus":"TWO_FIFTY_GOLD","is_daily":false,"chose_seed":false,"campfire_upgraded":2,"win_rate":0.0,"timestamp":1612388745,"path_taken":["M","?","?","$","?","R","?","?","T","M","M","M","E","M","R","BOSS","M","M","?","M","?","E","R","M","T","$","?","?","R","E","R","BOSS","M","?","?","?","M","E","R","E","T","R","?","M","R","$","R","BOSS","R","$","E","BOSS"],"items_purchased_type":["Relic","Relic","Relic","Relic","Card","Card","Relic","Relic","Card","Potion"],"build_version":"2020-12-22","purchased_purges":3,"victory":true,"max_hp_per_floor":[70,70,70,70,70,70,70,70,70,70,70,70,70,70,70,70,70,70,70,70,70,70,70,70,70,70,70,70,70,70,70,70,70,70,70,70,70,70,70,70,70,70,70,70,70,70,70,70,70,70,70,70,70,70,70],"card_choices":[{"not_picked":["Bane","ReplayTheSpireMod:Shiv Toss","Masterful Stab"],"picked":"SKIP","floor":1.0},{"not_picked":["Outmaneuver","Prepared"],"picked":"Backflip","floor":5.0},{"not_picked":["Deadly Poison","Bane"],"picked":"Cloak And Dagger","floor":8.0},{"not_picked":["Flying Knee","Sucker Punch"],"picked":"Poisoned Stab","floor":8.0},{"not_picked":["ReplayTheSpireMod:Speed Training","Eviscerate"],"picked":"Fluid Movement+1","floor":10.0},{"not_picked":["Predator","Dash"],"picked":"Escape Plan","floor":11.0},{"not_picked":["Footwork+1","Slice"],"picked":"Noxious Fumes+1","floor":12.0},{"not_picked":["ReplayTheSpireMod:Exploit Weakness","Prepared"],"picked":"Catalyst","floor":13.0},{"not_picked":["Backflip","Cloak And Dagger"],"picked":"Deadly Poison","floor":14.0},{"not_picked":["Malaise","Glass Knife"],"picked":"Replay:Bag of Tricks","floor":16.0},{"not_picked":["Sucker Punch+1","Infinite Blades+1","Eviscerate+1"],"picked":"SKIP","floor":18.0},{"not_picked":["Underhanded Strike","Distraction"],"picked":"Deadly Poison","floor":19.0},{"not_picked":["Bane+1","Accuracy+1","Eviscerate"],"picked":"SKIP","floor":21.0},{"not_picked":["ReplayTheSpireMod:The Works+1","Backflip"],"picked":"Acrobatics+1","floor":23.0},{"not_picked":["Blade Dance","Replay:Poison Smokescreen"],"picked":"Leg Sweep","floor":25.0},{"not_picked":["Eviscerate","Hidden Blade"],"picked":"Tools of the Trade+1","floor":29.0},{"not_picked":["Quick Slash","ReplayTheSpireMod:Tripwire","Sucker Punch"],"picked":"SKIP","floor":31},{"not_picked":["Die Die Die","ReplayTheSpireMod:Necrosis"],"picked":"Adrenaline","floor":33},{"not_picked":["Flying Knee","ReplayTheSpireMod:Exploit Weakness+1"],"picked":"PiercingWail","floor":35},{"not_picked":["Acrobatics","Calculated Gamble+1"],"picked":"Bouncing Flask+1","floor":39},{"not_picked":["PiercingWail","Slice"],"picked":"Acrobatics+1","floor":40},{"not_picked":["Distraction","Riddle With Holes"],"picked":"Catalyst+1","floor":42},{"not_picked":["Hidden Blade+1","Bouncing Flask+1","Flying Knee"],"picked":"SKIP","floor":46},{"not_picked":["Deadly Poison","Outmaneuver"],"picked":"Deflect+1","floor":54}],"player_experience":61553,"relics_obtained":[{"floor":8.0,"key":"Regal Pillow"},{"floor":9.0,"key":"Blood Vial"},{"floor":13.0,"key":"Potion Belt"},{"floor":20.0,"key":"Ring of Fangs"},{"floor":23.0,"key":"Shovel"},{"floor":28.0,"key":"Replay:Wax Seal"},{"floor":29.0,"key":"Red Mask"},{"floor":30.0,"key":"ReplayTheSpireMod:Shallot"},{"floor":31,"key":"Replay:Bottled Eggs"},{"floor":32,"key":"Snake Skull"},{"floor":40,"key":"Anchor"},{"floor":42,"key":"ReplayTheSpireMod:Ninjato"},{"floor":43,"key":"Replay:Mystery Machine"},{"floor":44,"key":"Mirror"},{"floor":45,"key":"Eternal Feather"},{"floor":49,"key":"Letter Opener"},{"floor":52,"key":"Garlic"},{"floor":54,"key":"Dead Branch"}],"event_choices":[{"damage_healed":0.0,"max_hp_gain":0.0,"max_hp_loss":0.0,"gold_gain":0.0,"event_name":"Shining Light","player_choice":"Entered Light","floor":2.0,"gold_loss":0.0,"damage_taken":14.0,"cards_upgraded":["Defend_G","Neutralize"]},{"damage_healed":0.0,"max_hp_gain":0.0,"max_hp_loss":0.0,"gold_gain":0.0,"event_name":"NoteForYourself","player_choice":"Ignored","floor":3.0,"gold_loss":0.0,"damage_taken":0.0},{"damage_healed":0.0,"max_hp_gain":0.0,"max_hp_loss":0.0,"gold_gain":0.0,"event_name":"The Cleric","player_choice":"Leave","floor":7.0,"gold_loss":0.0,"damage_taken":0.0},{"damage_healed":0.0,"max_hp_gain":0.0,"max_hp_loss":0.0,"gold_gain":0.0,"event_name":"Ghosts","player_choice":"Ignored","floor":22.0,"gold_loss":0.0,"damage_taken":0.0},{"damage_healed":0.0,"max_hp_gain":0.0,"max_hp_loss":0.0,"gold_gain":0.0,"event_name":"Masked Bandits","player_choice":"Fought Bandits","floor":29.0,"gold_loss":0.0,"damage_taken":0.0},{"cards_removed":["PiercingWail"],"damage_healed":0,"gold_gain":0,"player_choice":"Removed Skill","damage_taken":0,"max_hp_gain":0,"max_hp_loss":0,"event_name":"Falling","floor":36,"gold_loss":0},{"damage_healed":0,"gold_gain":0,"player_choice":"Ignored","damage_taken":0,"max_hp_gain":0,"max_hp_loss":0,"event_name":"Mysterious Sphere","floor":37,"gold_loss":0},{"damage_healed":0,"gold_gain":0,"player_choice":"Memory 1","damage_taken":0,"max_hp_gain":0,"max_hp_loss":0,"event_name":"SensoryStone","floor":38,"gold_loss":0}],"is_beta":false,"boss_relics":[{"not_picked":["Snecko Eye","Tiny House"],"picked":"Replay:Grab Bag"},{"not_picked":["Painkiller Herb","Runic Dome"],"picked":"Replay:Wanted Poster"},{"not_picked":["Cursed Key","Ectoplasm"],"picked":"Philosopher\u0027s Stone"},{"not_picked":["Kintsugi","SacredBark"],"picked":"Empty Cage"},{"not_picked":["Coffee Dripper","WristBlade"],"picked":"HoveringKite"}],"items_purged_floors":[4,27,53],"is_endless":false,"potions_floor_spawned":[1,5,12,13,23,25,29,35,42,46],"ascension_level":0}}