{"host":"4rvakrj1idbgia3f","time":1612355424,"event":{"mods":["BaseMod","Colored Map","Colored Powertips","DeckTracker","Highlight Path","Minty Spire (QoL Compilation)","Random Character Button","StSLib"],"gold_per_floor":[112,127,140,157,173,173,185,185,238,33,49,49,76,89,89,160,160,180,180,180,193,208,208,208,208],"floor_reached":24,"language":"JPN","playtime":1246,"items_purged":["Defend_R"],"score":404,"play_id":"11648261-806b-479d-a6ac-4cd8c78ccdc9","local_time":"20210203213024","is_ascension_mode":true,"campfire_choices":[{"data":"Wild Strike","floor":6,"key":"SMITH"},{"data":"True Grit","floor":8,"key":"SMITH"},{"data":"Body Slam","floor":12,"key":"SMITH"},{"data":"Dark Embrace","floor":15,"key":"SMITH"},{"floor":23,"key":"REST"}],"circlet_count":0,"master_deck":["AscendersBane","Strike_R","Strike_R","Strike_R","Strike_R","Strike_R","Defend_R","Defend_R","Defend_R","Bash","Wild Strike+1","Second Wind","Metallicize","True Grit+1","Power Through","Dark Embrace+1","Feel No Pain","Body Slam+1","Sever Soul","Barricade","Sentinel","Feel No Pain"],"relics":["Burning Blood","NeowsBlessing","Tiny Chest","Happy Flower","Fusion Hammer"],"acts_visited":["Exordium","TheCity"],"potions_floor_usage":[13],"damage_taken":[{"damage":0,"enemies":"Cultist","floor":1,"turns":1},{"damage":0,"enemies":"Jaw Worm","floor":2,"turns":1},{"damage":0,"enemies":"Small Slimes","floor":3,"turns":1},{"damage":14,"enemies":"3 Louse","floor":4,"turns":5},{"damage":3,"enemies":"Looter","floor":5,"turns":4},{"damage":0,"enemies":"Blue Slaver","floor":7,"turns":4},{"damage":9,"enemies":"3 Louse","floor":11,"turns":5},{"damage":14,"enemies":"Lagavulin","floor":13,"turns":5},{"damage":0,"enemies":"Exordium Wildlife","floor":14,"turns":3},{"damage":23,"enemies":"The Guardian","floor":16,"turns":14},{"damage":15,"enemies":"Shell Parasite","floor":18,"turns":6},{"damage":39,"enemies":"2 Thieves","floor":21,"turns":5},{"damage":13,"enemies":"Snecko","floor":22,"turns":11},{"damage":2,"enemies":"3 Cultists","floor":24,"turns":3}],"seed_played":"2970379711559101220","potions_obtained":[{"floor":1,"key":"Ancient Potion"},{"floor":3,"key":"PowerPotion"},{"floor":4,"key":"FearPotion"},{"floor":14,"key":"Weak Potion"}],"is_trial":false,"path_per_floor":["M","M","M","M","M","R","M","R","T","$","M","R","E","M","R","B",null,"M","?","?","M","M","R","M"],"character_chosen":"IRONCLAD","items_purchased":["Feel No Pain","Body Slam"],"campfire_rested":1,"item_purchase_floors":[10,10],"current_hp_per_floor":[74,75,75,67,70,70,75,75,75,75,72,72,64,70,70,53,70,61,61,61,28,21,43,41,41],"gold":208,"neow_bonus":"THREE_ENEMY_KILL","is_daily":false,"chose_seed":false,"campfire_upgraded":4,"win_rate":0.0,"timestamp":1612355424,"path_taken":["M","?","M","M","M","R","M","R","T","$","M","R","E","M","R","BOSS","M","?","?","M","?","R","M"],"items_purchased_type":["Card","Card"],"build_version":"2020-12-22","purchased_purges":1,"victory":false,"max_hp_per_floor":[75,75,75,75,75,75,75,75,75,75,75,75,75,75,75,75,75,75,75,75,75,75,75,75,75],"card_choices":[{"not_picked":["Intimidate","Armaments"],"picked":"Wild Strike","floor":1},{"not_picked":["Iron Wave","Clash"],"picked":"Second Wind","floor":2},{"not_picked":["Infernal Blade","Flex"],"picked":"Metallicize","floor":3},{"not_picked":["Flex","Intimidate"],"picked":"True Grit","floor":4},{"not_picked":["Sentinel","Cleave"],"picked":"Power Through","floor":5},{"not_picked":["Pommel Strike","Twin Strike"],"picked":"Dark Embrace","floor":7},{"not_picked":["Havoc","Iron Wave"],"picked":"Sever Soul","floor":11},{"not_picked":["Rage","Thunderclap","Berserk"],"picked":"SKIP","floor":13},{"not_picked":["Flame Barrier","Anger","Thunderclap"],"picked":"SKIP","floor":14},{"not_picked":["Berserk","Brutality"],"picked":"Barricade","floor":16},{"not_picked":["Thunderclap+1","Flex"],"picked":"Sentinel","floor":18},{"not_picked":["Body Slam","Flex","Armaments"],"picked":"SKIP","floor":21},{"not_picked":["Rupture","Clothesline","Cleave"],"picked":"SKIP","floor":22}],"player_experience":2204711,"relics_obtained":[{"floor":9,"key":"Tiny Chest"},{"floor":13,"key":"Happy Flower"}],"event_choices":[{"damage_healed":0,"gold_gain":0,"player_choice":"Read","damage_taken":0,"max_hp_gain":0,"max_hp_loss":0,"event_name":"The Library","floor":19,"gold_loss":0,"cards_obtained":["Feel No Pain"]},{"damage_healed":0,"gold_gain":0,"player_choice":"Got Potions","damage_taken":0,"max_hp_gain":0,"max_hp_loss":0,"event_name":"Lab","floor":20,"gold_loss":0}],"is_beta":false,"boss_relics":[{"not_picked":["Empty Cage","Busted Crown"],"picked":"Fusion Hammer"}],"items_purged_floors":[10],"is_endless":false,"potions_floor_spawned":[1,3,4,5,14,16,21],"killed_by":"3 Cultists","ascension_level":20}}