{"host":"qdfumeom6htv8yxl","time":1612383787,"event":{"mods":["AchievementEnabler","BaseMod","Bestiary","Block Reminder","Colored Powertips","Highlight Path","Minty Spire (QoL Compilation)","Quick Restart","Relic Stats"],"gold_per_floor":[115,115,133,133,145,173,173,173,245,245,280,146,146,160,160,160,160],"floor_reached":16,"language":"ENG","playtime":421,"items_purged":["Strike_B"],"score":216,"play_id":"eb8bbddd-0f4f-4764-97e7-65c5f52e0734","local_time":"20210203142307","is_ascension_mode":true,"campfire_choices":[{"floor":8.0,"key":"REST"},{"data":"Beam Cell","floor":10.0,"key":"SMITH"},{"floor":15,"key":"REST"}],"circlet_count":0,"master_deck":["AscendersBane","Strike_B","Strike_B","Strike_B","Defend_B","Defend_B","Defend_B","Defend_B","Beam Cell+1","Gash","Auto Shields","Go for the Eyes","Skim","Hologram"],"relics":["Cracked Core","NeowsBlessing","Regal Pillow","Matryoshka","Peace Pipe"],"acts_visited":["Exordium"],"potions_floor_usage":[],"damage_taken":[{"damage":0.0,"enemies":"2 Louse","floor":1.0,"turns":1.0},{"damage":0.0,"enemies":"Cultist","floor":3.0,"turns":1.0},{"damage":0.0,"enemies":"Small Slimes","floor":5.0,"turns":1.0},{"damage":56.0,"enemies":"Gremlin Nob","floor":6.0,"turns":6.0},{"damage":34,"enemies":"3 Sentries","floor":11,"turns":11},{"damage":9,"enemies":"2 Fungi Beasts","floor":14,"turns":4},{"damage":0,"enemies":"Hexaghost","floor":16,"turns":1}],"seed_played":"-3694742549620407863","potions_obtained":[{"floor":5.0,"key":"FairyPotion"},{"floor":6.0,"key":"EntropicBrew"}],"is_trial":false,"path_per_floor":["M","?","M","?","M","E","?","R","T","R","E","$","$","M","R","B"],"character_chosen":"DEFECT","items_purchased":["Hologram"],"campfire_rested":2,"item_purchase_floors":[12],"current_hp_per_floor":[64,64,64,64,64,8,13,50,50,50,16,16,16,7,44,44,44],"gold":160,"neow_bonus":"THREE_ENEMY_KILL","is_daily":false,"chose_seed":false,"campfire_upgraded":1,"win_rate":0.0,"timestamp":1612383787,"path_taken":["M","?","?","?","M","E","?","R","T","R","E","?","$","M","R","BOSS"],"items_purchased_type":["Card"],"build_version":"2020-12-22","purchased_purges":1,"victory":false,"max_hp_per_floor":[71,71,71,71,71,71,76,76,76,76,76,76,76,76,76,76,76],"relic_stats":{"Peace Pipe":0,"Regal Pillow":30,"counters":[7,25],"obtain_stats":[{"Peace Pipe":11,"Regal Pillow":6,"Matryoshka":9,"NeowsBlessing":0,"Cracked Core":0},{"Peace Pipe":5,"Regal Pillow":4,"Matryoshka":4,"NeowsBlessing":0,"Cracked Core":0},{"Peace Pipe":20,"Regal Pillow":9,"Matryoshka":9,"NeowsBlessing":0,"Cracked Core":0}]},"card_choices":[{"not_picked":["Redo","Go for the Eyes"],"picked":"Beam Cell","floor":1.0},{"not_picked":["Leap","Coolheaded"],"picked":"Gash","floor":3.0},{"not_picked":["Redo","Coolheaded"],"picked":"Go for the Eyes","floor":5.0},{"not_picked":["Turbo","Loop"],"picked":"Skim","floor":6.0},{"not_picked":["Barrage","Fission","Stack"],"picked":"SKIP","floor":11},{"not_picked":["Ball Lightning","Go for the Eyes","Streamline"],"picked":"SKIP","floor":14}],"player_experience":2006452,"relics_obtained":[{"floor":6.0,"key":"Regal Pillow"},{"floor":9.0,"key":"Matryoshka"},{"floor":11,"key":"Peace Pipe"}],"event_choices":[{"cards_removed":["Dualcast"],"damage_healed":0.0,"max_hp_gain":0.0,"max_hp_loss":0.0,"gold_gain":0.0,"event_name":"Purifier","player_choice":"Purged","floor":2.0,"gold_loss":0.0,"damage_taken":0.0},{"damage_healed":0.0,"max_hp_gain":0.0,"max_hp_loss":0.0,"gold_gain":0.0,"cards_transformed":["Zap"],"event_name":"Living Wall","player_choice":"Change","floor":4.0,"gold_loss":0.0,"damage_taken":0.0,"cards_obtained":["Auto Shields"]},{"damage_healed":0.0,"max_hp_gain":5.0,"max_hp_loss":0.0,"gold_gain":0.0,"event_name":"Big Fish","player_choice":"Donut","floor":7.0,"gold_loss":0.0,"damage_taken":0.0}],"is_beta":false,"boss_relics":[],"items_purged_floors":[12],"is_endless":false,"potions_floor_spawned":[5,6],"killed_by":"Hexaghost","ascension_level":20}}