{"host":"mw3dmj42qtkbha4b","time":1612332100,"event":{"mods":["BaseMod","Colored Map","Colored Powertips","DeckTracker","Minty Spire (QoL Compilation)","StSLib","SuperFastMode"],"gold_per_floor":[119,194,194,207,47,78,90,90,114,144,162,162,162,87,87,158,158,172,172,11,27,47,75,90,124,174,200,200,200,200],"floor_reached":29,"language":"KOR","playtime":870,"items_purged":["Strike_P"],"score":632,"play_id":"463393f8-7b28-4819-8919-52e19c3eabec","local_time":"20210203150140","is_ascension_mode":true,"campfire_choices":[{"data":"BattleHymn","floor":12.0,"key":"SMITH"},{"data":"Strike_P","floor":15.0,"key":"SMITH"}],"circlet_count":0,"master_deck":["AscendersBane","Eruption+1","Vigilance+1","BattleHymn+1","EmptyFist+1","Protect+1","Indignation+1","EmptyFist+1","Establishment","Halt+1","ClearTheMind+1","RitualDagger"],"relics":["PureWater","NeowsBlessing","Anchor","Blood Vial","Juzu Bracelet","Eternal Feather","Pandora\u0027s Box","Whetstone","Peace Pipe","Ancient Tea Set","Strawberry","War Paint"],"acts_visited":["Exordium","TheCity"],"potions_floor_usage":[],"damage_taken":[{"damage":0.0,"enemies":"Small Slimes","floor":1.0,"turns":1.0},{"damage":0.0,"enemies":"Cultist","floor":4.0,"turns":1.0},{"damage":0.0,"enemies":"3 Sentries","floor":6.0,"turns":1.0},{"damage":0.0,"enemies":"2 Louse","floor":7.0,"turns":2.0},{"damage":8.0,"enemies":"Lagavulin","floor":10.0,"turns":5.0},{"damage":12.0,"enemies":"Looter","floor":11.0,"turns":3.0},{"damage":1.0,"enemies":"Slime Boss","floor":16.0,"turns":8.0},{"damage":11.0,"enemies":"Spheric Guardian","floor":18.0,"turns":3.0},{"damage":8.0,"enemies":"Chosen","floor":21.0,"turns":3.0},{"damage":10.0,"enemies":"Sentry and Sphere","floor":22.0,"turns":4.0},{"damage":18.0,"enemies":"Slavers","floor":23.0,"turns":5.0},{"damage":9.0,"enemies":"Snecko","floor":24.0,"turns":4.0},{"damage":10.0,"enemies":"Gremlin Leader","floor":25.0,"turns":4.0},{"damage":3.0,"enemies":"Book of Stabbing","floor":27.0,"turns":3.0},{"damage":14,"enemies":"Shelled Parasite and Fungi","floor":29,"turns":2}],"seed_played":"-6563627345739713556","potions_obtained":[{"floor":4.0,"key":"EssenceOfSteel"},{"floor":6.0,"key":"BlessingOfTheForge"},{"floor":21.0,"key":"FearPotion"},{"floor":23.0,"key":"PowerPotion"},{"floor":24.0,"key":"AttackPotion"},{"floor":25.0,"key":"DistilledChaos"}],"is_trial":false,"path_per_floor":["M","?","?","M","$","E","M","?","T","E","M","R","?","$","R","B",null,"M","?","$","M","M","E","M","E","T","E","?","M"],"character_chosen":"WATCHER","items_purchased":["Anchor","Whetstone"],"campfire_rested":0,"item_purchase_floors":[5,20],"current_hp_per_floor":[61,50,50,50,50,50,52,32,32,26,16,22,22,22,25,26,58,49,49,49,43,35,19,12,4,11,10,4,0,0],"gold":200,"neow_bonus":"THREE_ENEMY_KILL","is_daily":false,"chose_seed":false,"campfire_upgraded":2,"win_rate":0.0,"timestamp":1612332100,"path_taken":["M","?","?","?","?","E","M","?","T","E","M","R","?","$","R","BOSS","M","?","$","M","M","E","M","E","T","E","?","M"],"items_purchased_type":["Relic","Relic"],"build_version":"2020-12-22","purchased_purges":1,"victory":false,"max_hp_per_floor":[68,68,68,68,68,68,68,68,68,68,68,68,68,68,68,68,68,68,68,68,68,68,68,68,68,75,75,75,75,75],"card_choices":[{"not_picked":["FlyingSleeves","Prostrate","Evaluate"],"picked":"SKIP","floor":1.0},{"not_picked":["FollowUp","EmptyBody"],"picked":"BattleHymn","floor":4.0},{"not_picked":["SashWhip","Conclude","FollowUp"],"picked":"SKIP","floor":6.0},{"not_picked":["FollowUp","BowlingBash","Conclude"],"picked":"SKIP","floor":7.0},{"not_picked":["PathToVictory","Halt","Establishment"],"picked":"SKIP","floor":10.0},{"not_picked":["TalkToTheHand","Weave","CutThroughFate"],"picked":"SKIP","floor":11.0},{"not_picked":["DeceiveReality","Prostrate+1"],"picked":"Halt+1","floor":18.0},{"not_picked":["BowlingBash","Consecrate","Prostrate"],"picked":"SKIP","floor":21.0},{"not_picked":["ClearTheMind","Fasting2","Pray"],"picked":"SKIP","floor":22.0},{"not_picked":["BowlingBash","FollowUp"],"picked":"ClearTheMind+1","floor":23.0},{"not_picked":["FlurryOfBlows","Conclude","WindmillStrike+1"],"picked":"SKIP","floor":24.0},{"not_picked":["WaveOfTheHand","ClearTheMind+1","Prostrate"],"picked":"SKIP","floor":25.0},{"not_picked":["JustLucky","Weave","Protect"],"picked":"SKIP","floor":27.0}],"player_experience":1789535,"relics_obtained":[{"floor":6.0,"key":"Blood Vial"},{"floor":9.0,"key":"Juzu Bracelet"},{"floor":10.0,"key":"Eternal Feather"},{"floor":23.0,"key":"Peace Pipe"},{"floor":25.0,"key":"Ancient Tea Set"},{"floor":26.0,"key":"Strawberry"},{"floor":27.0,"key":"War Paint"}],"event_choices":[{"damage_healed":0.0,"max_hp_gain":0.0,"max_hp_loss":0.0,"gold_gain":75.0,"event_name":"World of Goop","player_choice":"Gather Gold","floor":2.0,"gold_loss":0.0,"damage_taken":11.0},{"cards_removed":["Defend_P"],"damage_healed":0.0,"max_hp_gain":0.0,"max_hp_loss":0.0,"gold_gain":0.0,"event_name":"Bonfire Elementals","player_choice":"Offered Basic","floor":3.0,"gold_loss":0.0,"damage_taken":0.0},{"damage_healed":0.0,"max_hp_gain":0.0,"max_hp_loss":0.0,"gold_gain":0.0,"event_name":"Shining Light","player_choice":"Entered Light","floor":8.0,"gold_loss":0.0,"damage_taken":20.0,"cards_upgraded":["Eruption","Vigilance"]},{"cards_removed":["Strike_P"],"damage_healed":0.0,"max_hp_gain":0.0,"max_hp_loss":0.0,"gold_gain":0.0,"event_name":"Wheel of Change","player_choice":"Card Removal","floor":13.0,"gold_loss":0.0,"damage_taken":0.0},{"damage_healed":0.0,"max_hp_gain":0.0,"max_hp_loss":0.0,"gold_gain":0.0,"event_name":"Ghosts","player_choice":"Ignored","floor":19.0,"gold_loss":0.0,"damage_taken":0.0},{"damage_healed":0.0,"max_hp_gain":0.0,"max_hp_loss":0.0,"gold_gain":0.0,"event_name":"Nest","player_choice":"Joined the Cult","floor":28.0,"gold_loss":0.0,"damage_taken":6.0,"cards_obtained":["RitualDagger"]}],"is_beta":false,"boss_relics":[{"not_picked":["Fusion Hammer","Snecko Eye"],"picked":"Pandora\u0027s Box"}],"items_purged_floors":[14],"is_endless":false,"potions_floor_spawned":[4,6,21,23,24,25],"killed_by":"Shelled Parasite and Fungi","ascension_level":20}}