{"host":"0luxfixkkfk9wck3","time":1612375526,"event":{"mods":["BaseMod","DeckTracker","Downfall","Highlight Path","Minty Spire (QoL Compilation)","StSLib"],"gold_per_floor":[99,114,289,439,439,439,492,7,19,45,145,45,30,43,57,152,152,152,171,181,13,25,25,25,25],"floor_reached":23,"language":"ENG","playtime":6588,"items_purged":["Doubt"],"score":265,"play_id":"4760805d-37f8-4b89-9c2f-8646e2ba68ad","local_time":"20210203120526","is_ascension_mode":true,"campfire_choices":[{"data":"sneckomod:SnekBite","floor":1,"key":"SMITH"},{"floor":12,"key":"REST"}],"circlet_count":0,"master_deck":["sneckomod:Strike","sneckomod:Strike+1","sneckomod:Strike","sneckomod:Defend+1","sneckomod:Defend","sneckomod:Defend","sneckomod:TailWhip+1","sneckomod:SnekBite+1","sneckomod:Unknown","sneckomod:UnknownStrength","downfall:Icky","hexamod:Rewind","sneckomod:QuickBite","sneckomod:UnknownRareAttack","sneckomod:UnknownRarePower","sneckomod:CheapStock+1","sneckomod:UnknownCommonSkill","hexamod:FirstSeal","sneckomod:ImprovisedAttack","sneckomod:ImprovisedGuard","sneckomod:Unknown3Cost","sneckomod:UnknownRarePower","champ:EnchantShield","sneckomod:UnknownDraw","hexamod:SixthSeal","sneckomod:UnknownClassTHE_CHAMP_GRAY","sneckomod:UnknownClassTHE_CHAMP_GRAY"],"relics":["sneckomod:SneckoSoul","sneckomod:RareBoosterPack","Letter Opener","Pen Nib","downfall:HeartBlessingBlue","Busted Crown","Anchor"],"acts_visited":["Exordium","TheCity"],"potions_floor_usage":[10,23,23],"damage_taken":[{"damage":5,"enemies":"Small Slimes","floor":2,"turns":4},{"damage":0,"enemies":"downfall:FleeingMerchant","floor":8,"turns":4},{"damage":12,"enemies":"Jaw Worm","floor":9,"turns":4},{"damage":28,"enemies":"Lagavulin","floor":10,"turns":7},{"damage":5,"enemies":"downfall:FleeingMerchant","floor":13,"turns":4},{"damage":0,"enemies":"Cultist","floor":14,"turns":3},{"damage":9,"enemies":"Lots of Slimes","floor":15,"turns":4},{"damage":74,"enemies":"SI_SHIV_ARCHETYPE","floor":16,"turns":18},{"damage":23,"enemies":"Spheric Guardian","floor":19,"turns":5},{"damage":21,"enemies":"3 Byrds","floor":20,"turns":6},{"damage":10,"enemies":"downfall:FleeingMerchant","floor":21,"turns":4},{"damage":22,"enemies":"Shelled Parasite and Fungi","floor":22,"turns":5},{"damage":17,"enemies":"Snecko","floor":23,"turns":4}],"seed_played":"5312276785953636326","potions_obtained":[{"floor":2,"key":"EssenceOfSteel"},{"floor":14,"key":"SpeedPotion"},{"floor":16,"key":"PowerPotion"}],"is_trial":false,"path_per_floor":["R","M","?","?","?","R","T","$","M","E","?","R","$","M","M","B",null,"R","M","M","$","M","M"],"character_chosen":"THE_SNECKO","items_purchased":["sneckomod:RareBoosterPack","Letter Opener","Anchor"],"campfire_rested":1,"item_purchase_floors":[8,8,21],"current_hp_per_floor":[81,76,76,76,76,76,76,76,64,36,36,76,78,85,83,16,79,79,63,42,39,17,0,0,0],"gold":25,"neow_bonus":"UPGRADE_CARD","is_daily":false,"chose_seed":false,"campfire_upgraded":1,"win_rate":0.0,"timestamp":1612375526,"path_taken":["R","M","?","?","?","R","T","$","M","E","?","R","$","?","M","BOSS","R","M","?","$","?","?"],"items_purchased_type":["Relic","Relic","Relic"],"build_version":"2020-12-22","purchased_purges":1,"victory":false,"max_hp_per_floor":[90,90,90,90,90,90,90,90,90,90,90,100,100,100,100,100,100,100,100,100,100,100,100,100,100],"card_choices":[{"not_picked":["sneckomod:SerpentIdol","sneckomod:SnekBeam"],"picked":"sneckomod:UnknownStrength","floor":2},{"not_picked":["sneckomod:RainOfDice","sneckomod:QuickMove"],"picked":"sneckomod:QuickBite","floor":8},{"not_picked":["sneckomod:WideSting","sneckomod:DiceBlock"],"picked":"sneckomod:CheapStock","floor":9},{"not_picked":["sneckomod:DefensiveFlair","sneckomod:Unknown1Cost"],"picked":"sneckomod:UnknownCommonSkill","floor":10},{"not_picked":["hexamod:ThirdSeal","hexamod:FourthSeal"],"picked":"hexamod:FirstSeal","floor":10},{"not_picked":["sneckomod:UnknownDraw","sneckomod:SoulRoll"],"picked":"sneckomod:ImprovisedAttack","floor":13},{"not_picked":["sneckomod:SoulRoll","sneckomod:DiceBlock"],"picked":"sneckomod:ImprovisedGuard","floor":14},{"not_picked":["sneckomod:WideSting","sneckomod:UnknownCommonAttack"],"picked":"sneckomod:Unknown3Cost","floor":15},{"not_picked":["sneckomod:Restock","sneckomod:SoulExchange"],"picked":"sneckomod:UnknownRarePower","floor":16},{"not_picked":[],"picked":"sneckomod:UnknownDraw","floor":19},{"not_picked":["hexamod:FourthSeal","hexamod:FirstSeal"],"picked":"hexamod:SixthSeal","floor":20},{"not_picked":["sneckomod:IronFang+1"],"picked":"SKIP","floor":20},{"not_picked":[],"picked":"sneckomod:UnknownClassTHE_CHAMP_GRAY","floor":21},{"not_picked":[],"picked":"sneckomod:UnknownClassTHE_CHAMP_GRAY","floor":22}],"player_experience":11481901,"relics_obtained":[{"floor":10,"key":"Pen Nib"}],"event_choices":[],"is_beta":false,"boss_relics":[{"not_picked":["Philosopher\u0027s Stone","Velvet Choker"],"picked":"Busted Crown"}],"items_purged_floors":[8],"is_endless":false,"potions_floor_spawned":[2,14,16],"killed_by":"Snecko","ascension_level":8}}