{"host":"w8xisjf5mgmfjvmt","time":1612332737,"event":{"mods":["BaseMod","BetterRewards","Challenge The Spire","Conspire","Dota2Spire","Energized Spire","Filter the Spire","Minty Spire (QoL Compilation)","Quarter Circle Forward PUNCH!","Quick Restart","Relic Stats","Replay The Spire","Shop Mod","Spicy Shops","StSLib","¡¾ÒÅÎï¿¨ÅÆ¡¿REMEMod","óô»ðÖ¸ÄÏ"],"gold_per_floor":[112,69,83,154,171,203,203,39,85,85,85,10,44,57,57,131,131,144,157,168,68,86,113,125,147,159,188,225,249,276,317,329,420,432,458,490,502,514,543,555,598,61,141,183,214,240,266,278,290,302,314,326,109,121,162,174],"floor_reached":57,"language":"ZHS","playtime":3468,"items_purged":["Strike_R","Strike_R","Strike_R","Bash"],"score":2972,"play_id":"af51166d-c46c-4f10-874b-a686345664ad","local_time":"20210203141217","is_ascension_mode":true,"campfire_choices":[{"data":"Apotheosis","floor":7.0,"key":"SMITH"},{"floor":11.0,"key":"REST"},{"floor":15.0,"key":"DIG"},{"data":"Barricade","floor":24.0,"key":"SMITH"},{"data":"Strike_R","floor":32.0,"key":"PURGE"},{"data":"Abandon","floor":40.0,"key":"SMITH"},{"floor":49,"key":"RECALL"}],"circlet_count":0,"master_deck":["AscendersBane","Defend_R","Defend_R","Defend_R","Apotheosis+1","Discovery","Sentinel","Abandon+1","Carnage","Uppercut","Pommel Strike","Power Through","Body Slam","ReplayTheSpireMod:Stacked","Barricade+1","Battle Trance","Evolve","Shrug It Off","Bloodletting","Power Through","Discovery","Dark Embrace+1","ReplayTheSpireMod:Uncanny Aura"],"relics":["Burning Blood","REME_ComplimentaryCards","Nunchaku","Medical Kit","Centennial Puzzle","Happy Flower","Dota2Spire:MonkeyKingBar","Runic Dome","MawBank","qcfpunch:Wild_Herbs_Ointment","Mercury Hourglass","conspire:SeveredTorchhead","StrikeDummy","qcfpunch:Chain_With_Nametags","Replay:Accelerometer","Replay:Wax Seal","Dota2Spire:Butterfly","Blue Candle"],"acts_visited":["Exordium","TheCity","TheBeyond","TheEnding"],"potions_floor_usage":[],"damage_taken":[{"damage":20.0,"enemies":"Small Slimes","floor":1.0,"turns":5.0},{"damage":10.0,"enemies":"Jaw Worm","floor":3.0,"turns":6.0},{"damage":0.0,"enemies":"Cultist","floor":5.0,"turns":3.0},{"damage":19.0,"enemies":"Gremlin Nob","floor":6.0,"turns":4.0},{"damage":4.0,"enemies":"3 Sentries","floor":13.0,"turns":7.0},{"damage":10.0,"enemies":"Gremlin Gang","floor":14.0,"turns":3.0},{"damage":6.0,"enemies":"The Guardian","floor":16.0,"turns":6.0},{"damage":12.0,"enemies":"3 Byrds","floor":18.0,"turns":5.0},{"damage":4.0,"enemies":"Chosen","floor":19.0,"turns":5.0},{"damage":0.0,"enemies":"Snecko","floor":20.0,"turns":7.0},{"damage":13.0,"enemies":"Centurion and Healer","floor":22.0,"turns":5.0},{"damage":5.0,"enemies":"Book of Stabbing","floor":23.0,"turns":3.0},{"damage":0.0,"enemies":"3 Cultists","floor":25.0,"turns":5.0},{"damage":10.0,"enemies":"Snecko","floor":27.0,"turns":3.0},{"damage":13.0,"enemies":"Gremlin Leader","floor":28.0,"turns":6.0},{"damage":18.0,"enemies":"Chosen and Byrds","floor":29.0,"turns":5.0},{"damage":10.0,"enemies":"Sentry and Sphere","floor":30.0,"turns":8.0},{"damage":11.0,"enemies":"conspire:Head Lice","floor":31.0,"turns":6.0},{"damage":19.0,"enemies":"Collector","floor":33.0,"turns":8.0},{"damage":3.0,"enemies":"3 Shapes","floor":35.0,"turns":5.0},{"damage":10.0,"enemies":"3 Darklings","floor":36.0,"turns":6.0},{"damage":3.0,"enemies":"Jaw Worm Horde","floor":39.0,"turns":5.0},{"damage":6.0,"enemies":"Nemesis","floor":41.0,"turns":3.0},{"damage":6.0,"enemies":"Reptomancer","floor":44.0,"turns":3.0},{"damage":10,"enemies":"Transient","floor":45,"turns":6},{"damage":1,"enemies":"Spire Growth","floor":46,"turns":4},{"damage":5,"enemies":"Jaw Worm Horde","floor":47,"turns":6},{"damage":0,"enemies":"conspire:OrnateMirror","floor":50,"turns":10},{"damage":9,"enemies":"Donu and Deca","floor":51,"turns":8},{"damage":12,"enemies":"Shield and Spear","floor":55,"turns":5},{"damage":18,"enemies":"The Heart","floor":56,"turns":8}],"seed_played":"-7021364793679096170","potions_obtained":[{"floor":3.0,"key":"DuplicationPotion"},{"floor":5.0,"key":"Languid Potion"},{"floor":6.0,"key":"Doom Potion"},{"floor":16.0,"key":"Elixir"},{"floor":18.0,"key":"Block Potion"},{"floor":23.0,"key":"Weak Potion"},{"floor":25.0,"key":"ColorlessPotion"},{"floor":29.0,"key":"SteroidPotion"},{"floor":33.0,"key":"SkillPotion"},{"floor":35.0,"key":"SteroidPotion"},{"floor":36.0,"key":"LiquidMemories"},{"floor":47,"key":"Reflective Coating"}],"is_trial":false,"path_per_floor":["M","$","M","?","M","E","R","$","T","?","R","$","E","M","R","B",null,"M","M","M","$","M","E","R","M","T","M","E","M","M","E","R","B",null,"M","M","?","?","M","R","E","R","T","E","M","M","M","?","R","B","B",null,"R","$","E","B",null],"character_chosen":"IRONCLAD","items_purchased":["Abandon","Medical Kit","qcfpunch:Chain_With_Nametags","ReplayTheSpireMod:Uncanny Aura","Dota2Spire:Butterfly"],"campfire_rested":1,"item_purchase_floors":[2,8,42,53,53],"current_hp_per_floor":[54,54,50,23,29,16,16,16,16,16,36,36,38,34,34,34,60,54,56,62,62,55,56,56,62,62,58,51,39,35,30,30,17,55,58,54,54,54,57,57,57,57,57,57,53,60,61,61,61,67,64,69,69,69,63,51],"gold":186,"neow_bonus":"RANDOM_COLORLESS_2","is_daily":false,"chose_seed":false,"campfire_upgraded":3,"win_rate":0.0,"timestamp":1612332737,"path_taken":["M","$","M","?","M","E","R","?","T","?","R","?","E","?","R","BOSS","M","M","?","$","M","E","R","M","T","?","E","M","?","E","R","BOSS","M","M","?","?","M","R","E","R","T","E","M","M","?","?","R","BOSS","BOSS","R","$","E","BOSS"],"items_purchased_type":["Card","Relic","Relic","Card","Relic"],"build_version":"2020-12-22","purchased_purges":4,"victory":true,"max_hp_per_floor":[68,68,68,68,68,68,68,68,68,68,68,68,68,68,68,68,68,68,68,68,68,68,68,68,68,68,68,68,68,68,68,68,68,68,68,68,68,68,68,68,68,68,68,68,68,70,70,70,70,70,70,70,70,70,70,70],"relic_stats":{"Nunchaku":[24],"Centennial Puzzle":[69],"Happy Flower":[48],"counters":[31,169],"Blue Candle":[0],"Medical Kit":[222],"MawBank":408,"obtain_stats":[{"Replay:Accelerometer":43,"Happy Flower":13,"Blue Candle":55,"Medical Kit":8,"MawBank":23,"Burning Blood":0,"qcfpunch:Wild_Herbs_Ointment":28,"Mercury Hourglass":31,"conspire:SeveredTorchhead":34,"Runic Dome":17,"Nunchaku":6,"Centennial Puzzle":9,"Dota2Spire:Butterfly":53,"Replay:Wax Seal":44,"Dota2Spire:MonkeyKingBar":15,"StrikeDummy":41,"qcfpunch:Chain_With_Nametags":42,"REME_ComplimentaryCards":0},{"Replay:Accelerometer":23,"Happy Flower":5,"Blue Candle":30,"Medical Kit":4,"MawBank":12,"Burning Blood":0,"qcfpunch:Wild_Herbs_Ointment":15,"Mercury Hourglass":18,"conspire:SeveredTorchhead":19,"Runic Dome":7,"Nunchaku":4,"Centennial Puzzle":4,"Dota2Spire:Butterfly":29,"Replay:Wax Seal":24,"Dota2Spire:MonkeyKingBar":6,"StrikeDummy":23,"qcfpunch:Chain_With_Nametags":23,"REME_ComplimentaryCards":0},{"Replay:Accelerometer":119,"Happy Flower":25,"Blue Candle":161,"Medical Kit":18,"MawBank":59,"Burning Blood":0,"qcfpunch:Wild_Herbs_Ointment":73,"Mercury Hourglass":92,"conspire:SeveredTorchhead":100,"Runic Dome":34,"Nunchaku":18,"Centennial Puzzle":18,"Dota2Spire:Butterfly":156,"Replay:Wax Seal":122,"Dota2Spire:MonkeyKingBar":28,"StrikeDummy":119,"qcfpunch:Chain_With_Nametags":119,"REME_ComplimentaryCards":0}],"Burning Blood":186,"Mercury Hourglass":[238]},"card_choices":[{"not_picked":["The Bomb","Sadistic Nature"],"picked":"Apotheosis","floor":0.0},{"not_picked":["Warcry","Blood for Blood"],"picked":"Sentinel","floor":1.0},{"not_picked":["Fire Breathing","Seeing Red"],"picked":"Carnage","floor":3.0},{"not_picked":["Sword Boomerang","Iron Wave"],"picked":"Uppercut","floor":4.0},{"not_picked":["Cleave","Clothesline"],"picked":"Pommel Strike","floor":4.0},{"not_picked":["conspire:HitWhereItHurts","Warcry"],"picked":"Power Through","floor":5.0},{"not_picked":["ReplayTheSpireMod:Corrosion Curse","Perfected Strike"],"picked":"Body Slam","floor":6.0},{"not_picked":["Body Slam","REME_Fury"],"picked":"ReplayTheSpireMod:Stacked","floor":13.0},{"not_picked":["Run Through","Rampage","Twin Strike"],"picked":"SKIP","floor":14.0},{"not_picked":["Offering","Exhume"],"picked":"Barricade","floor":16.0},{"not_picked":["Flex","Twin Strike"],"picked":"Battle Trance","floor":18.0},{"not_picked":["Spot Weakness+1","Rage","Run Through"],"picked":"SKIP","floor":19.0},{"not_picked":["Clash","Warcry","Heavy Blade"],"picked":"SKIP","floor":20.0},{"not_picked":["Run Through","Cleave","Clothesline"],"picked":"SKIP","floor":22.0},{"not_picked":["Pummel+1","Sentinel","conspire:Charge+1"],"picked":"SKIP","floor":23.0},{"not_picked":["Fire Breathing","Rupture","Run Through"],"picked":"SKIP","floor":25.0},{"not_picked":["ReplayTheSpireMod:Limb From Limb","Flex","Cleave+1"],"picked":"SKIP","floor":27.0},{"not_picked":["Ghostly Armor","Shrug It Off"],"picked":"Evolve","floor":28.0},{"not_picked":["Rampage","Iron Wave"],"picked":"Shrug It Off","floor":29.0},{"not_picked":["Anger","Whirlwind"],"picked":"Bloodletting","floor":30.0},{"not_picked":["Demonic Infusion","Pummel+1"],"picked":"Power Through","floor":31.0},{"not_picked":["Armaments","Run Through","Body Slam"],"picked":"SKIP","floor":35.0},{"not_picked":["Havoc","Run Through+1","Iron Wave"],"picked":"SKIP","floor":36.0},{"not_picked":["Warcry","Seeing Red+1"],"picked":"Dark Embrace+1","floor":39.0},{"not_picked":["conspire:Charge","ReplayTheSpireMod:Limb From Limb","Clash+1"],"picked":"SKIP","floor":41.0},{"not_picked":["Bloodletting","ReplayTheSpireMod:Strike From Hell","Replay:Undeath\u0027s Touch"],"picked":"SKIP","floor":44.0},{"not_picked":["Rampage","Wild Strike","Flex+1"],"picked":"SKIP","floor":45},{"not_picked":["Run Through","Body Slam","Whirlwind"],"picked":"SKIP","floor":46},{"not_picked":["Sword Boomerang","Sever Soul","Reaper"],"picked":"SKIP","floor":47},{"not_picked":["Sword Boomerang","Sever Soul","Reaper"],"picked":"SKIP","floor":47},{"not_picked":["Shrug It Off","Battle Trance+1","Replay:Many Hands"],"picked":"SKIP","floor":55}],"player_experience":1255433,"relics_obtained":[{"floor":6.0,"key":"Nunchaku"},{"floor":9.0,"key":"Centennial Puzzle"},{"floor":13.0,"key":"Happy Flower"},{"floor":15.0,"key":"Dota2Spire:MonkeyKingBar"},{"floor":23.0,"key":"MawBank"},{"floor":28.0,"key":"qcfpunch:Wild_Herbs_Ointment"},{"floor":31.0,"key":"Mercury Hourglass"},{"floor":41.0,"key":"StrikeDummy"},{"floor":43.0,"key":"Replay:Accelerometer"},{"floor":44.0,"key":"Replay:Wax Seal"},{"floor":55,"key":"Blue Candle"}],"event_choices":[{"damage_healed":0.0,"max_hp_gain":0.0,"max_hp_loss":0.0,"gold_gain":0.0,"event_name":"Dead Adventurer","player_choice":"Searched \u00270\u0027 times","floor":10.0,"gold_loss":0.0,"damage_taken":0.0},{"cards_removed":["Strike_R"],"damage_healed":0.0,"max_hp_gain":0.0,"max_hp_loss":0.0,"gold_gain":0.0,"event_name":"Falling","player_choice":"Removed Attack","floor":37.0,"gold_loss":0.0,"damage_taken":0.0},{"damage_healed":0.0,"max_hp_gain":0.0,"max_hp_loss":0.0,"gold_gain":0.0,"event_name":"Duplicator","player_choice":"Copied","floor":38.0,"gold_loss":0.0,"damage_taken":0.0,"cards_obtained":["Discovery"]},{"cards_removed":["Defend_R"],"damage_healed":0,"gold_gain":0,"player_choice":"Purged","damage_taken":0,"max_hp_gain":0,"max_hp_loss":0,"event_name":"Purifier","floor":48,"gold_loss":0}],"is_beta":false,"boss_relics":[{"not_picked":["SacredBark","Philosopher\u0027s Stone"],"picked":"Runic Dome"},{"not_picked":["qcfpunch:Dark_Gi","ChewingGum"],"picked":"conspire:SeveredTorchhead"}],"items_purged_floors":[12,21,42,42],"is_endless":false,"potions_floor_spawned":[3,5,6,16,18,23,25,28,29,33,35,36,41,47],"ascension_level":20}}