{"host":"13o02hya6v6rzuva","time":1612358132,"event":{"mods":["BaseMod","Minty Spire (QoL Compilation)","Relic Stats"],"gold_per_floor":[118,132,132,142,156,181,181,214,238,238,238,0,12,12,12,107,107,126,126,126,126,141,174,174,264,264,264,264],"floor_reached":27,"language":"ENG","playtime":1222,"items_purged":[],"score":370,"play_id":"f434c29a-105f-45c6-b7f1-010164758fd3","local_time":"20210203141532","is_ascension_mode":true,"campfire_choices":[{"data":"Cloak And Dagger","floor":7.0,"key":"SMITH"},{"data":"Neutralize","floor":11.0,"key":"SMITH"},{"floor":15.0,"key":"REST"},{"data":"Deflect","floor":24.0,"key":"SMITH"}],"circlet_count":0,"master_deck":["AscendersBane","Strike_G","Strike_G","Strike_G","Strike_G","Strike_G","Defend_G","Defend_G","Defend_G","Defend_G","Survivor","Neutralize+1","Backflip","Cloak And Dagger+1","Burst","Dagger Spray","After Image","Poisoned Stab","Skewer+1","Die Die Die","Bouncing Flask+1","Accuracy","Crippling Poison+1","Deflect+1","Swift Strike"],"relics":["Sozu","Meat on the Bone","PreservedInsect","Pen Nib","Mummified Hand","Black Star","Orichalcum","Blue Candle","Gremlin Horn"],"acts_visited":["Exordium","TheCity"],"potions_floor_usage":[],"damage_taken":[{"damage":0.0,"enemies":"Small Slimes","floor":1.0,"turns":5.0},{"damage":0.0,"enemies":"Cultist","floor":2.0,"turns":4.0},{"damage":12.0,"enemies":"Jaw Worm","floor":4.0,"turns":3.0},{"damage":0.0,"enemies":"3 Louse","floor":5.0,"turns":3.0},{"damage":12.0,"enemies":"3 Sentries","floor":6.0,"turns":8.0},{"damage":14.0,"enemies":"Lagavulin","floor":8.0,"turns":9.0},{"damage":4.0,"enemies":"Exordium Thugs","floor":13.0,"turns":4.0},{"damage":38.0,"enemies":"Hexaghost","floor":16.0,"turns":10.0},{"damage":0.0,"enemies":"Chosen","floor":18.0,"turns":4.0},{"damage":30.0,"enemies":"2 Thieves","floor":22.0,"turns":4.0},{"damage":7.0,"enemies":"Gremlin Leader","floor":23.0,"turns":5.0},{"damage":28,"enemies":"Shelled Parasite and Fungi","floor":27,"turns":4}],"seed_played":"9111305737664961294","potions_obtained":[],"is_trial":false,"path_per_floor":["M","M","?","M","M","E","R","E","T","?","R","$","M","?","R","B",null,"M","?","?","$","M","E","R","?","T","M"],"character_chosen":"THE_SILENT","items_purchased":["Mummified Hand"],"campfire_rested":1,"item_purchase_floors":[12],"current_hp_per_floor":[63,63,63,51,51,39,39,37,37,42,42,42,38,38,60,34,65,65,65,65,65,47,40,40,22,22,0,0],"gold":264,"neow_bonus":"BOSS_RELIC","is_daily":false,"chose_seed":false,"campfire_upgraded":3,"win_rate":0.0,"timestamp":1612358132,"path_taken":["M","M","?","M","?","E","R","E","T","?","R","$","M","?","R","BOSS","M","?","?","?","?","E","R","?","T","M"],"items_purchased_type":["Relic"],"build_version":"2020-12-22","purchased_purges":0,"victory":false,"max_hp_per_floor":[70,70,70,70,70,70,70,70,70,75,75,75,75,75,75,75,75,75,75,75,75,75,75,75,75,75,75,75],"relic_stats":{"Sozu":4,"Gremlin Horn":[1,1],"counters":[12,63],"Mummified Hand":[7],"Blue Candle":[0],"PreservedInsect":56,"Pen Nib":[7],"Black Star":1,"Orichalcum":[6],"obtain_stats":[{"Sozu":0,"Gremlin Horn":26,"Mummified Hand":12,"Blue Candle":23,"PreservedInsect":8,"Pen Nib":9,"Black Star":17,"Orichalcum":23,"Ring of the Snake":0,"Meat on the Bone":6},{"Sozu":0,"Gremlin Horn":11,"Mummified Hand":6,"Blue Candle":11,"PreservedInsect":6,"Pen Nib":6,"Black Star":8,"Orichalcum":11,"Ring of the Snake":0,"Meat on the Bone":5},{"Sozu":0,"Gremlin Horn":59,"Mummified Hand":32,"Blue Candle":59,"PreservedInsect":32,"Pen Nib":32,"Black Star":46,"Orichalcum":59,"Ring of the Snake":0,"Meat on the Bone":23}],"Meat on the Bone":36},"card_choices":[{"not_picked":["Dagger Throw","Sucker Punch"],"picked":"Backflip","floor":1.0},{"not_picked":["Reflex","Deflect"],"picked":"Cloak And Dagger","floor":2.0},{"not_picked":["Bane","Underhanded Strike","Dagger Throw"],"picked":"SKIP","floor":4.0},{"not_picked":["Poisoned Stab","Eviscerate"],"picked":"Dagger Spray","floor":5.0},{"not_picked":["Caltrops","Dagger Throw"],"picked":"After Image","floor":6.0},{"not_picked":["Well Laid Plans","Quick Slash"],"picked":"Poisoned Stab","floor":8.0},{"not_picked":["Backflip","Prepared"],"picked":"Skewer","floor":13.0},{"not_picked":["Wraith Form v2","A Thousand Cuts"],"picked":"Die Die Die","floor":16.0},{"not_picked":["Flying Knee","Dagger Spray"],"picked":"Bouncing Flask+1","floor":18.0},{"not_picked":["Dagger Throw","Underhanded Strike"],"picked":"Crippling Poison+1","floor":22.0},{"not_picked":["Tools of the Trade","Terror"],"picked":"Deflect","floor":23.0}],"player_experience":1179105,"relics_obtained":[{"floor":6.0,"key":"Meat on the Bone"},{"floor":8.0,"key":"PreservedInsect"},{"floor":9.0,"key":"Pen Nib"},{"floor":23.0,"key":"Orichalcum"},{"floor":23.0,"key":"Blue Candle"},{"floor":26.0,"key":"Gremlin Horn"}],"event_choices":[{"damage_healed":0.0,"max_hp_gain":0.0,"max_hp_loss":0.0,"gold_gain":0.0,"cards_transformed":["Defend_G"],"event_name":"Transmorgrifier","player_choice":"Transformed","floor":3.0,"gold_loss":0.0,"damage_taken":0.0,"cards_obtained":["Burst"]},{"damage_healed":0.0,"max_hp_gain":5.0,"max_hp_loss":0.0,"gold_gain":0.0,"event_name":"Big Fish","player_choice":"Donut","floor":10.0,"gold_loss":0.0,"damage_taken":0.0},{"damage_healed":0.0,"max_hp_gain":0.0,"max_hp_loss":0.0,"gold_gain":0.0,"event_name":"Accursed Blacksmith","player_choice":"Forge","floor":14.0,"gold_loss":0.0,"damage_taken":0.0,"cards_upgraded":["Skewer"]},{"damage_healed":0.0,"max_hp_gain":0.0,"max_hp_loss":0.0,"gold_gain":0.0,"event_name":"The Library","player_choice":"Read","floor":19.0,"gold_loss":0.0,"damage_taken":0.0,"cards_obtained":["Accuracy"]},{"damage_healed":0.0,"max_hp_gain":0.0,"max_hp_loss":0.0,"gold_gain":0.0,"event_name":"Vampires","player_choice":"Ignored","floor":20.0,"gold_loss":0.0,"damage_taken":0.0},{"damage_healed":0.0,"max_hp_gain":0.0,"max_hp_loss":0.0,"gold_gain":90.0,"event_name":"Knowing Skull","player_choice":"GOLD CARD ","floor":25.0,"potions_obtained":[],"gold_loss":0.0,"damage_taken":18.0,"cards_obtained":["Swift Strike"]}],"is_beta":false,"boss_relics":[{"not_picked":["Empty Cage","Fusion Hammer"],"picked":"Black Star"}],"items_purged_floors":[],"is_endless":false,"potions_floor_spawned":[2,8,16,18],"killed_by":"Shelled Parasite and Fungi","ascension_level":11}}