{"host":"627up2rvtmm0cf0r","time":1612350887,"event":{"mods":["ATMod(°¢èªMod)","Act Like it!","BaseMod","Better Vampires","CapriCore","Card Filter","Card Forge","Colored Powertips","DeckTracker","Dota2Spire","Downfall","Energized Spire","Friendly Minions","Highlight Path","Infinite Spire","Jedi Mod","Minty Spire (QoL Compilation)","MostiFishMod","Permanent Neow","Practice Mode","Quick Restart","Relic Stats","Reliquary","Shop Mod","Spicy Shops","StSLib","SuperFastMode","TestMod","Warlord Emblem","¡¾ÒÅÎï¿¨ÅÆ¡¿REMEMod","óô»ðÖ¸ÄÏ"],"gold_per_floor":[99,99,99,7,7,34,61,72,172,207,217,234,234,261,272,370,370,172,185,196,58,58,84,84,96,127,158,171,190,225,250,270,372,372,372,386,397,247,297,308,308,333,345,371,371,383,112,112,132,132],"floor_reached":51,"language":"ZHS","playtime":1330,"items_purged":["Guardian:Strike_Guardian","Guardian:Defend_Guardian","Guardian:Strike_Guardian","Guardian:Defend_Guardian","Guardian:CurlUp","Guardian:Defend_Guardian"],"score":1502,"play_id":"9b991d89-a3d3-4109-81fd-816df594a764","local_time":"20210203191447","is_ascension_mode":true,"campfire_choices":[{"data":"AT_MachinaRedman","floor":1,"key":"SMITH"},{"data":"Deep Breath","floor":13,"key":"SMITH"}],"circlet_count":0,"master_deck":["Guardian:Strike_Guardian","Guardian:Defend_Guardian","Guardian:TwinSlam","Deep Breath+1","AT_MachinaRedman+1","Guardian:ExploitGems+1","REME_WheelOfFate"],"relics":["Guardian:ModeShifter","Hammer of Thor","Seething Fire","Anvil of the Gods","DaveBox","testmod-TestBox","REME_ComplimentaryCards","AT_ATBox","testmod-PortableAltar","JellyFishMachine","Bag of Marbles","testmod-IndustrialRevolution","infinitespire:Eraser","Dota2Spire:RefresherOrb","Dota2Spire:MantaStyle","Unceasing Top","DiscerningMonocle","testmod-AssaultLearning","Guardian:PickAxe","testmod-CrystalShield","AT_GuinsooRageblade","AT_SunfireAegis","testmod-RealStoneCalender","Red Mask","FossilizedHelix","Juzu Bracelet","expansioncontent:StudyCardRelic","Gremlin Horn","testmod-BlackFramedGlasses","jedi:purplefairy","reliquary:IridiumChain","TheAbacus","Frozen Eye","jedi:gremlinknob","jedi:archwizardhat","reliquary:ExpiredCoupon","Blood Vial","Cauldron","Strawberry","testmod-LifeArmor","infinitespire:PuzzleCube","reliquary:Knoch","PrismaticShard","testmod-OneHitWonder","infinitespire:Beetle Shell"],"acts_visited":["Exordium","TheCity","TheBeyond"],"potions_floor_usage":[21,21],"damage_taken":[{"damage":11,"enemies":"downfall:FleeingMerchant","floor":4,"turns":4},{"damage":13,"enemies":"3 Sentries","floor":6,"turns":5},{"damage":0,"enemies":"Jaw Worm","floor":8,"turns":1},{"damage":14,"enemies":"Lagavulin","floor":10,"turns":3},{"damage":0,"enemies":"2 Louse","floor":11,"turns":2},{"damage":0,"enemies":"Small Slimes","floor":12,"turns":1},{"damage":9,"enemies":"Gremlin Nob","floor":14,"turns":3},{"damage":0,"enemies":"Red Slaver","floor":15,"turns":2},{"damage":6,"enemies":"SI_SHIV_ARCHETYPE","floor":16,"turns":4},{"damage":0,"enemies":"Spheric Guardian","floor":19,"turns":1},{"damage":0,"enemies":"3 Byrds","floor":20,"turns":2},{"damage":0,"enemies":"downfall:FleeingMerchant","floor":21,"turns":4},{"damage":0,"enemies":"Slavers","floor":23,"turns":2},{"damage":0,"enemies":"Snecko","floor":25,"turns":1},{"damage":9,"enemies":"Book of Stabbing","floor":26,"turns":2},{"damage":0,"enemies":"Masked Bandits","floor":27,"turns":1},{"damage":0,"enemies":"Cultist and Chosen","floor":28,"turns":2},{"damage":0,"enemies":"Shelled Parasite and Fungi","floor":29,"turns":2},{"damage":0,"enemies":"Slavers","floor":30,"turns":2},{"damage":0,"enemies":"Gremlin Leader","floor":31,"turns":2},{"damage":0,"enemies":"Snake Plant","floor":32,"turns":1},{"damage":0,"enemies":"WA_ARCHETYPE_CALM","floor":33,"turns":3},{"damage":0,"enemies":"Orb Walker","floor":36,"turns":2},{"damage":0,"enemies":"3 Shapes","floor":37,"turns":1},{"damage":0,"enemies":"3 Shapes","floor":39,"turns":2},{"damage":0,"enemies":"Maw","floor":40,"turns":2},{"damage":0,"enemies":"Reptomancer","floor":42,"turns":1},{"damage":0,"enemies":"4 Shapes","floor":43,"turns":1},{"damage":0,"enemies":"Nemesis","floor":44,"turns":1},{"damage":0,"enemies":"Spire Growth","floor":46,"turns":1},{"damage":0,"enemies":"Writhing Mass","floor":49,"turns":1},{"damage":0,"enemies":"IC_BLOCK_ARCHETYPE","floor":50,"turns":1}],"seed_played":"395381113385213119","potions_obtained":[{"floor":8,"key":"PowerPotion"},{"floor":14,"key":"AttackPotion"},{"floor":15,"key":"ColorlessPotion"},{"floor":25,"key":"jedi:wingpotion"},{"floor":33,"key":"SteroidPotion"}],"is_trial":false,"path_per_floor":["R","?","?","$","?","E","T","M","?","E","M","M","R","E","M","B",null,"R","M","M","$","?","E","T","M","E","?","M","M","E","E","M","B",null,"R","M","M","$","?","M","T","E","M","E","?","M","R","?","M","B",null],"character_chosen":"GUARDIAN","items_purchased":["Bag of Marbles","Dota2Spire:MantaStyle","Unceasing Top","DiscerningMonocle","testmod-AssaultLearning","Guardian:PickAxe","testmod-CrystalShield","testmod-SpacePotion","REME_GoldPotion","jedi:StrikingPotion","Gremlin Horn","testmod-BlackFramedGlasses","jedi:purplefairy","reliquary:IridiumChain","TheAbacus","Frozen Eye","Cauldron","Strawberry","testmod-LifeArmor","infinitespire:PuzzleCube","reliquary:Knoch","PrismaticShard","testmod-OneHitWonder"],"campfire_rested":0,"item_purchase_floors":[4,18,21,21,21,21,21,21,21,21,38,38,38,38,38,38,45,45,45,45,45,45,47],"current_hp_per_floor":[72,72,72,61,61,48,48,48,48,34,34,34,34,25,25,19,52,52,52,52,52,52,52,52,52,43,43,43,43,43,43,43,43,45,45,44,43,42,41,40,39,38,37,36,42,41,40,39,38,37],"gold":132,"neow_bonus":"RANDOM_COLORLESS","is_daily":false,"chose_seed":false,"campfire_upgraded":2,"win_rate":0.0,"timestamp":1612350887,"path_taken":["R","?","?","$","?","E","T","M","?","E","M","?","R","E","M","BOSS","R","M","?","$","?","E","T","?","E","?","M","M","E","E","M","BOSS","R","M","M","$","?","M","T","E","M","E","?","M","R","?","M","BOSS"],"items_purchased_type":["Relic","Relic","Relic","Relic","Relic","Relic","Relic","Potion","Potion","Potion","Relic","Relic","Relic","Relic","Relic","Relic","Relic","Relic","Relic","Relic","Relic","Relic","Relic"],"build_version":"2020-12-22","purchased_purges":6,"victory":true,"max_hp_per_floor":[79,78,77,76,75,74,73,72,71,70,69,68,67,66,65,64,63,62,61,60,59,58,57,56,55,54,53,52,51,50,49,48,47,46,45,44,43,42,41,40,39,38,37,36,42,41,40,39,38,37],"relic_stats":{"Blood Vial":0,"TheAbacus":[66],"Gremlin Horn":[5,6],"counters":[32,63],"Juzu Bracelet":0,"obtain_stats":[{"AT_ATBox":0,"DaveBox":0,"Gremlin Horn":38,"DiscerningMonocle":21,"Hammer of Thor":0,"testmod-PortableAltar":0,"Dota2Spire:RefresherOrb":17,"testmod-LifeArmor":45,"Juzu Bracelet":31,"expansioncontent:StudyCardRelic":34,"jedi:archwizardhat":41,"PrismaticShard":45,"testmod-BlackFramedGlasses":38,"Guardian:PickAxe":21,"Blood Vial":44,"Frozen Eye":38,"testmod-CrystalShield":21,"TheAbacus":38,"Strawberry":45,"Red Mask":27,"infinitespire:Eraser":14,"AT_GuinsooRageblade":23,"Dota2Spire:MantaStyle":18,"testmod-TestBox":0,"JellyFishMachine":0,"Guardian:ModeShifter":0,"jedi:purplefairy":38,"jedi:gremlinknob":39,"infinitespire:Beetle Shell":50,"Seething Fire":0,"testmod-IndustrialRevolution":10,"reliquary:IridiumChain":38,"testmod-RealStoneCalender":26,"reliquary:ExpiredCoupon":42,"Cauldron":45,"Anvil of the Gods":0,"testmod-AssaultLearning":21,"Bag of Marbles":4,"reliquary:Knoch":45,"AT_SunfireAegis":24,"Unceasing Top":21,"FossilizedHelix":30,"infinitespire:PuzzleCube":45,"testmod-OneHitWonder":47,"REME_ComplimentaryCards":0},{"AT_ATBox":0,"DaveBox":0,"Gremlin Horn":24,"DiscerningMonocle":12,"Hammer of Thor":0,"testmod-PortableAltar":0,"Dota2Spire:RefresherOrb":9,"testmod-LifeArmor":29,"Juzu Bracelet":20,"expansioncontent:StudyCardRelic":22,"jedi:archwizardhat":26,"PrismaticShard":29,"testmod-BlackFramedGlasses":24,"Guardian:PickAxe":12,"Blood Vial":29,"Frozen Eye":24,"testmod-CrystalShield":12,"TheAbacus":24,"Strawberry":29,"Red Mask":16,"infinitespire:Eraser":7,"AT_GuinsooRageblade":13,"Dota2Spire:MantaStyle":9,"testmod-TestBox":0,"JellyFishMachine":0,"Guardian:ModeShifter":0,"jedi:purplefairy":24,"jedi:gremlinknob":25,"infinitespire:Beetle Shell":32,"Seething Fire":0,"testmod-IndustrialRevolution":4,"reliquary:IridiumChain":24,"testmod-RealStoneCalender":15,"reliquary:ExpiredCoupon":27,"Cauldron":29,"Anvil of the Gods":0,"testmod-AssaultLearning":12,"Bag of Marbles":1,"reliquary:Knoch":29,"AT_SunfireAegis":13,"Unceasing Top":12,"FossilizedHelix":19,"infinitespire:PuzzleCube":29,"testmod-OneHitWonder":30,"REME_ComplimentaryCards":0},{"AT_ATBox":0,"DaveBox":0,"Gremlin Horn":53,"DiscerningMonocle":32,"Hammer of Thor":0,"testmod-PortableAltar":0,"Dota2Spire:RefresherOrb":25,"testmod-LifeArmor":60,"Juzu Bracelet":46,"expansioncontent:StudyCardRelic":50,"jedi:archwizardhat":57,"PrismaticShard":60,"testmod-BlackFramedGlasses":53,"Guardian:PickAxe":32,"Blood Vial":60,"Frozen Eye":53,"testmod-CrystalShield":32,"TheAbacus":53,"Strawberry":60,"Red Mask":38,"infinitespire:Eraser":19,"AT_GuinsooRageblade":34,"Dota2Spire:MantaStyle":25,"testmod-TestBox":0,"JellyFishMachine":0,"Guardian:ModeShifter":0,"jedi:purplefairy":53,"jedi:gremlinknob":55,"infinitespire:Beetle Shell":63,"Seething Fire":0,"testmod-IndustrialRevolution":13,"reliquary:IridiumChain":53,"testmod-RealStoneCalender":37,"reliquary:ExpiredCoupon":58,"Cauldron":60,"Anvil of the Gods":0,"testmod-AssaultLearning":32,"Bag of Marbles":4,"reliquary:Knoch":60,"AT_SunfireAegis":34,"Unceasing Top":32,"FossilizedHelix":44,"infinitespire:PuzzleCube":60,"testmod-OneHitWonder":61,"REME_ComplimentaryCards":0}],"Unceasing Top":[6]},"card_choices":[{"not_picked":["testmod-SubstituteBySubterfuge","Panacea"],"picked":"Deep Breath","floor":0},{"not_picked":["Guardian:Gem_Yellow","Guardian:Gem_Green","Guardian:ArmoredProtocol"],"picked":"SKIP","floor":4},{"not_picked":["Guardian:Gem_Purple","Guardian:HyperBeam_Guardian","Guardian:Suspension"],"picked":"SKIP","floor":6},{"not_picked":["Guardian:ArmoredProtocol","Guardian:Repulse","Guardian:BronzeOrb"],"picked":"SKIP","floor":8},{"not_picked":["Guardian:CrystalBeam","Guardian:FuturePlans","Guardian:PiercingHide"],"picked":"SKIP","floor":10},{"not_picked":["Guardian:FuturePlans","Guardian:DonusPower","Guardian:VentSteam"],"picked":"SKIP","floor":11},{"not_picked":["Guardian:Gem_Lightblue","Guardian:Gem_Green","Guardian:PrimingBeam"],"picked":"SKIP","floor":12},{"not_picked":["Guardian:CrystalBeam","Guardian:ArmoredProtocol","Guardian:TimeBomb"],"picked":"SKIP","floor":14},{"not_picked":["Guardian:SentryBeam","Guardian:Gem_Cyan","Guardian:PiercingHide"],"picked":"SKIP","floor":15},{"not_picked":["Guardian:GemFinder","Guardian:AncientConstruct"],"picked":"Guardian:ExploitGems","floor":16},{"not_picked":["Guardian:BronzeArmor","Guardian:Gem_Yellow","Guardian:Suspension"],"picked":"SKIP","floor":19},{"not_picked":["Guardian:Gem_Lightblue","Guardian:PiercingHide+1"],"picked":"Guardian:Gem_White","floor":20},{"not_picked":["Guardian:Gem_Fragmented","Guardian:Preprogram","Guardian:BronzeArmor+1"],"picked":"SKIP","floor":21},{"not_picked":["Guardian:BaubleBeam","Guardian:Gem_Cyan","Guardian:Gem_Green"],"picked":"SKIP","floor":23},{"not_picked":["Guardian:GuardianWhirl","Guardian:Incinerate","Guardian:Gem_Red"],"picked":"SKIP","floor":25},{"not_picked":["Guardian:Suspension","Guardian:Gem_Red","Guardian:ShieldCharger"],"picked":"SKIP","floor":26},{"not_picked":["Guardian:ShieldCharger","Guardian:SentryBeam","Guardian:CrystalBeam"],"picked":"SKIP","floor":28},{"not_picked":["Guardian:GemFire","Guardian:Repulse","Guardian:Preprogram"],"picked":"SKIP","floor":29},{"not_picked":["Guardian:PiercingHide","Guardian:Recover","Guardian:Gem_Fragmented"],"picked":"SKIP","floor":30},{"not_picked":["Guardian:CrystalBeam","Guardian:FierceBash","Guardian:SpikerProtocol"],"picked":"SKIP","floor":31},{"not_picked":["Guardian:DonusPower","Guardian:Harden+1","Guardian:MultiBeam"],"picked":"SKIP","floor":32},{"not_picked":["Guardian:ShieldCharger","Guardian:CrystalBeam","Guardian:Reroute"],"picked":"SKIP","floor":36},{"not_picked":["Guardian:TimeCapacitor","Guardian:Recover","Guardian:FuturePlans+1"],"picked":"SKIP","floor":37},{"not_picked":["Guardian:AncientConstruct","Guardian:CrystalBeam","Guardian:PrimingBeam"],"picked":"SKIP","floor":40},{"not_picked":["Guardian:BronzeArmor","Guardian:FuturePlans","Guardian:ShieldCharger+1"],"picked":"SKIP","floor":42},{"not_picked":["Guardian:TemporalShield+1","Guardian:Incinerate","Guardian:PrismaticBarrier"],"picked":"SKIP","floor":43},{"not_picked":["Guardian:Suspension+1","Guardian:PrimingBeam+1","Guardian:SentryBeam"],"picked":"SKIP","floor":44},{"not_picked":["Ball Lightning","Guardian:Gem_Cyan","Doom and Gloom+1"],"picked":"SKIP","floor":46},{"not_picked":["Stack","ClearTheMind"],"picked":"REME_WheelOfFate","floor":49}],"player_experience":138158,"relics_obtained":[{"floor":10,"key":"testmod-IndustrialRevolution"},{"floor":14,"key":"infinitespire:Eraser"},{"floor":23,"key":"AT_GuinsooRageblade"},{"floor":24,"key":"AT_SunfireAegis"},{"floor":26,"key":"testmod-RealStoneCalender"},{"floor":27,"key":"Red Mask"},{"floor":30,"key":"FossilizedHelix"},{"floor":31,"key":"Juzu Bracelet"},{"floor":39,"key":"jedi:gremlinknob"},{"floor":41,"key":"jedi:archwizardhat"},{"floor":42,"key":"reliquary:ExpiredCoupon"},{"floor":44,"key":"Blood Vial"}],"event_choices":[{"cards_removed":["Guardian:Strike_Guardian"],"damage_healed":0,"gold_gain":0,"player_choice":"Forget","damage_taken":0,"max_hp_gain":0,"max_hp_loss":0,"event_name":"Living Wall","floor":5,"gold_loss":0},{"damage_healed":0,"gold_gain":0,"player_choice":"Fought Bandits","damage_taken":0,"max_hp_gain":0,"max_hp_loss":0,"event_name":"Masked Bandits","floor":27,"gold_loss":0}],"is_beta":false,"boss_relics":[{"not_picked":["Runic Dome","energizedSpire:SpiderWeb"],"picked":"Dota2Spire:RefresherOrb"},{"not_picked":["testmod-CardMagician","testmod-KeyOfTheVoid"],"picked":"expansioncontent:StudyCardRelic"}],"items_purged_floors":[18,21,38,38,45,47],"is_endless":false,"potions_floor_spawned":[8,14,15,25,27,29,30,33,37,39,43,46],"ascension_level":6}}