{"host":"l2kmo5ss1fnqnmvo","time":1612366442,"event":{"mods":["BaseMod","Colored Powertips","Decade(王小明)","Lobotomy","Minty Spire (QoL Compilation)","Reimu（博丽灵梦）","WarShipGirlsR/战舰少女R mod"],"gold_per_floor":[116,136,136,136,136,136,156,180,180,180,251,286,286,310,310,310,310],"floor_reached":16,"language":"ZHS","playtime":916,"items_purged":[],"score":100,"play_id":"dea2ca5e-18d3-4691-9e02-82c0b7734dfe","local_time":"20210204003402","is_ascension_mode":false,"campfire_choices":[{"floor":6.0,"key":"RECALL"},{"data":"PrometheusPower","floor":10.0,"key":"SMITH"},{"floor":15,"key":"REST"}],"circlet_count":0,"master_deck":["Decade_Attack","Decade_Attack","Decade_Attack","Decade_Attack","KamenRide","Decade_SpecialSkill","Decade_Defend","Decade_Defend","Decade_Defend","Decade_Defend","Decade_Illusion","CrumblingArmor","NMDAZYYGL+1","MeltingLove","KamenRideAgito","UniverseFragment","WallGazer","Decade_Defend2","PrometheusPower+1","UnarmedAttack3","MeatLantern","Blade_Beat","FormRide","FormRideDragon","Woodsman"],"relics":["Decadriver","TOEIDeficitBill","CogitoBucket","Golden Idol","White Beast Statue","Akabeko","SkinProphecy"],"acts_visited":["Exordium"],"potions_floor_usage":[12,16],"damage_taken":[{"damage":1.0,"enemies":"Jaw Worm","floor":1.0,"turns":2.0},{"damage":0.0,"enemies":"Small Slimes","floor":2.0,"turns":4.0},{"damage":0.0,"enemies":"Cultist","floor":5.0,"turns":1.0},{"damage":16.0,"enemies":"3 Louse","floor":7.0,"turns":2.0},{"damage":8.0,"enemies":"Lots of Slimes","floor":8.0,"turns":5.0},{"damage":5,"enemies":"Lagavulin Event","floor":11,"turns":3},{"damage":28,"enemies":"3 Sentries","floor":12,"turns":6},{"damage":2,"enemies":"Blue Slaver","floor":13,"turns":3},{"damage":11,"enemies":"Exordium Wildlife","floor":14,"turns":5},{"damage":69,"enemies":"Hexaghost","floor":16,"turns":7}],"seed_played":"-6095518772695367937","potions_obtained":[{"floor":1.0,"key":"Ancient Potion"},{"floor":8.0,"key":"Dexterity Potion"},{"floor":11,"key":"SmokeBomb"},{"floor":12,"key":"Dexterity Potion"}],"is_trial":false,"path_per_floor":["M","M","?","?","M","R","M","M","T","R","?","E","M","M","R","B"],"character_chosen":"Decade","items_purchased":[],"campfire_rested":1,"item_purchase_floors":[],"current_hp_per_floor":[69,70,70,53,53,53,37,49,49,49,44,33,31,16,37,0,0],"gold":310,"neow_bonus":"","is_daily":false,"chose_seed":false,"campfire_upgraded":1,"win_rate":0.0,"timestamp":1612366442,"path_taken":["M","M","?","?","?","R","M","M","T","R","?","E","M","M","R","BOSS"],"items_purchased_type":[],"build_version":"2020-12-22","purchased_purges":0,"victory":false,"max_hp_per_floor":[70,70,70,70,70,70,70,70,70,70,70,70,70,72,72,74,74],"card_choices":[{"not_picked":["ShyLook","Bloodbath","CherryBlossoms"],"picked":"Singing Bowl","floor":1.0},{"not_picked":["FormRideBasshaa","DenO_Sword"],"picked":"Decade_Illusion","floor":1.0},{"not_picked":["HeroicMonk","LittlePrince","OldLady"],"picked":"Singing Bowl","floor":2.0},{"not_picked":["MHz","UniverseFragment"],"picked":"CrumblingArmor","floor":2.0},{"not_picked":["UnarmedAttack8","Decade_Invisible"],"picked":"NMDAZYYGL","floor":2.0},{"not_picked":["Kiva_Frozen","Blade_Kick","FormRideDragon"],"picked":"SKIP","floor":2.0},{"not_picked":["MeatLantern","PunishingBird"],"picked":"MeltingLove","floor":5.0},{"not_picked":["UnarmedAttack7","FormRideJack"],"picked":"KamenRideAgito","floor":5.0},{"not_picked":["CherryBlossoms","LittleHelper"],"picked":"UniverseFragment","floor":7.0},{"not_picked":["DenO_Ax","Blade_Slash","Decade_Dash1"],"picked":"SKIP","floor":7.0},{"not_picked":["ShyLook","Bloodbath","BeautyBeast"],"picked":"Singing Bowl","floor":8.0},{"not_picked":["LongBird","LittleHelper"],"picked":"WallGazer","floor":8.0},{"not_picked":["FormRideBasshaa","DragShield"],"picked":"Decade_Defend2","floor":8.0},{"not_picked":["DenO_Gun","KamenRideKiva"],"picked":"PrometheusPower","floor":8.0},{"not_picked":["BeautyBeast","FairyFestival","Funeral"],"picked":"Singing Bowl","floor":11},{"not_picked":["DenO_Gun","Decade_Invisible"],"picked":"UnarmedAttack3","floor":11},{"not_picked":["SpiderBud","BigBird"],"picked":"MeatLantern","floor":12},{"not_picked":["DragShield","UnarmedAttack6"],"picked":"Blade_Beat","floor":12},{"not_picked":["Decade_Dash1","Dragreder","Blade_Slash"],"picked":"SKIP","floor":12},{"not_picked":["QueenOfHatred","BigBird","OSAHOGD"],"picked":"Singing Bowl","floor":13},{"not_picked":["KamenRideHibiki","FormRidePegasus"],"picked":"FormRide","floor":13},{"not_picked":["KamenRideKiva","DragClaw"],"picked":"FormRideDragon","floor":14},{"not_picked":["FairyFestival","QueenBee"],"picked":"Woodsman","floor":14},{"not_picked":["DenO_Ax","FormRide","FormRideFlame"],"picked":"SKIP","floor":14}],"player_experience":612262,"relics_obtained":[{"floor":11,"key":"White Beast Statue"},{"floor":12,"key":"Akabeko"}],"event_choices":[{"damage_healed":0.0,"max_hp_gain":0.0,"max_hp_loss":0.0,"gold_gain":0.0,"event_name":"Living Wall","player_choice":"Grow","floor":3.0,"gold_loss":0.0,"damage_taken":0.0,"cards_upgraded":["NMDAZYYGL"]},{"damage_healed":0.0,"max_hp_gain":0.0,"max_hp_loss":0.0,"gold_gain":0.0,"event_name":"Golden Idol","player_choice":"Take Damage","floor":4.0,"gold_loss":0.0,"damage_taken":17.0,"relics_obtained":["Golden Idol"]},{"damage_healed":0,"gold_gain":0,"player_choice":"Searched \u00271\u0027 times","damage_taken":0,"max_hp_gain":0,"max_hp_loss":0,"event_name":"Dead Adventurer","floor":11,"gold_loss":0}],"is_beta":false,"boss_relics":[],"items_purged_floors":[],"is_endless":false,"potions_floor_spawned":[1,8,11,12,13,14],"killed_by":"Hexaghost","ascension_level":0}}