{"host":"fj5i6t4nkss7815d","time":1612393881,"event":{"mods":["AchievementEnabler","BaseMod","Minty Spire (QoL Compilation)","Quick Restart","Relic Stats"],"gold_per_floor":[112,262,262,27,46,46,46,79,79,106,106,124,135,154,154,231,231,250,175,175,187,211,252,264,276,276],"floor_reached":25,"language":"ENG","playtime":1061,"items_purged":["Strike_B"],"score":495,"play_id":"520f2ee1-ef5d-4e8d-a219-0a130fce8b35","local_time":"20210203151121","is_ascension_mode":true,"campfire_choices":[{"data":"Zap","floor":6.0,"key":"SMITH"},{"floor":15.0,"key":"REST"},{"floor":24,"key":"REST"}],"circlet_count":0,"master_deck":["AscendersBane","Strike_B","Strike_B+1","Strike_B","Defend_B","Defend_B","Defend_B+1","Zap+1","Dualcast+1","Leap","Sweeping Beam","FTL","Gash","Conserve Battery","White Noise","Scrape","Core Surge","Writhe","Gash","Gash+1"],"relics":["Cracked Core","NeowsBlessing","Potion Belt","Singing Bowl","Shuriken","Juzu Bracelet","Runic Pyramid","MawBank","Bag of Marbles","Strawberry"],"acts_visited":["Exordium","TheCity"],"potions_floor_usage":[],"damage_taken":[{"damage":0.0,"enemies":"Small Slimes","floor":1.0,"turns":1.0},{"damage":0.0,"enemies":"2 Louse","floor":5.0,"turns":1.0},{"damage":0.0,"enemies":"3 Sentries","floor":8.0,"turns":2.0},{"damage":13.0,"enemies":"Lagavulin","floor":10.0,"turns":7.0},{"damage":1.0,"enemies":"Cultist","floor":12.0,"turns":3.0},{"damage":9.0,"enemies":"Exordium Wildlife","floor":13.0,"turns":3.0},{"damage":2.0,"enemies":"Large Slime","floor":14.0,"turns":3.0},{"damage":27.0,"enemies":"The Guardian","floor":16.0,"turns":10.0},{"damage":4.0,"enemies":"3 Byrds","floor":18.0,"turns":4.0},{"damage":17.0,"enemies":"Shell Parasite","floor":22.0,"turns":4.0},{"damage":11,"enemies":"Gremlin Leader","floor":23,"turns":6},{"damage":62,"enemies":"Slavers","floor":25,"turns":4}],"seed_played":"-1625230310335773357","potions_obtained":[{"floor":8.0,"key":"SneckoOil"},{"floor":13.0,"key":"Swift Potion"},{"floor":14.0,"key":"Fire Potion"}],"is_trial":false,"path_per_floor":["M","?","?","$","M","R","?","E","T","E","?","M","M","M","R","B",null,"M","?","?","T","M","E","R","E"],"character_chosen":"DEFECT","items_purchased":["Potion Belt"],"campfire_rested":2,"item_purchase_floors":[4],"current_hp_per_floor":[64,64,64,64,64,64,43,43,43,30,30,29,20,18,39,12,56,54,54,54,54,37,33,57,0,0],"gold":276,"neow_bonus":"THREE_ENEMY_KILL","is_daily":false,"chose_seed":false,"campfire_upgraded":1,"win_rate":0.0,"timestamp":1612393881,"path_taken":["M","?","?","$","?","R","?","E","T","E","?","M","M","M","R","BOSS","M","?","?","?","M","E","R","E"],"items_purchased_type":["Relic"],"build_version":"2020-12-22","purchased_purges":1,"victory":false,"max_hp_per_floor":[71,71,71,71,71,71,71,71,71,71,71,71,71,71,71,71,71,73,73,73,73,73,80,80,80,80],"relic_stats":{"Singing Bowl":2,"counters":[12,48],"Shuriken":[13],"Juzu Bracelet":0,"MawBank":60,"obtain_stats":[{"Potion Belt":4,"NeowsBlessing":0,"Singing Bowl":8,"Shuriken":9,"Strawberry":23,"Juzu Bracelet":10,"Bag of Marbles":21,"Cracked Core":0,"MawBank":20,"Runic Pyramid":17},{"Potion Belt":1,"NeowsBlessing":0,"Singing Bowl":3,"Shuriken":3,"Strawberry":11,"Juzu Bracelet":4,"Bag of Marbles":9,"Cracked Core":0,"MawBank":9,"Runic Pyramid":8},{"Potion Belt":1,"NeowsBlessing":0,"Singing Bowl":4,"Shuriken":4,"Strawberry":44,"Juzu Bracelet":11,"Bag of Marbles":34,"Cracked Core":0,"MawBank":34,"Runic Pyramid":30}]},"card_choices":[{"not_picked":["Compile Driver","Undo"],"picked":"Leap","floor":1.0},{"not_picked":["Go for the Eyes","Rebound"],"picked":"Sweeping Beam","floor":5.0},{"not_picked":["Redo","Hologram"],"picked":"FTL","floor":8.0},{"not_picked":["Ball Lightning","Fission"],"picked":"Gash","floor":10.0},{"not_picked":["Compile Driver","Redo"],"picked":"Conserve Battery","floor":12.0},{"not_picked":["Lockon","Barrage"],"picked":"White Noise","floor":13.0},{"not_picked":["Turbo","Hologram"],"picked":"Scrape","floor":14.0},{"not_picked":["Machine Learning","Buffer"],"picked":"Core Surge","floor":16.0},{"not_picked":["Conserve Battery","Sweeping Beam","Turbo"],"picked":"Singing Bowl","floor":18.0},{"not_picked":["Beam Cell","Rebound"],"picked":"Gash","floor":22.0},{"not_picked":["Fusion","Capacitor"],"picked":"Gash+1","floor":23}],"player_experience":1007695,"relics_obtained":[{"floor":8.0,"key":"Singing Bowl"},{"floor":9.0,"key":"Shuriken"},{"floor":10.0,"key":"Juzu Bracelet"},{"floor":21.0,"key":"Bag of Marbles"},{"floor":23,"key":"Strawberry"}],"event_choices":[{"damage_healed":0.0,"max_hp_gain":0.0,"max_hp_loss":0.0,"gold_gain":150.0,"event_name":"Liars Game","player_choice":"AGREE","floor":2.0,"gold_loss":0.0,"damage_taken":0.0,"cards_obtained":["Doubt"]},{"cards_removed":["Doubt"],"damage_healed":0.0,"max_hp_gain":0.0,"max_hp_loss":0.0,"gold_gain":0.0,"event_name":"Fountain of Cleansing","player_choice":"Removed Curses","floor":3.0,"gold_loss":0.0,"damage_taken":0.0},{"damage_healed":0.0,"max_hp_gain":0.0,"max_hp_loss":0.0,"gold_gain":0.0,"event_name":"Shining Light","player_choice":"Entered Light","floor":7.0,"gold_loss":0.0,"damage_taken":21.0,"cards_upgraded":["Strike_B","Defend_B"]},{"damage_healed":0.0,"max_hp_gain":0.0,"max_hp_loss":0.0,"gold_gain":0.0,"event_name":"Accursed Blacksmith","player_choice":"Forge","floor":11.0,"gold_loss":0.0,"damage_taken":0.0,"cards_upgraded":["Dualcast"]},{"cards_removed":["Defend_B"],"damage_healed":0.0,"max_hp_gain":0.0,"max_hp_loss":0.0,"gold_gain":0.0,"event_name":"Beggar","player_choice":"Gave Gold","floor":19.0,"gold_loss":75.0,"damage_taken":0.0},{"damage_healed":0.0,"max_hp_gain":0.0,"max_hp_loss":0.0,"gold_gain":0.0,"event_name":"The Mausoleum","player_choice":"Opened","floor":20.0,"gold_loss":0.0,"damage_taken":0.0,"relics_obtained":["MawBank"],"cards_obtained":["Writhe"]}],"is_beta":false,"boss_relics":[{"not_picked":["Fusion Hammer","Ectoplasm"],"picked":"Runic Pyramid"}],"items_purged_floors":[4],"is_endless":false,"potions_floor_spawned":[8,13,14],"killed_by":"Slavers","ascension_level":19}}