{"host":"za9ilm1uiwmpmin1","time":1612358511,"event":{"mods":["AchievementEnabler","Act Like it!","Arknights","BaseMod","Dota2Spire","Downfall","Friendly Minions","Lobotomy","LobotomyExtend","Minty Spire (QoL Compilation)","MostiFishMod","Reorder Act Four","RumiaBox-露米娅的神秘盒子","StSLib","TestMod","Waifu the Spire","[IsaacMod]以撒尖塔","【功能Mod】混沌之环修复补丁"],"gold_per_floor":[116,116,191,204,204,233,233,263,263,276,301,301,327,345,345,450,450,464,389,789,789,815,815,846,846,846,880,899,931,944,963,963,1062,1062,1062,1062,1078,1097,1107,1107,1132,1148,1148,1181,795,813,860,887,887,887,887,887,98,98,127,127],"floor_reached":57,"language":"ZHS","playtime":2048,"items_purged":["ats:Strike G+1","ats:Strike V+1","ats:Strike C+1","ats:Defend+1","ats:Defend+1"],"score":2531,"play_id":"fab7bcaf-1b3f-4fd4-82b3-84b5e7bcb425","local_time":"20210203212151","is_ascension_mode":true,"campfire_choices":[{"floor":7,"key":"RECALL"},{"floor":12,"key":"REST"},{"data":"ats:Armor Crushing Shot","floor":15,"key":"SMITH"},{"data":"ats:Red Shift","floor":23,"key":"SMITH"},{"data":"ats:Defend","floor":25,"key":"SMITH"},{"floor":32,"key":"REST"},{"floor":40,"key":"REST"},{"floor":49,"key":"REST"},{"floor":54,"key":"REST"}],"circlet_count":0,"master_deck":["ats:Armor Crushing Shot+1","ats:Defend+1","ats:Defend+1","ats:Emotion Absorption+1","ats:Closed Bolt Burst Fire+1","ats:Apocalypse+1","ats:Calcification+1","ats:Disruption Kick+1","ats:Red Shift+1"],"relics":["HushsDoor","testmod-TestBox","testmod-BloodSacrificeSpiritualization","Leech","BirthdayGift-Tetrahedron","bronze:MakeshiftBattery","SynthV:TestCard","LetterFromLob","MagicDraw2","ats:Originium","testmod-TurbochargingSystem","Dota2Spire:LotusOrb","Gremlin Horn","Singing Bowl","Runic Dome","ats:Spiritual Recovery","Red Mask","Lantern","Whetstone","DaCapo","Pantograph","testmod-IncinerationGenerator","LaetitiaHeart","Ornamental Fan","ThornShield","Question Card","Thread and Needle","PreservedInsect","Anchor","Dota2Spire:MantaStyle","Shuriken","BFFS","GodSword4"],"acts_visited":["Exordium","TheCity","TheBeyond","TheEnding"],"potions_floor_usage":[56,56,56],"damage_taken":[{"damage":9.0,"enemies":"Jaw Worm","floor":1.0,"turns":2.0},{"damage":7.0,"enemies":"Small Slimes","floor":4.0,"turns":1.0},{"damage":11,"enemies":"Lagavulin","floor":6,"turns":3},{"damage":9,"enemies":"Gremlin Nob","floor":8,"turns":2},{"damage":9,"enemies":"Cultist","floor":10,"turns":2},{"damage":11,"enemies":"3 Sentries","floor":11,"turns":3},{"damage":9,"enemies":"Gremlin Nob","floor":13,"turns":2},{"damage":8,"enemies":"2 Fungi Beasts","floor":14,"turns":1},{"damage":10,"enemies":"Slime Boss","floor":16,"turns":2},{"damage":11,"enemies":"Chosen","floor":18,"turns":2},{"damage":9,"enemies":"Masked Bandits","floor":22,"turns":2},{"damage":11,"enemies":"Gremlin Leader","floor":24,"turns":3},{"damage":13,"enemies":"Slavers","floor":27,"turns":3},{"damage":7,"enemies":"2 Thieves","floor":28,"turns":2},{"damage":8,"enemies":"Gremlin Leader","floor":29,"turns":3},{"damage":8,"enemies":"Snecko","floor":30,"turns":2},{"damage":8,"enemies":"Centurion and Healer","floor":31,"turns":2},{"damage":8,"enemies":"Champ","floor":33,"turns":5},{"damage":8,"enemies":"Orb Walker","floor":36,"turns":1},{"damage":8,"enemies":"Orb Walker","floor":37,"turns":2},{"damage":8,"enemies":"3 Darklings","floor":38,"turns":2},{"damage":8,"enemies":"Spire Growth","floor":39,"turns":3},{"damage":8,"enemies":"Giant Head","floor":41,"turns":7},{"damage":11,"enemies":"4 Shapes","floor":42,"turns":2},{"damage":9,"enemies":"Reptomancer","floor":44,"turns":3},{"damage":9,"enemies":"Transient","floor":46,"turns":5},{"damage":9,"enemies":"Giant Head","floor":48,"turns":4},{"damage":9,"enemies":"Time Eater","floor":50,"turns":6},{"damage":9,"enemies":"Shield and Spear","floor":55,"turns":2},{"damage":0,"enemies":"The Heart","floor":56,"turns":5}],"seed_played":"6948993593624153589","potions_obtained":[{"floor":1.0,"key":"Fire Potion"},{"floor":11,"key":"EssenceOfSteel"},{"floor":14,"key":"Block Potion"},{"floor":16,"key":"LiquidMemories"}],"is_trial":false,"path_per_floor":["M","?","?","M","?","E","R","E","T","M","E","R","E","M","R","B",null,"M","$","?","?","?","R","E","R","T","E","M","E","M","M","R","B",null,"M","?","M","M","M","R","E","M","T","E","$","M","T","E","R","B",null,null,"$","R","E","B",null],"character_chosen":"DOCTOR_CLASS","items_purchased":["ats:Disruption Kick","Thread and Needle","Dota2Spire:MantaStyle","Shuriken","BFFS"],"campfire_rested":5,"item_purchase_floors":[17,45,53,53,53],"current_hp_per_floor":[57,50,39,33,38,35,35,39,39,37,40,63,63,58,58,55,68,67,67,67,67,65,65,65,65,65,69,72,82,78,86,86,88,81,81,73,69,65,74,87,89,82,82,91,91,95,95,97,97,97,97,97,97,97,98,99],"gold":127,"neow_bonus":"BOSS_RELIC","is_daily":false,"chose_seed":false,"campfire_upgraded":3,"win_rate":0.0,"timestamp":1612358511,"path_taken":["M","?","?","?","?","E","R","E","T","?","E","R","E","M","R","BOSS","M","$","?","?","?","R","E","R","T","E","M","E","M","M","R","BOSS","M","?","M","M","?","R","E","M","T","E","$","M","?","E","R","BOSS","$","R","E","BOSS"],"items_purchased_type":["Card","Relic","Relic","Relic","Relic"],"build_version":"2020-12-22","purchased_purges":5,"victory":true,"max_hp_per_floor":[72,72,72,72,77,77,77,77,77,77,77,77,79,81,81,81,72,74,74,74,74,74,74,76,76,76,78,80,82,84,86,86,88,81,81,81,83,85,87,87,89,91,91,93,93,95,95,97,97,97,97,97,97,97,99,99],"card_choices":[{"not_picked":["ats:Sashimi Platter","ats:Very Hot Blade"],"picked":"ats:Closed Bolt Burst Fire","floor":1.0},{"not_picked":["ats:Apocalypse","ats:Collapsing Strike","ats:Burning Ground","ats:Consecutive Shot Auto","ats:Charging Defense"],"picked":"SKIP","floor":4.0},{"not_picked":["ats:Collapsing Strike","ats:Burning Ground","ats:Consecutive Shot Auto","ats:Charging Defense"],"picked":"ats:Apocalypse","floor":4.0},{"not_picked":["ats:Hammer On","ats:Phantom","ats:Wolf Pack","ats:Neurotoxin","ats:Curse Doll"],"picked":"SKIP","floor":6},{"not_picked":["ats:Absolute Focus","ats:Revitalization","ats:Shell Defense","ats:Cat Scratch","ats:Rapid Magazine"],"picked":"SKIP","floor":8},{"not_picked":["ats:Flexible Camouflage","ats:Fractured Body","ats:Cat Scratch","ats:Blood Oath","ats:Automatic Cover"],"picked":"SKIP","floor":10},{"not_picked":["ats:Powerful Strike","ats:Cat Scratch","ats:Shell Defense","ats:Blood Oath","ats:Magnetic Hammer"],"picked":"SKIP","floor":11},{"not_picked":["ats:Composite Medical Shells","ats:Shell Defense","ats:Blood Oath","ats:Poison Spread","ats:Flexible Camouflage"],"picked":"Singing Bowl","floor":13},{"not_picked":["ats:Leaping Hammer","ats:Poison Spread","ats:Curse Doll","ats:Closed Bolt Burst Fire","ats:Burning Ground"],"picked":"Singing Bowl","floor":14},{"not_picked":["ats:Echo Reverb","ats:Shadow Assault","ats:Wolf Pack","ats:Volcano"],"picked":"ats:Calcification","floor":16},{"not_picked":["ats:Hammer On","ats:Counter Healing Mode+1","ats:Healing Strengthening","ats:Poison Spread","ats:Overload"],"picked":"Singing Bowl","floor":18},{"not_picked":["ats:Consecutive Shot Auto+1","ats:Very Hot Blade+1","ats:Guard Mode+1","ats:Shell Defense"],"picked":"ats:Red Shift","floor":22},{"not_picked":["ats:Burning Ground","ats:Beaten Up+1","ats:Explosion Area Strengthen","ats:Leaping Hammer","ats:Neurotoxin"],"picked":"Singing Bowl","floor":24},{"not_picked":["ats:Apocalypse+1","ats:Rapid Magazine","ats:Red Shift","ats:Sunburst","ats:Absolute Focus"],"picked":"Singing Bowl","floor":27},{"not_picked":["ats:Assault Order","ats:Guard Mode","ats:Very Hot Blade+1","ats:Closed Bolt Burst Fire","ats:Sashimi Platter"],"picked":"Singing Bowl","floor":28},{"not_picked":["ats:Mental Burst+1","ats:Revitalization","ats:Sunburst","ats:Ignite","ats:Apocalypse+1"],"picked":"Singing Bowl","floor":29},{"not_picked":["ats:Explosion Area Strengthen","ats:Shell Defense","ats:Neurotoxin+1","ats:Poison Spread","ats:Fractured Body"],"picked":"Singing Bowl","floor":30},{"not_picked":["ats:Healing Drone+1","ats:Phantom","ats:Assault Order","ats:Serious Mode","ats:Magnetic Hammer"],"picked":"Singing Bowl","floor":31},{"not_picked":["ats:Dogmatic Field","ats:Volcano","ats:Soul Rend","ats:Calcification","ats:Nebulous Foxfire"],"picked":"Singing Bowl","floor":33},{"not_picked":["ats:Cat Scratch+1","ats:Apocalypse+1","ats:Charging Defense","ats:Blood Oath","ats:Assault Order+1"],"picked":"Singing Bowl","floor":37},{"not_picked":["ats:Neurotoxin","ats:Serious Mode","ats:Counter Healing Mode","ats:Literary Storm","ats:Absolute Focus"],"picked":"Singing Bowl","floor":38},{"not_picked":["ats:Poison Spread","ats:Consecutive Shot Auto","ats:Shell Defense","ats:Rapid Magazine","ats:Curse Doll"],"picked":"Singing Bowl","floor":39},{"not_picked":["ats:Serious Mode+1","ats:Chain Hook","ats:Absolute Focus","ats:Shadow Raid","ats:Leaping Hammer"],"picked":"Singing Bowl","floor":41},{"not_picked":["ats:Powerful Strike+1","ats:Hammer On+1","ats:Durian","ats:Literary Storm","ats:Assault Order"],"picked":"Singing Bowl","floor":42},{"not_picked":["ats:Guardian Obelisk","ats:Leaping Hammer+1","ats:Closed Bolt Burst Fire+1","ats:Poison Spread","ats:Thorns"],"picked":"Singing Bowl","floor":44},{"not_picked":["ats:Automatic Cover+1","ats:Cat Scratch","ats:Explosion Area Strengthen","ats:Guardian Obelisk+1","ats:Apocalypse+1","ats:Healing Drone+1"],"picked":"Singing Bowl","floor":46},{"not_picked":["ats:Demon Strength+1","ats:Hammer On","ats:Poison Spread+1","ats:Assault Order+1","ats:Volcano","ats:Closed Bolt Burst Fire+1"],"picked":"Singing Bowl","floor":48},{"not_picked":["ats:Apocalypse","ats:Guard Mode+1","ats:Sword Rain+1","ats:Shell Defense+1","ats:Rat Pack","ats:Beaten Up"],"picked":"Singing Bowl","floor":55}],"player_experience":934175,"relics_obtained":[{"floor":1.0,"key":"SynthV:TestCard"},{"floor":1.0,"key":"LetterFromLob"},{"floor":6,"key":"ats:Originium"},{"floor":6,"key":"testmod-TurbochargingSystem"},{"floor":8,"key":"ats:Originium"},{"floor":8,"key":"Dota2Spire:LotusOrb"},{"floor":11,"key":"ats:Originium"},{"floor":11,"key":"Gremlin Horn"},{"floor":13,"key":"ats:Originium"},{"floor":13,"key":"Singing Bowl"},{"floor":22,"key":"Red Mask"},{"floor":24,"key":"Lantern"},{"floor":26,"key":"Whetstone"},{"floor":27,"key":"DaCapo"},{"floor":29,"key":"Pantograph"},{"floor":41,"key":"Ornamental Fan"},{"floor":43,"key":"ThornShield"},{"floor":44,"key":"Question Card"},{"floor":47,"key":"PreservedInsect"},{"floor":48,"key":"Anchor"},{"floor":55,"key":"GodSword4"}],"event_choices":[{"damage_healed":0.0,"max_hp_gain":0.0,"max_hp_loss":0.0,"gold_gain":0.0,"event_name":"Scrap Ooze","player_choice":"Success","floor":2.0,"gold_loss":0.0,"damage_taken":7.0,"relics_obtained":["MagicDraw2"]},{"damage_healed":0.0,"max_hp_gain":0.0,"max_hp_loss":0.0,"gold_gain":75.0,"event_name":"World of Goop","player_choice":"Gather Gold","floor":3.0,"gold_loss":0.0,"damage_taken":11.0},{"damage_healed":0.0,"max_hp_gain":5.0,"max_hp_loss":0.0,"gold_gain":0.0,"event_name":"Big Fish","player_choice":"Donut","floor":5.0,"gold_loss":0.0,"damage_taken":0.0},{"damage_healed":0,"gold_gain":400,"player_choice":"Sell","damage_taken":0,"max_hp_gain":0,"max_hp_loss":0,"event_name":"恩洛斯的盘子","floor":20,"relics_lost":["DaveBox"],"gold_loss":0},{"damage_healed":0,"gold_gain":0,"player_choice":"Opened","damage_taken":0,"relics_obtained":["ats:Spiritual Recovery"],"max_hp_gain":0,"max_hp_loss":0,"event_name":"The Mausoleum","floor":21,"gold_loss":0},{"damage_healed":0,"gold_gain":0,"player_choice":"Fought Bandits","damage_taken":0,"max_hp_gain":0,"max_hp_loss":0,"event_name":"Masked Bandits","floor":22,"gold_loss":0}],"is_beta":false,"boss_relics":[{"not_picked":["Snecko Eye","BloodWine"],"picked":"Runic Dome"},{"not_picked":[]},{"not_picked":["SlaversCollar","RhineFirstAidKit"],"picked":"testmod-IncinerationGenerator"},{"not_picked":[]}],"items_purged_floors":[17,19,34,45,53],"is_endless":false,"potions_floor_spawned":[1,10,11,14,16,18,28,30,38,42,44,46,48],"ascension_level":8}}