{"host":"Ruben","time":1612373171,"event":{"mods":["AchievementEnabler","Aspiration","BaseMod","Better Altar","Better Match","Better Note","Better Sensory Stone","Better Skull","Better Third Choice","BetterRewards","Colored Map","Conspire","Downfall","GifTheSpireLib","Googly Eyes","Highlight Path","Hubris","Minty Spire (QoL Compilation)","Permanent Neow","Shop Mod","Spicy Shops","StSLib","Stuff the Spire","The IronCluck","everything is the same but u backflip on backflip","slay the spire mod where everything is the same but ironclad has a cowboy hat"],"gold_per_floor":[114,114,39,49,66,66,66],"floor_reached":6,"language":"ENG","playtime":246,"items_purged":["Eruption"],"score":38,"play_id":"e2329971-7e29-4fba-b700-f3aa087e652c","local_time":"20210203182611","is_ascension_mode":true,"campfire_choices":[],"circlet_count":0,"master_deck":["Strike_P","Strike_P","Strike_P","Strike_P","Defend_P","Defend_P","Defend_P","Defend_P","Vigilance","Nirvana","JustLucky"],"relics":["PureWater","aspiration:Nostalgia","Ring of the Snake"],"acts_visited":["Exordium"],"potions_floor_usage":[],"damage_taken":[{"damage":10,"enemies":"Small Slimes","floor":1,"turns":2},{"damage":4,"enemies":"Jaw Worm","floor":4,"turns":7},{"damage":0,"enemies":"2 Louse","floor":5,"turns":3},{"damage":0,"enemies":"3 Sentries","floor":6,"turns":1}],"seed_played":"-8581327438975212217","potions_obtained":[{"floor":4,"key":"champ:CounterPotion"},{"floor":5,"key":"champ:CounterPotion"}],"is_trial":false,"path_per_floor":["M","?","$","M","M","E"],"character_chosen":"WATCHER","items_purchased":[],"campfire_rested":0,"item_purchase_floors":[],"current_hp_per_floor":[62,62,62,58,58,58,58],"gold":66,"neow_bonus":"NOSTALGIA","is_daily":false,"chose_seed":false,"campfire_upgraded":0,"win_rate":0.0,"timestamp":1612373171,"path_taken":["M","?","$","M","M","E"],"items_purchased_type":[],"build_version":"2020-12-18","purchased_purges":1,"victory":false,"max_hp_per_floor":[72,72,72,72,72,72,72],"card_choices":[{"not_picked":["Consecrate","Swivel"],"picked":"Nirvana","floor":1},{"not_picked":["FlyingSleeves","Indignation"],"picked":"JustLucky","floor":4},{"not_picked":["Evaluate","Swivel","EmptyBody"],"picked":"SKIP","floor":5}],"player_experience":300939,"relics_obtained":[],"event_choices":[{"damage_healed":0,"gold_gain":0,"player_choice":"Leave","damage_taken":0,"max_hp_gain":0,"max_hp_loss":0,"event_name":"conspire:Investor","floor":2,"gold_loss":0}],"is_beta":true,"boss_relics":[],"items_purged_floors":[3],"is_endless":false,"potions_floor_spawned":[4,5],"killed_by":"3 Sentries","ascension_level":1}}