{"host":"8srk5r1dwtmjotwd","time":1612331511,"event":{"mods":["AchievementEnabler","Act Like it!","BaseMod","Beaked The Cultist","Bestiary","Better Note","Better Third Choice","Colored Map","Colored Powertips","Friendly Minions","GifTheSpireLib","Halation","Hallownest","Hermit","Hubris","Infinite Spire","Mimic Mod","Minty Spire (QoL Compilation)","Morshu Shopkeeper - ENHANCED","Quick Restart","Rare Cards Sparkle","Reliquary","Replay The Spire","Shop Mod","StSLib","SuperFastMode","Synergy Search","The Bug Knight","The Construct","The Cursed","Thieving Mod","Yohane!","everything is the same but u backflip on backflip","slay the spire mod where everything is the same but ironclad has a cowboy hat"],"gold_per_floor":[119,119,134,134,134,178,178,194,194,229,229,247,247,197,197,197,197],"floor_reached":16,"language":"ENG","playtime":664,"items_purged":[],"score":108,"play_id":"8bc60919-2e07-4f26-afe8-77b8cb9daedf","local_time":"20210203005151","is_ascension_mode":false,"campfire_choices":[{"data":"Cleave","floor":7,"key":"SMITH"},{"floor":11,"key":"REST"},{"data":"Replay:Undeath\u0027s Touch","floor":13,"key":"SMITH"},{"data":"Bloodletting","floor":15,"key":"SMITH"}],"circlet_count":0,"master_deck":["Strike_R","Strike_R","Strike_R","Strike_R","Strike_R","Defend_R+1","Defend_R+1","Defend_R","Defend_R","Bash","Cleave+1","Carnage","Replay:Undeath\u0027s Touch+1","Bloodletting+1"],"relics":["Burning Blood","hubris:DeckOfHolding","halation:EternalFortune","Golden Idol","Ancient Tea Set","construct:BoolHorns","War Paint"],"acts_visited":["Exordium"],"potions_floor_usage":[6,6,10],"damage_taken":[{"damage":1.0,"enemies":"2 Louse","floor":1.0,"turns":2.0},{"damage":0.0,"enemies":"Jaw Worm","floor":3.0,"turns":3.0},{"damage":27,"enemies":"3 Sentries","floor":6,"turns":6},{"damage":0,"enemies":"Small Slimes","floor":8,"turns":2},{"damage":39,"enemies":"Lagavulin","floor":10,"turns":6},{"damage":5,"enemies":"3 Louse","floor":12,"turns":2},{"damage":76,"enemies":"The Guardian","floor":16,"turns":13}],"seed_played":"-1740878432729507773","potions_obtained":[{"floor":0.0,"key":"Regen Potion"},{"floor":0.0,"key":"Explosive Potion"},{"floor":0.0,"key":"Strength Potion"},{"floor":1.0,"key":"SneckoOil"},{"floor":8,"key":"Energy Potion"},{"floor":12,"key":"Doom Potion"}],"is_trial":false,"path_per_floor":["M","?","M","?","?","E","R","M","T","E","R","M","R","?","R","B"],"character_chosen":"IRONCLAD","items_purchased":[],"campfire_rested":1,"item_purchase_floors":[],"current_hp_per_floor":[80,80,80,83,83,76,76,82,82,49,73,74,74,74,74,0,0],"gold":197,"neow_bonus":"THREE_SMALL_POTIONS","is_daily":false,"chose_seed":false,"campfire_upgraded":3,"win_rate":0.0,"timestamp":1612331511,"path_taken":["M","?","M","?","?","E","R","M","T","E","R","M","R","?","R","BOSS"],"items_purchased_type":[],"build_version":"2020-12-22","purchased_purges":0,"victory":false,"max_hp_per_floor":[80,80,80,83,83,83,83,83,83,83,83,83,83,83,83,83,83],"card_choices":[{"not_picked":["Perfected Strike","hubris:ReadiedAction"],"picked":"Cleave","floor":1.0},{"not_picked":["Havoc","Juggernaut"],"picked":"Carnage","floor":3.0},{"not_picked":["ReplayTheSpireMod:Limb From Limb","Clothesline","Havoc"],"picked":"SKIP","floor":6},{"not_picked":["Shrug It Off","Armaments"],"picked":"Replay:Undeath\u0027s Touch","floor":8},{"not_picked":["Wild Strike","Anger"],"picked":"Bloodletting","floor":10},{"not_picked":["Carnage","Anger","Combust"],"picked":"SKIP","floor":12}],"player_experience":96646,"relics_obtained":[{"floor":2.0,"key":"hubris:DeckOfHolding"},{"floor":6,"key":"Ancient Tea Set"},{"floor":9,"key":"construct:BoolHorns"},{"floor":10,"key":"War Paint"}],"event_choices":[{"damage_healed":0.0,"max_hp_gain":0.0,"max_hp_loss":0.0,"gold_gain":0.0,"event_name":"Golden Idol","player_choice":"Take Wound","floor":5.0,"gold_loss":0.0,"damage_taken":0.0,"relics_obtained":["Golden Idol"],"cards_obtained":["Injury"]},{"cards_removed":["Injury"],"damage_healed":0,"gold_gain":0,"player_choice":"Card Removal","damage_taken":0,"max_hp_gain":0,"max_hp_loss":0,"event_name":"The Cleric","floor":14,"gold_loss":50}],"is_beta":false,"boss_relics":[],"items_purged_floors":[],"is_endless":false,"potions_floor_spawned":[1,8,12],"killed_by":"The Guardian","ascension_level":0}}