{"host":"4s6jd8d6qa9r574k","time":1612336643,"event":{"mods":["BaseMod","Colored Powertips","Curses Come First","Minty Spire (QoL Compilation)","Quick Restart","Reliquary","Robot Space Explorer","Shop Mod","StSLib","The Hierophant","The Marked"],"gold_per_floor":[118,193,193,210,224,224,234,254,254,429,60,140,181,192,192,312,312,331,351,167,167,209,209,209,266,266,285,285,301,301,301],"floor_reached":30,"language":"ENG","playtime":1952,"items_purged":["Doubt","Strike_R"],"score":244,"play_id":"4bb7e8e3-d12b-4e3f-94c5-50a44aa07b39","local_time":"20210202231723","is_ascension_mode":false,"campfire_choices":[{"data":"Bash","floor":6,"key":"SMITH"},{"data":"Flame Barrier","floor":15,"key":"SMITH"},{"data":"Inflame","floor":23,"key":"SMITH"}],"circlet_count":0,"master_deck":["Strike_R","Strike_R","Strike_R","Defend_R","Defend_R","Defend_R","Defend_R","Bash+1","Dropkick","Juggernaut","Flex","Bludgeon","Sever Soul","Sword Boomerang","HandOfGreed+1","Flame Barrier+1","Twin Strike+1","Dropkick+1","Bludgeon+1","Clothesline+1","Clash+1","Inflame+1","Thunderclap+1","Spot Weakness","Disarm","Writhe","Dual Wield+1","Pommel Strike+1","Armaments+1"],"relics":["Burning Blood","NeowsBlessing","Molten Egg 2","Membership Card","Odd Mushroom","Mark of Pain","HandDrill","Anchor","reliquary:Firecrackers","Toxic Egg 2"],"acts_visited":["Exordium","TheCity"],"potions_floor_usage":[16,16,16,19],"damage_taken":[{"damage":0,"enemies":"Small Slimes","floor":1,"turns":1},{"damage":0,"enemies":"Cultist","floor":4,"turns":1},{"damage":0,"enemies":"Jaw Worm","floor":5,"turns":1},{"damage":8,"enemies":"Large Slime","floor":7,"turns":5},{"damage":10,"enemies":"Looter","floor":8,"turns":3},{"damage":11,"enemies":"The Mushroom Lair","floor":12,"turns":4},{"damage":19,"enemies":"3 Louse","floor":13,"turns":3},{"damage":13,"enemies":"Red Slaver","floor":14,"turns":3},{"damage":34,"enemies":"Hexaghost","floor":16,"turns":7},{"damage":14,"enemies":"Shell Parasite","floor":18,"turns":3},{"damage":10,"enemies":"Chosen","floor":19,"turns":4},{"damage":21,"enemies":"Snake Plant","floor":22,"turns":3},{"damage":37,"enemies":"Slavers","floor":25,"turns":5},{"damage":19,"enemies":"Snecko","floor":27,"turns":4},{"damage":0,"enemies":"Cultist and Chosen","floor":29,"turns":4},{"damage":21,"enemies":"Snake Plant","floor":30,"turns":2}],"seed_played":"1167016213751436484","potions_obtained":[{"floor":5,"key":"LiquidBronze"},{"floor":7,"key":"LiquidBronze"},{"floor":8,"key":"DuplicationPotion"},{"floor":18,"key":"Swift Potion"},{"floor":19,"key":"BloodPotion"},{"floor":25,"key":"Explosive Potion"},{"floor":27,"key":"BlessingOfTheForge"}],"is_trial":false,"path_per_floor":["M","?","?","M","M","R","M","M","T","?","$","?","M","M","R","B",null,"M","M","$","?","M","R","?","E","T","M","?","M","M"],"character_chosen":"IRONCLAD","items_purchased":["HandOfGreed+1","Membership Card","Inflame","Thunderclap+1","HandDrill"],"campfire_rested":0,"item_purchase_floors":[11,11,20,20,20],"current_hp_per_floor":[80,69,69,75,80,80,78,74,74,74,74,69,56,49,49,21,80,72,80,80,80,65,65,65,34,34,21,13,19,0,0],"gold":301,"neow_bonus":"THREE_ENEMY_KILL","is_daily":false,"chose_seed":false,"campfire_upgraded":3,"win_rate":0.0,"timestamp":1612336643,"path_taken":["M","?","?","?","M","R","M","M","T","?","?","?","M","M","R","BOSS","M","M","$","?","M","R","?","E","T","M","?","?","M"],"items_purchased_type":["Card","Relic","Card","Card","Relic"],"build_version":"2020-12-22","purchased_purges":2,"victory":false,"max_hp_per_floor":[80,80,80,80,80,80,80,80,80,80,80,80,80,80,80,80,80,80,80,80,80,80,80,80,80,80,80,80,80,80,80],"card_choices":[{"not_picked":["Warcry","Thunderclap"],"picked":"Dropkick","floor":1},{"not_picked":["Heavy Blade","Anger"],"picked":"Flex","floor":4},{"not_picked":["Cleave","Shrug It Off"],"picked":"Bludgeon","floor":5},{"not_picked":["Rupture","Heavy Blade"],"picked":"Sever Soul","floor":7},{"not_picked":["Feel No Pain","Reckless Charge"],"picked":"Sword Boomerang","floor":8},{"not_picked":["Clash+1","Entrench"],"picked":"Flame Barrier","floor":12},{"not_picked":["True Grit","Headbutt+1"],"picked":"Twin Strike+1","floor":13},{"not_picked":["Wild Strike+1","Flex"],"picked":"Dropkick+1","floor":14},{"not_picked":["Demon Form","Brutality"],"picked":"Bludgeon+1","floor":16},{"not_picked":["Blood for Blood+1","Sword Boomerang+1"],"picked":"Clothesline+1","floor":18},{"not_picked":["Sword Boomerang+1","Combust"],"picked":"Clash+1","floor":19},{"not_picked":["Thunderclap+1","Inflame"],"picked":"Disarm","floor":22},{"not_picked":["Infernal Blade","Combust"],"picked":"Dual Wield+1","floor":25},{"not_picked":["Heavy Blade+1","Inflame"],"picked":"Pommel Strike+1","floor":27},{"not_picked":["Headbutt+1","Reckless Charge+1"],"picked":"Armaments+1","floor":29}],"player_experience":292543,"relics_obtained":[{"floor":9,"key":"Molten Egg 2"},{"floor":12,"key":"Odd Mushroom"},{"floor":25,"key":"reliquary:Firecrackers"},{"floor":26,"key":"Toxic Egg 2"}],"event_choices":[{"damage_healed":0,"gold_gain":75,"player_choice":"Gather Gold","damage_taken":11,"max_hp_gain":0,"max_hp_loss":0,"event_name":"World of Goop","floor":2,"gold_loss":0},{"damage_healed":0,"gold_gain":0,"cards_transformed":["Strike_R"],"player_choice":"Transformed","damage_taken":0,"max_hp_gain":0,"max_hp_loss":0,"event_name":"Transmorgrifier","floor":3,"gold_loss":0,"cards_obtained":["Juggernaut"]},{"damage_healed":0,"gold_gain":175,"player_choice":"AGREE","damage_taken":0,"max_hp_gain":0,"max_hp_loss":0,"event_name":"Liars Game","floor":10,"gold_loss":0,"cards_obtained":["Doubt"]},{"damage_healed":0,"gold_gain":0,"player_choice":"Fought Mushrooms","damage_taken":0,"max_hp_gain":0,"max_hp_loss":0,"event_name":"Mushrooms","floor":12,"gold_loss":0},{"damage_healed":0,"gold_gain":0,"player_choice":"Read","damage_taken":0,"max_hp_gain":0,"max_hp_loss":0,"event_name":"The Library","floor":21,"gold_loss":0,"cards_obtained":["Spot Weakness"]},{"damage_healed":0,"gold_gain":0,"player_choice":"Opened","damage_taken":0,"relics_obtained":["Anchor"],"max_hp_gain":0,"max_hp_loss":0,"event_name":"The Mausoleum","floor":24,"gold_loss":0,"cards_obtained":["Writhe"]},{"damage_healed":0,"gold_gain":0,"player_choice":"Damaged","damage_taken":8,"max_hp_gain":0,"max_hp_loss":0,"event_name":"Wheel of Change","floor":28,"gold_loss":0}],"is_beta":false,"boss_relics":[{"not_picked":["Runic Pyramid","Busted Crown"],"picked":"Mark of Pain"}],"items_purged_floors":[11,20],"is_endless":false,"potions_floor_spawned":[5,7,8,14,18,19,25,27,29],"killed_by":"Snake Plant","ascension_level":0}}