{"host":"7jl4uf745pjtflnx","time":1612348942,"event":{"mods":["BaseMod","BetterRewards","Hubris","Minty Spire (QoL Compilation)","Replay The Spire","StSLib","SuperFastMode","The Construct"],"gold_per_floor":[113,125,143,154,166,198,215,225,272,298,298,331,331,331,331,408,408,420,434,349,399,356,391,402,435,435,435,455,481,494,509,509,587,687,700,715,729,729,500,530,542,394,448,482,482,482,498,498,498,498,498,498,498,464,493,493],"floor_reached":57,"language":"ENG","playtime":2396,"items_purged":["Strike_B","Strike_B","Strike_B","Strike_B","hubris:DoWhile","Clumsy"],"score":3238,"play_id":"1228408e-b5d3-40d1-8314-9f36e6ce25c1","local_time":"20210203054222","is_ascension_mode":true,"campfire_choices":[{"data":"Capacitor","floor":11,"key":"SMITH"},{"data":"Buffer","floor":13,"key":"SMITH"},{"floor":15,"key":"RECALL"},{"data":"Loop","floor":27,"key":"SMITH"},{"data":"Consume","floor":32,"key":"SMITH"},{"data":"ReplayTheSpireMod:Calculation Training","floor":41,"key":"SMITH"},{"data":"hubris:PowerSurge","floor":46,"key":"SMITH"},{"data":"Storm","floor":49,"key":"SMITH"},{"data":"Capacitor","floor":53,"key":"SMITH"}],"circlet_count":0,"master_deck":["AscendersBane","Zap","Dualcast","Coolheaded","Heatsinks","Conserve Battery","Buffer+1","Turbo","Capacitor+1","White Noise","Core Surge","Static Discharge","White Noise","Cold Snap","Storm","Panacea+1","Capacitor+1","Storm+1","Cold Snap","Conserve Battery","Self Repair","Barrage","Cold Snap","ReplayRNGCard","hubris:PowerSurge+1","BootSequence","Loop+1","Consume+1","FTL","Electrodynamics","Recycle","Melter","Reprogram","ReplayTheSpireMod:Calculation Training+1","Crystallizer","Creative AI+1","Crystallizer+1","Defragment+1","Chaos+1"],"relics":["Cracked Core","Replay:Antivirus Software","Orrery","Membership Card","Oddly Smooth Stone","Strawberry","Replay:Ringing Soul","Incense Burner","hubris:BallOfYels","Solar Panel","DollysMirror","White Beast Statue","Anchor","Centennial Puzzle","Blue Doll","hubris:Backtick","Mummified Hand","Replay:Baseball","Bag of Marbles","Replay:Bottled Flurry","Question Card","Turnip","Replay:Grab Bag","Sozu","Replay:Wanted Poster","Pandora\u0027s Box","ClockworkSouvenir","MawBank","construct:FoamFinger","Lizard Tail","ReplayTheSpireMod:CursedCoin","hubris:SlimyHat","hubris:RGBLights"],"acts_visited":["Exordium","TheCity","TheBeyond","TheEnding"],"potions_floor_usage":[2,4,4,10,12,16,16,16,24,25,29,56],"damage_taken":[{"damage":0,"enemies":"Cultist","floor":1,"turns":2},{"damage":8,"enemies":"2 Louse","floor":2,"turns":3},{"damage":1,"enemies":"Small Slimes","floor":3,"turns":3},{"damage":18,"enemies":"Gremlin Gang","floor":4,"turns":3},{"damage":4,"enemies":"Large Slime","floor":5,"turns":3},{"damage":18,"enemies":"3 Sentries","floor":6,"turns":6},{"damage":7,"enemies":"Blue Slaver","floor":7,"turns":5},{"damage":5,"enemies":"2 Fungi Beasts","floor":8,"turns":4},{"damage":2,"enemies":"Gremlin Nob","floor":10,"turns":3},{"damage":0,"enemies":"Lagavulin","floor":12,"turns":4},{"damage":35,"enemies":"Hexaghost","floor":16,"turns":7},{"damage":0,"enemies":"Shell Parasite","floor":18,"turns":3},{"damage":4,"enemies":"3 Byrds","floor":19,"turns":5},{"damage":0,"enemies":"Book of Stabbing","floor":23,"turns":8},{"damage":0,"enemies":"Snake Plant","floor":24,"turns":4},{"damage":11,"enemies":"Replay:Snechameleon","floor":25,"turns":3},{"damage":6,"enemies":"Shelled Parasite and Fungi","floor":28,"turns":3},{"damage":0,"enemies":"Slavers","floor":29,"turns":4},{"damage":0,"enemies":"Centurion and Healer","floor":30,"turns":3},{"damage":5,"enemies":"Cultist and Chosen","floor":31,"turns":5},{"damage":0,"enemies":"Collector","floor":33,"turns":6},{"damage":6,"enemies":"Orb Walker","floor":35,"turns":3},{"damage":10,"enemies":"3 Darklings","floor":36,"turns":4},{"damage":0,"enemies":"Spire Growth","floor":37,"turns":4},{"damage":2,"enemies":"R_Hoarder","floor":40,"turns":5},{"damage":0,"enemies":"Reptomancer","floor":44,"turns":6},{"damage":0,"enemies":"Transient","floor":47,"turns":5},{"damage":26,"enemies":"Donu and Deca","floor":50,"turns":3},{"damage":0,"enemies":"Replay:Hell Engine","floor":51,"turns":6},{"damage":61,"enemies":"Shield and Spear","floor":55,"turns":3},{"damage":81,"enemies":"The Heart","floor":56,"turns":5}],"seed_played":"-4861889328231823200","potions_obtained":[{"floor":2,"key":"Weak Potion"},{"floor":7,"key":"Weak Potion"},{"floor":8,"key":"BlessingOfTheForge"},{"floor":10,"key":"BlessingOfTheForge"},{"floor":12,"key":"EntropicBrew"},{"floor":16,"key":"FairyPotion"},{"floor":19,"key":"Swift Potion"},{"floor":24,"key":"PowerPotion"},{"floor":25,"key":"Fire Potion"},{"floor":28,"key":"PowerPotion"},{"floor":29,"key":"FocusPotion"}],"is_trial":false,"path_per_floor":["M","M","M","M","M","E","M","M","T","E","R","E","R","?","R","B",null,"M","M","?","?","$","E","M","E","T","R","M","E","M","M","R","B",null,"M","M","M","?","$","E","R","$","T","E","?","R","M","?","R","B","B",null,"R","$","E","B",null],"character_chosen":"DEFECT","items_purchased":["Coolheaded","Heatsinks","Replay:Antivirus Software","Orrery","FocusPotion","Membership Card","Heatsinks","Oddly Smooth Stone","Capacitor","Strawberry","White Noise","Replay:Ringing Soul","Incense Burner","Core Surge","Static Discharge","hubris:BallOfYels","White Noise","Cold Snap","Storm","Solar Panel","Panacea","Capacitor","DollysMirror","FocusPotion","hubris:PowerSurge","ClockworkSouvenir","Creative AI+1","Defragment+1","construct:FoamFinger","ReplayTheSpireMod:CursedCoin","hubris:SlimyHat"],"campfire_rested":0,"item_purchase_floors":[0,0,0,0,0,0,0,0,0,0,0,0,0,0,0,0,0,0,0,0,0,0,0,0,22,39,39,42,42,54,54],"current_hp_per_floor":[47,44,45,39,46,43,50,62,62,70,70,84,84,84,84,88,96,99,99,99,99,102,102,105,108,108,108,108,111,114,114,114,117,120,121,123,126,126,129,132,132,135,135,138,138,138,138,138,138,120,138,138,138,141,97,37],"gold":493,"neow_bonus":"","is_daily":false,"chose_seed":false,"campfire_upgraded":8,"win_rate":0.0,"timestamp":1612348942,"path_taken":["M","M","M","?","M","E","M","M","T","E","R","E","R","?","R","BOSS","M","M","?","?","$","E","M","E","T","R","M","E","M","M","R","BOSS","M","M","?","?","$","E","R","$","T","E","?","R","M","?","R","BOSS","BOSS","R","$","E","BOSS"],"items_purchased_type":["Card","Card","Relic","Relic","Potion","Relic","Card","Relic","Card","Relic","Card","Relic","Relic","Card","Card","Relic","Card","Card","Card","Relic","Card","Card","Relic","Potion","Card","Relic","Card","Card","Relic","Relic","Relic"],"build_version":"2020-12-22","purchased_purges":6,"victory":true,"max_hp_per_floor":[84,87,87,87,90,90,93,93,93,93,93,96,96,96,96,99,99,99,99,99,99,102,102,105,108,108,108,108,111,114,114,114,117,120,123,123,126,126,129,132,132,135,135,138,138,138,138,138,138,138,138,138,138,141,141,141],"card_choices":[{"not_picked":["Hologram","Stack"],"picked":"Conserve Battery","floor":0},{"not_picked":["Panic Button","Genetic Algorithm"],"picked":"Buffer","floor":0},{"not_picked":["Genetic Algorithm","Compile Driver"],"picked":"Turbo","floor":0},{"not_picked":["Go for the Eyes","Compile Driver"],"picked":"Cold Snap","floor":1},{"not_picked":["White Noise","BasicCrystalCard"],"picked":"Conserve Battery","floor":2},{"not_picked":["Rebound","ReplayTheSpireMod:Omega Cannon","Lockon"],"picked":"SKIP","floor":3},{"not_picked":["White Noise","Rip and Tear","Melter"],"picked":"SKIP","floor":4},{"not_picked":["ReplayTheSpireMod:Reroute Power","Cold Snap"],"picked":"Self Repair","floor":5},{"not_picked":["Beam Cell","Stack","Recycle"],"picked":"SKIP","floor":6},{"not_picked":["Lockon","Steam"],"picked":"Barrage","floor":7},{"not_picked":["ReplayTheSpireMod:System Scan","White Noise","Sweeping Beam"],"picked":"SKIP","floor":8},{"not_picked":["Panic Button","Recycle","Compile Driver"],"picked":"SKIP","floor":10},{"not_picked":["Double Energy","Melter"],"picked":"Cold Snap","floor":12},{"not_picked":["Hyperbeam","Thunder Strike"],"picked":"ReplayRNGCard","floor":16},{"not_picked":["Rip and Tear+1","Hologram","Panic Button"],"picked":"SKIP","floor":18},{"not_picked":["Compile Driver","Steam","Rebound"],"picked":"SKIP","floor":19},{"not_picked":["Static Discharge","Sweeping Beam","Steam"],"picked":"SKIP","floor":23},{"not_picked":["ReplayTheSpireMod:Repulse","ReplaySort"],"picked":"BootSequence","floor":24},{"not_picked":["Turbo","Streamline"],"picked":"Loop","floor":25},{"not_picked":["ReplayGash","Steam","Conserve Battery","Leap"],"picked":"SKIP","floor":28},{"not_picked":["Compile Driver","Rainbow","Lockon"],"picked":"Consume","floor":29},{"not_picked":["Conserve Battery","Fusion","Coolheaded"],"picked":"FTL","floor":30},{"not_picked":["Panic Button","Go for the Eyes","Leap+1","Skim"],"picked":"SKIP","floor":31},{"not_picked":["hubris:DoWhile","Multi-Cast","Hyperbeam"],"picked":"Electrodynamics","floor":33},{"not_picked":["Barrage+1","Turbo+1","Storm"],"picked":"ReplayTheSpireMod:Calculation Training","floor":35},{"not_picked":["Gash","Skim","Reinforced Body","Steam Power"],"picked":"SKIP","floor":36},{"not_picked":["Redo","Compile Driver","Lockon+1"],"picked":"Crystallizer","floor":37},{"not_picked":["Conserve Battery","Leap","Stack"],"picked":"Crystallizer+1","floor":40},{"not_picked":["ReplayTheSpireMod:System Scan","Go for the Eyes","Beam Cell"],"picked":"Chaos+1","floor":44},{"not_picked":["Compile Driver","Genetic Algorithm","Redo+1","Coolheaded+1"],"picked":"SKIP","floor":47},{"not_picked":["Crystallizer","Hello World","Beam Cell","Time Bomb+1"],"picked":"SKIP","floor":55}],"player_experience":759224,"relics_obtained":[{"floor":6,"key":"White Beast Statue"},{"floor":9,"key":"Anchor"},{"floor":10,"key":"Centennial Puzzle"},{"floor":12,"key":"Blue Doll"},{"floor":23,"key":"Bag of Marbles"},{"floor":25,"key":"Replay:Bottled Flurry"},{"floor":26,"key":"Question Card"},{"floor":29,"key":"Turnip"},{"floor":40,"key":"MawBank"},{"floor":44,"key":"Lizard Tail"},{"floor":55,"key":"hubris:RGBLights"}],"event_choices":[{"damage_healed":0,"gold_gain":0,"player_choice":"Forge","damage_taken":0,"max_hp_gain":0,"max_hp_loss":0,"event_name":"Accursed Blacksmith","floor":14,"gold_loss":0,"cards_upgraded":["Panacea"]},{"damage_healed":0,"gold_gain":0,"player_choice":"Obtained Relic","damage_taken":0,"relics_obtained":["Replay:Baseball"],"max_hp_gain":0,"max_hp_loss":0,"event_name":"Addict","floor":20,"gold_loss":85},{"damage_healed":0,"gold_gain":100,"player_choice":"Bet on Murderer","damage_taken":0,"max_hp_gain":0,"max_hp_loss":0,"event_name":"The Joust","floor":21,"gold_loss":50},{"damage_healed":0,"gold_gain":0,"player_choice":"Ignored","damage_taken":0,"max_hp_gain":0,"max_hp_loss":0,"event_name":"Tomb of Lord Red Mask","floor":38,"gold_loss":0},{"cards_removed":["Heatsinks"],"damage_healed":0,"gold_gain":0,"player_choice":"Removed Power","damage_taken":0,"max_hp_gain":0,"max_hp_loss":0,"event_name":"Falling","floor":45,"gold_loss":0}],"is_beta":false,"boss_relics":[{"not_picked":["Nuclear Battery","Runic Pyramid"],"picked":"hubris:Backtick"},{"not_picked":["hubris:ScarierMask","Replay:Bronze Core"],"picked":"Replay:Grab Bag"},{"not_picked":["hubris:VirtuousBlindfold","Velvet Choker"],"picked":"Sozu"},{"not_picked":["ReplayTheSpireMod:DimensionalGlitch","hubris:GrandSneckoEye"],"picked":"Replay:Wanted Poster"},{"not_picked":["Empty Cage","Snecko Eye"],"picked":"Pandora\u0027s Box"}],"items_purged_floors":[0,0,0,0,39,54],"is_endless":false,"potions_floor_spawned":[1,2,3,7,8,10,12,16,18,19,23,24,25,28,29,30,31,33,35,36,37,40,44,47,55],"ascension_level":20}}