{"host":"08t08ld674si40tv","time":1612351151,"event":{"mods":["AchievementEnabler","BaseMod","Colored Map","Minty Spire (QoL Compilation)","StSLib","SuperFastMode"],"gold_per_floor":[114,3,3,3,3,3,29,39,62,28,53,53,53,67,67,171,171,186,456,476,495,51,51,82,100,127,127,127,127,98,168,168,270,270,285,92,107,157,157,157,170,0,0,32,82,116,126,159,171,183,195,207,56,87,87],"floor_reached":56,"language":"KOR","playtime":1828,"items_purged":["Strike_P","Strike_P","Strike_P+1"],"score":1930,"play_id":"c193a729-fa92-4690-a370-d306f3dddcb2","local_time":"20210203201911","is_ascension_mode":true,"campfire_choices":[{"data":"Eruption","floor":6,"key":"SMITH"},{"data":"CrushJoints","floor":13,"key":"SMITH"},{"data":"TalkToTheHand","floor":15,"key":"SMITH"},{"floor":23,"key":"REST"},{"floor":29,"key":"REST"},{"data":"LessonLearned","floor":32,"key":"SMITH"},{"data":"InnerPeace","floor":40,"key":"SMITH"},{"floor":49,"key":"RECALL"},{"data":"Swivel","floor":52,"key":"SMITH"}],"circlet_count":0,"master_deck":["Strike_P+1","Defend_P+1","Defend_P+1","Eruption+1","Vigilance+1","FlurryOfBlows+1","WheelKick+1","CutThroughFate+1","Halt+1","CrushJoints+1","InnerPeace+1","Swivel+1","TalkToTheHand+1","LessonLearned+1","MentalFortress+1","MentalFortress+1","Finesse+1","Vault+1","Adaptation+1"],"relics":["PureWater","NeowsBlessing","Bird Faced Urn","Darkstone Periapt","Boot","The Courier","Runic Pyramid","TheAbacus","Toy Ornithopter","Bag of Marbles","Oddly Smooth Stone","Happy Flower","Bottled Lightning","VioletLotus","TeardropLocket","Torii","Red Mask","Yang","Strawberry","Calipers","Sundial","MawBank","Pantograph"],"acts_visited":["Exordium","TheCity","TheBeyond","TheEnding"],"potions_floor_usage":[11,16,24,33,38,46,50,55,55],"damage_taken":[{"damage":0,"enemies":"Jaw Worm","floor":1,"turns":1},{"damage":0,"enemies":"Lagavulin","floor":7,"turns":1},{"damage":0,"enemies":"2 Louse","floor":8,"turns":1},{"damage":0,"enemies":"Gremlin Nob","floor":11,"turns":2},{"damage":0,"enemies":"Cultist","floor":14,"turns":1},{"damage":2,"enemies":"Hexaghost","floor":16,"turns":7},{"damage":0,"enemies":"Spheric Guardian","floor":18,"turns":3},{"damage":3,"enemies":"Shell Parasite","floor":20,"turns":3},{"damage":13,"enemies":"Sentry and Sphere","floor":21,"turns":4},{"damage":18,"enemies":"Slavers","floor":24,"turns":5},{"damage":0,"enemies":"Snecko","floor":25,"turns":3},{"damage":15,"enemies":"Automaton","floor":33,"turns":7},{"damage":1,"enemies":"3 Shapes","floor":35,"turns":4},{"damage":4,"enemies":"Orb Walker","floor":37,"turns":2},{"damage":12,"enemies":"2 Orb Walkers","floor":38,"turns":3},{"damage":2,"enemies":"3 Darklings","floor":41,"turns":5},{"damage":1,"enemies":"Giant Head","floor":44,"turns":5},{"damage":0,"enemies":"Mind Bloom Boss Battle","floor":45,"turns":4},{"damage":0,"enemies":"Nemesis","floor":46,"turns":1},{"damage":0,"enemies":"Jaw Worm Horde","floor":47,"turns":3},{"damage":0,"enemies":"Giant Head","floor":48,"turns":5},{"damage":0,"enemies":"Donu and Deca","floor":50,"turns":10},{"damage":0,"enemies":"Shield and Spear","floor":54,"turns":6},{"damage":21,"enemies":"The Heart","floor":55,"turns":11}],"seed_played":"7341239606231032917","potions_obtained":[{"floor":1,"key":"Ambrosia"},{"floor":8,"key":"Weak Potion"},{"floor":16,"key":"ColorlessPotion"},{"floor":20,"key":"SpeedPotion"},{"floor":24,"key":"SpeedPotion"},{"floor":35,"key":"ColorlessPotion"},{"floor":37,"key":"DuplicationPotion"},{"floor":45,"key":"LiquidMemories"},{"floor":46,"key":"Weak Potion"},{"floor":47,"key":"StancePotion"},{"floor":54,"key":"GamblersBrew"}],"is_trial":false,"path_per_floor":["M","$","?","?","?","R","E","M","T","$","E","$","R","M","R","B",null,"M","?","M","M","$","R","E","M","T","?","T","R","$","T","R","B",null,"M","$","M","?","?","R","M","?","T","E","?","E","M","E","R","B",null,"R","$","E","B",null],"character_chosen":"WATCHER","items_purchased":["WheelKick","InnerPeace","TheAbacus","Toy Ornithopter","Bag of Marbles","MentalFortress","TeardropLocket","Adaptation"],"campfire_rested":2,"item_purchase_floors":[2,10,22,22,22,30,36,53],"current_hp_per_floor":[65,65,65,51,48,48,48,48,48,48,48,48,48,48,48,46,66,66,39,36,23,23,44,31,31,31,31,31,52,52,52,52,44,65,66,66,66,59,49,49,51,51,51,61,65,72,74,78,78,79,79,79,79,79,62],"gold":87,"neow_bonus":"THREE_ENEMY_KILL","is_daily":false,"chose_seed":false,"campfire_upgraded":6,"win_rate":0.0,"timestamp":1612351151,"path_taken":["M","$","?","?","?","R","E","M","T","?","E","$","R","M","R","BOSS","M","?","?","M","$","R","E","M","T","?","?","R","$","?","R","BOSS","M","$","M","?","?","R","M","?","T","E","?","E","M","E","R","BOSS","R","$","E","BOSS"],"items_purchased_type":["Card","Card","Relic","Relic","Relic","Card","Relic","Card"],"build_version":"2020-12-22","purchased_purges":3,"victory":true,"max_hp_per_floor":[72,72,72,72,72,72,72,72,72,72,72,72,72,72,72,72,72,72,72,72,72,72,72,72,72,72,72,72,72,72,72,72,72,72,72,72,72,72,72,72,72,72,72,79,79,79,79,79,79,79,79,79,79,79,79],"card_choices":[{"not_picked":["Weave","Consecrate"],"picked":"FlurryOfBlows","floor":1},{"not_picked":["ClearTheMind","Protect"],"picked":"Halt","floor":7},{"not_picked":["Meditate","FollowUp"],"picked":"CrushJoints","floor":8},{"not_picked":["CarveReality","DeceiveReality"],"picked":"Swivel","floor":11},{"not_picked":["CutThroughFate","Prostrate"],"picked":"TalkToTheHand","floor":14},{"not_picked":["Devotion","ConjureBlade"],"picked":"LessonLearned","floor":16},{"not_picked":["ClearTheMind","Vengeance+1","Halt"],"picked":"SKIP","floor":18},{"not_picked":["Protect","FlurryOfBlows","Crescendo+1"],"picked":"SKIP","floor":20},{"not_picked":["MasterReality","Vengeance","FollowUp"],"picked":"SKIP","floor":21},{"not_picked":["EmptyMind","Consecrate","MasterReality"],"picked":"SKIP","floor":24},{"not_picked":["EmptyFist","Weave","Crescendo+1"],"picked":"SKIP","floor":25},{"not_picked":["Halt","MentalFortress+1","CarveReality+1"],"picked":"SKIP","floor":35},{"not_picked":["Halt","CarveReality+1"],"picked":"MentalFortress+1","floor":35},{"not_picked":["CarveReality","EmptyBody+1","EmptyMind"],"picked":"SKIP","floor":37},{"not_picked":["Forethought","Dark Shackles"],"picked":"Finesse","floor":39},{"not_picked":["CrushJoints","PathToVictory","Halt+1"],"picked":"SKIP","floor":41},{"not_picked":["ForeignInfluence+1","EmptyFist"],"picked":"Vault","floor":44},{"not_picked":["Consecrate+1","ClearTheMind+1","Tantrum"],"picked":"SKIP","floor":46},{"not_picked":["Protect+1","Study","CarveReality+1"],"picked":"SKIP","floor":47},{"not_picked":["Collect+1","SandsOfTime+1","CrushJoints+1"],"picked":"SKIP","floor":48},{"not_picked":["JustLucky+1","Perseverance","FlyingSleeves"],"picked":"SKIP","floor":54}],"player_experience":287082,"relics_obtained":[{"floor":7,"key":"Darkstone Periapt"},{"floor":9,"key":"Boot"},{"floor":11,"key":"The Courier"},{"floor":24,"key":"Oddly Smooth Stone"},{"floor":26,"key":"Happy Flower"},{"floor":31,"key":"Bottled Lightning"},{"floor":38,"key":"Torii"},{"floor":43,"key":"Yang"},{"floor":44,"key":"Strawberry"},{"floor":45,"key":"Calipers"},{"floor":46,"key":"Sundial"},{"floor":48,"key":"MawBank"},{"floor":54,"key":"Pantograph"}],"event_choices":[{"damage_healed":0,"gold_gain":0,"cards_transformed":["Defend_P"],"player_choice":"Change","damage_taken":0,"max_hp_gain":0,"max_hp_loss":0,"event_name":"Living Wall","floor":3,"gold_loss":0,"cards_obtained":["CutThroughFate"]},{"damage_healed":0,"gold_gain":0,"player_choice":"Entered Light","damage_taken":14,"max_hp_gain":0,"max_hp_loss":0,"event_name":"Shining Light","floor":4,"gold_loss":0,"cards_upgraded":["WheelKick","Strike_P"]},{"damage_healed":0,"gold_gain":0,"player_choice":"Success","damage_taken":3,"relics_obtained":["Bird Faced Urn"],"max_hp_gain":0,"max_hp_loss":0,"event_name":"Scrap Ooze","floor":5,"gold_loss":0},{"damage_healed":0,"gold_gain":270,"player_choice":"GOLD GOLD GOLD ","damage_taken":27,"max_hp_gain":0,"max_hp_loss":0,"event_name":"Knowing Skull","floor":19,"potions_obtained":[],"gold_loss":0,"cards_obtained":[]},{"cards_removed":["Defend_P"],"damage_healed":0,"gold_gain":0,"player_choice":"Elegance","damage_taken":0,"max_hp_gain":0,"max_hp_loss":0,"event_name":"Back to Basics","floor":27,"gold_loss":0},{"damage_healed":0,"gold_gain":0,"player_choice":"Fight","damage_taken":0,"max_hp_gain":0,"max_hp_loss":0,"event_name":"Mysterious Sphere","floor":38,"gold_loss":0},{"damage_healed":0,"gold_gain":0,"player_choice":"Memory 3","damage_taken":10,"max_hp_gain":0,"max_hp_loss":0,"event_name":"SensoryStone","floor":39,"gold_loss":0},{"damage_healed":0,"gold_gain":0,"player_choice":"Paid","damage_taken":0,"relics_obtained":["Red Mask"],"max_hp_gain":0,"max_hp_loss":0,"event_name":"Tomb of Lord Red Mask","floor":42,"gold_loss":170},{"damage_healed":0,"gold_gain":0,"player_choice":"Fight","damage_taken":0,"max_hp_gain":0,"max_hp_loss":0,"event_name":"MindBloom","floor":45,"gold_loss":0}],"is_beta":false,"boss_relics":[{"not_picked":["Snecko Eye","Astrolabe"],"picked":"Runic Pyramid"},{"not_picked":["HolyWater","Philosopher\u0027s Stone"],"picked":"VioletLotus"}],"items_purged_floors":[2,22,53],"is_endless":false,"potions_floor_spawned":[1,8,16,20,24,35,37,45,46,47,54],"ascension_level":9}}