{"host":"Sylvester","time":1612375803,"event":{"mods":["BaseMod","Filter the Spire","Lobotomy","Minty Spire (QoL Compilation)","Replay The Spire","StSLib"],"gold_per_floor":[110,210,224,241,253,253,179,207,234,254,254,254,268,294,294,399,399],"floor_reached":16,"language":"ENG","playtime":566,"items_purged":[],"score":196,"play_id":"24fa8de6-8da1-435a-a7aa-812fa0e8e405","local_time":"20210203101003","is_ascension_mode":true,"campfire_choices":[{"data":"LifeForTheDareDevil","floor":11.0,"key":"SMITH"},{"floor":15,"key":"DIG"}],"circlet_count":0,"master_deck":["SpecialBullet","SpecialBullet","SpecialBullet","SpecialBullet","SpecialBullet","SpecialBullet","SpecialBullet","SpecialBullet","InformationCode","CentralCode","TrainingCode","Laetitia_ego","FeatherOfHonor+1","LifeForTheDareDevil","Twilight","Soda","Mimicry"],"relics":["Honey Jar","Whetstone","ReplayFunnel","Centennial Puzzle","Garlic","Replay:Rubber Ducky"],"acts_visited":["Exordium"],"potions_floor_usage":[],"damage_taken":[{"damage":0.0,"enemies":"Cultist","floor":1.0,"turns":3.0},{"damage":7.0,"enemies":"Jaw Worm","floor":3.0,"turns":3.0},{"damage":6.0,"enemies":"2 Louse","floor":4.0,"turns":2.0},{"damage":3.0,"enemies":"2 Fungi Beasts","floor":5.0,"turns":2.0},{"damage":0.0,"enemies":"Gremlin Nob","floor":8.0,"turns":3.0},{"damage":0.0,"enemies":"3 Louse","floor":10.0,"turns":2.0},{"damage":0.0,"enemies":"Exordium Thugs","floor":13.0,"turns":2.0},{"damage":12.0,"enemies":"Lagavulin","floor":14.0,"turns":4.0},{"damage":5,"enemies":"Hexaghost","floor":16,"turns":6}],"seed_played":"-3156940506438095588","potions_obtained":[{"floor":1.0,"key":"AttackPotion"},{"floor":10.0,"key":"LiquidMemories"},{"floor":13.0,"key":"Milkshake"},{"floor":16,"key":"Regen Potion"}],"is_trial":false,"path_per_floor":["M","?","M","M","M","R","$","E","T","M","R","?","M","E","R","B"],"character_chosen":"Angela","items_purchased":["LifeForTheDareDevil"],"campfire_rested":0,"item_purchase_floors":[7],"current_hp_per_floor":[70,70,63,57,54,54,54,54,54,54,54,54,54,42,42,37,37],"gold":399,"neow_bonus":"BOSS_RELIC","is_daily":false,"chose_seed":false,"campfire_upgraded":1,"win_rate":0.0,"timestamp":1612375803,"path_taken":["M","?","M","?","M","R","?","E","T","?","R","?","?","E","R","BOSS"],"items_purchased_type":["Card"],"build_version":"2020-11-17","purchased_purges":0,"victory":false,"max_hp_per_floor":[70,70,70,70,70,70,70,70,70,70,70,70,70,70,70,70,70],"card_choices":[{"not_picked":["Lantern","Horn"],"picked":"Laetitia_ego","floor":1.0},{"not_picked":["FourthMatchFlame","Regret_ego"],"picked":"FeatherOfHonor","floor":3.0},{"not_picked":["RapturousDream","Twilight"],"picked":"LifeForTheDareDevil","floor":4.0},{"not_picked":["Harmony","BloodyDesire"],"picked":"Twilight","floor":8.0},{"not_picked":["CUTE","Lamp"],"picked":"Soda","floor":13.0},{"not_picked":["Twilight","SoundOfStar"],"picked":"Mimicry","floor":16}],"player_experience":200334,"relics_obtained":[{"floor":8.0,"key":"Whetstone"},{"floor":9.0,"key":"ReplayFunnel"},{"floor":14.0,"key":"Garlic"},{"floor":15,"key":"Replay:Rubber Ducky"}],"event_choices":[{"damage_healed":0.0,"max_hp_gain":0.0,"max_hp_loss":0.0,"gold_gain":100.0,"event_name":"Golden Shrine","player_choice":"Pray","floor":2.0,"gold_loss":0.0,"damage_taken":0.0},{"cards_removed":["LifeForTheDareDevil"],"damage_healed":0.0,"max_hp_gain":0.0,"max_hp_loss":0.0,"gold_gain":0.0,"event_name":"WeMeetAgain","player_choice":"Gave Card","floor":12.0,"gold_loss":0.0,"damage_taken":0.0,"relics_obtained":["Centennial Puzzle"]}],"is_beta":true,"boss_relics":[],"items_purged_floors":[],"is_endless":false,"potions_floor_spawned":[1,10,13,16],"killed_by":"Hexaghost","ascension_level":1}}