{"host":"sav7uxregyirlf69","time":1612357481,"event":{"mods":["AchievementEnabler","BaseMod","Colored Map","DeckTracker","Keyboard Shortcuts","Minty Spire (QoL Compilation)","READ ME - Guardian Mod","StSLib","SuperFastMode"],"gold_per_floor":[113,113,113,130,130,130,146,146,169,1,1,1,20,33,33,128,128,142,157,82,105,125,125,143,143,168,83,83,99,149,164,164,253,253,274,274,41,64,124,162,162,193,193,208,223,223,264,264,264,264,264],"floor_reached":50,"language":"KOR","playtime":1075,"items_purged":["Strike_G"],"score":1094,"play_id":"e69641b6-bb7b-4728-aad5-a508141f7442","local_time":"20210203220441","is_ascension_mode":true,"campfire_choices":[{"data":"Bouncing Flask","floor":6.0,"key":"SMITH"},{"data":"Noxious Fumes","floor":8.0,"key":"SMITH"},{"floor":15.0,"key":"REST"},{"data":"Catalyst","floor":23.0,"key":"SMITH"},{"floor":25.0,"key":"REST"},{"data":"Tactician","floor":28.0,"key":"SMITH"},{"data":"Adrenaline","floor":32.0,"key":"SMITH"},{"floor":49,"key":"RECALL"}],"circlet_count":0,"master_deck":["AscendersBane","Survivor","Neutralize","Poisoned Stab","Bouncing Flask+1","Noxious Fumes+1","Adrenaline+1","Catalyst+1","Corpse Explosion","Prepared","Acrobatics+1","Well Laid Plans","Tactician+1","Crippling Poison","Poisoned Stab","Underhanded Strike","PiercingWail","Malaise","Corpse Explosion","Predator","Slice","Blade Dance","Apotheosis","Acrobatics","PiercingWail","Leg Sweep+1","Doubt","Reflex"],"relics":["Ring of the Snake","Strawberry","Bronze Scales","Lantern","Bag of Preparation","ClockworkSouvenir","Golden Idol","HoveringKite","Snake Skull","Pandora\u0027s Box","Thread and Needle","Juzu Bracelet","Lizard Tail","Ancient Tea Set","Mercury Hourglass"],"acts_visited":["Exordium","TheCity","TheBeyond"],"potions_floor_usage":[39,40,42,50],"damage_taken":[{"damage":10.0,"enemies":"Jaw Worm","floor":1.0,"turns":6.0},{"damage":3.0,"enemies":"2 Louse","floor":4.0,"turns":2.0},{"damage":10.0,"enemies":"Small Slimes","floor":7.0,"turns":3.0},{"damage":6.0,"enemies":"3 Louse","floor":13.0,"turns":3.0},{"damage":16.0,"enemies":"Gremlin Gang","floor":14.0,"turns":3.0},{"damage":23.0,"enemies":"Slime Boss","floor":16.0,"turns":10.0},{"damage":11.0,"enemies":"Spheric Guardian","floor":18.0,"turns":3.0},{"damage":4.0,"enemies":"Chosen","floor":19.0,"turns":4.0},{"damage":9.0,"enemies":"Snake Plant","floor":21.0,"turns":3.0},{"damage":4.0,"enemies":"Centurion and Healer","floor":22.0,"turns":3.0},{"damage":11.0,"enemies":"Shelled Parasite and Fungi","floor":24.0,"turns":5.0},{"damage":0.0,"enemies":"3 Cultists","floor":29.0,"turns":2.0},{"damage":0.0,"enemies":"Snake Plant","floor":31.0,"turns":3.0},{"damage":17.0,"enemies":"Collector","floor":33.0,"turns":4.0},{"damage":5.0,"enemies":"Orb Walker","floor":35.0,"turns":2.0},{"damage":0.0,"enemies":"3 Shapes","floor":38.0,"turns":3.0},{"damage":9,"enemies":"2 Orb Walkers","floor":39,"turns":2},{"damage":17,"enemies":"Giant Head","floor":40,"turns":5},{"damage":39,"enemies":"Reptomancer","floor":42,"turns":5},{"damage":3,"enemies":"Sphere and 2 Shapes","floor":44,"turns":4},{"damage":11,"enemies":"Transient","floor":45,"turns":6},{"damage":33,"enemies":"Giant Head","floor":47,"turns":6},{"damage":38,"enemies":"Time Eater","floor":50,"turns":6}],"seed_played":"-7439727186251958055","potions_obtained":[{"floor":4.0,"key":"LiquidBronze"},{"floor":13.0,"key":"Weak Potion"},{"floor":14.0,"key":"BlessingOfTheForge"},{"floor":18.0,"key":"Energy Potion"},{"floor":21.0,"key":"DuplicationPotion"},{"floor":22.0,"key":"EssenceOfSteel"},{"floor":31.0,"key":"SkillPotion"},{"floor":33.0,"key":"EssenceOfSteel"},{"floor":38.0,"key":"Poison Potion"},{"floor":39,"key":"BlessingOfTheForge"},{"floor":40,"key":"LiquidMemories"},{"floor":47,"key":"DistilledChaos"}],"is_trial":false,"path_per_floor":["M","?","T","M","?","R","M","R","T","$","?","?","M","M","R","B",null,"M","M","$","M","M","R","M","R","T","$","R","M","?","M","R","B",null,"M","?","$","M","?","E","?","E","T","M","M","?","E","T","R","B"],"character_chosen":"THE_SILENT","items_purchased":["ClockworkSouvenir","Tactician","Apotheosis","Acrobatics"],"campfire_rested":2,"item_purchase_floors":[10,27,37,37],"current_hp_per_floor":[56,61,61,58,47,47,37,37,37,37,37,37,31,15,36,13,57,46,42,42,33,29,29,18,39,39,39,39,39,39,39,39,22,59,54,54,54,54,45,28,71,32,32,29,18,18,35,35,35,0,0],"gold":264,"neow_bonus":"RANDOM_COMMON_RELIC","is_daily":false,"chose_seed":false,"campfire_upgraded":5,"win_rate":0.0,"timestamp":1612357481,"path_taken":["M","?","?","M","?","R","M","R","T","$","?","?","M","M","R","BOSS","M","?","$","M","M","R","M","R","T","$","R","M","?","?","R","BOSS","M","?","$","M","?","E","?","E","T","M","M","?","E","?","R","BOSS"],"items_purchased_type":["Relic","Card","Card","Card"],"build_version":"2020-12-22","purchased_purges":1,"victory":false,"max_hp_per_floor":[73,78,78,78,78,78,78,78,78,78,71,71,71,71,71,71,71,71,71,71,71,71,71,71,71,71,71,71,71,71,71,71,71,71,71,71,71,71,71,71,71,71,71,71,71,71,71,71,71,71,71],"card_choices":[{"not_picked":["Deflect","Deadly Poison"],"picked":"Poisoned Stab","floor":1.0},{"not_picked":["Caltrops","Well Laid Plans"],"picked":"Bouncing Flask","floor":4.0},{"not_picked":["Dagger Throw","Choke"],"picked":"Noxious Fumes","floor":7.0},{"not_picked":["Deflect","Poisoned Stab"],"picked":"Catalyst","floor":13.0},{"not_picked":["Tactician","Blur","Prepared"],"picked":"SKIP","floor":14.0},{"not_picked":["Grand Finale","Envenom"],"picked":"Corpse Explosion","floor":16.0},{"not_picked":["Leg Sweep","Skewer"],"picked":"Prepared","floor":18.0},{"not_picked":["Predator","Bane"],"picked":"Acrobatics+1","floor":19.0},{"not_picked":["Cloak And Dagger","Flying Knee","Infinite Blades"],"picked":"SKIP","floor":21.0},{"not_picked":["Cloak And Dagger","Die Die Die"],"picked":"Well Laid Plans","floor":22.0},{"not_picked":["Dodge and Roll","Flying Knee","Choke"],"picked":"SKIP","floor":24.0},{"not_picked":["Terror","Cloak And Dagger","Sucker Punch"],"picked":"SKIP","floor":29.0},{"not_picked":["Cloak And Dagger","Heel Hook"],"picked":"Crippling Poison","floor":31.0},{"not_picked":["Noxious Fumes+1","Flying Knee","Underhanded Strike"],"picked":"SKIP","floor":35.0},{"not_picked":["Riddle With Holes","Bane"],"picked":"PiercingWail","floor":38.0},{"not_picked":["Quick Slash","Sucker Punch+1"],"picked":"Leg Sweep+1","floor":39},{"not_picked":["Distraction+1","Deadly Poison","Predator"],"picked":"SKIP","floor":40},{"not_picked":["Flying Knee","Terror+1","Prepared+1"],"picked":"SKIP","floor":42},{"not_picked":["Leg Sweep","Heel Hook+1"],"picked":"Reflex","floor":44},{"not_picked":["Backstab","Crippling Poison+1","Dagger Throw+1"],"picked":"SKIP","floor":45},{"not_picked":["Sucker Punch","Accuracy+1","Dagger Throw+1"],"picked":"SKIP","floor":47}],"player_experience":1471259,"relics_obtained":[{"floor":3.0,"key":"Bronze Scales"},{"floor":9.0,"key":"Bag of Preparation"},{"floor":26.0,"key":"Snake Skull"},{"floor":39,"key":"Thread and Needle"},{"floor":40,"key":"Juzu Bracelet"},{"floor":42,"key":"Lizard Tail"},{"floor":47,"key":"Ancient Tea Set"},{"floor":48,"key":"Mercury Hourglass"}],"event_choices":[{"damage_healed":0.0,"max_hp_gain":5.0,"max_hp_loss":0.0,"gold_gain":0.0,"event_name":"Big Fish","player_choice":"Donut","floor":2.0,"gold_loss":0.0,"damage_taken":0.0},{"damage_healed":0.0,"max_hp_gain":0.0,"max_hp_loss":0.0,"gold_gain":0.0,"event_name":"Scrap Ooze","player_choice":"Success","floor":5.0,"gold_loss":0.0,"damage_taken":11.0,"relics_obtained":["Lantern"]},{"damage_healed":0.0,"max_hp_gain":0.0,"max_hp_loss":7.0,"gold_gain":0.0,"event_name":"Golden Idol","player_choice":"Lose Max HP","floor":11.0,"gold_loss":0.0,"damage_taken":0.0,"relics_obtained":["Golden Idol"]},{"damage_healed":0.0,"max_hp_gain":0.0,"max_hp_loss":0.0,"gold_gain":0.0,"cards_transformed":["Strike_G"],"event_name":"Transmorgrifier","player_choice":"Transformed","floor":12.0,"gold_loss":0.0,"damage_taken":0.0,"cards_obtained":["Adrenaline"]},{"damage_healed":0.0,"max_hp_gain":0.0,"max_hp_loss":0.0,"gold_gain":50.0,"event_name":"Golden Shrine","player_choice":"Pray","floor":30.0,"gold_loss":0.0,"damage_taken":0.0},{"damage_healed":0.0,"max_hp_gain":0.0,"max_hp_loss":0.0,"gold_gain":0.0,"event_name":"SensoryStone","player_choice":"Memory 1","floor":36.0,"gold_loss":0.0,"damage_taken":0.0},{"damage_healed":0,"gold_gain":0,"player_choice":"Fight","damage_taken":0,"max_hp_gain":0,"max_hp_loss":0,"event_name":"Mysterious Sphere","floor":39,"gold_loss":0},{"damage_healed":43,"gold_gain":0,"player_choice":"Heal","damage_taken":0,"max_hp_gain":0,"max_hp_loss":0,"event_name":"MindBloom","floor":41,"gold_loss":0,"cards_obtained":["Doubt"]},{"damage_healed":0,"gold_gain":0,"player_choice":"Ignored","damage_taken":0,"max_hp_gain":0,"max_hp_loss":0,"event_name":"Tomb of Lord Red Mask","floor":46,"gold_loss":0}],"is_beta":false,"boss_relics":[{"not_picked":["Velvet Choker","Ring of the Serpent"],"picked":"HoveringKite"},{"not_picked":["Snecko Eye","Calling Bell"],"picked":"Pandora\u0027s Box"}],"items_purged_floors":[20],"is_endless":false,"potions_floor_spawned":[4,13,14,18,21,22,31,33,38,39,40,47],"killed_by":"Time Eater","ascension_level":20}}