{"host":"jlk2k69f9c6o7b3e","time":1612332072,"event":{"mods":["AchievementEnabler","BaseMod","Minty Spire (QoL Compilation)","StSLib"],"gold_per_floor":[118,118,68,143,163,163,190,190,214,34,61,81,112,126,126,228,228,248,260,279,311,311,338,338,40,40,54,54,54],"floor_reached":28,"language":"ZHS","playtime":3019,"items_purged":[],"score":337,"play_id":"c4423249-9729-4fad-83fb-77cfd765bd57","local_time":"20210203140112","is_ascension_mode":true,"campfire_choices":[{"data":"Hologram","floor":6.0,"key":"SMITH"},{"data":"Skim","floor":8.0,"key":"SMITH"},{"data":"Aggregate","floor":15.0,"key":"SMITH"},{"data":"Aggregate","floor":24.0,"key":"SMITH"}],"circlet_count":0,"master_deck":["Strike_B","Defend_B","Defend_B","Defend_B","Zap+1","Dualcast+1","Auto Shields","Hologram+1","Skim+1","Core Surge","Gash","Rebound","Aggregate+1","Conserve Battery","All For One","Leap+1","Auto Shields+1","Creative AI+1","Aggregate+1","Static Discharge+1","Turbo","White Noise+1","Chaos+1","Storm","Conserve Battery+1"],"relics":["Cracked Core","NeowsBlessing","The Courier","Boot","Strange Spoon","Darkstone Periapt","Lizard Tail","Astrolabe","Red Mask","DataDisk","Anchor","ClockworkSouvenir"],"acts_visited":["Exordium","TheCity"],"potions_floor_usage":[],"damage_taken":[{"damage":0.0,"enemies":"Cultist","floor":1.0,"turns":1.0},{"damage":0.0,"enemies":"2 Louse","floor":5.0,"turns":1.0},{"damage":0.0,"enemies":"Lagavulin","floor":7.0,"turns":1.0},{"damage":14.0,"enemies":"Gremlin Nob","floor":11.0,"turns":4.0},{"damage":0.0,"enemies":"Small Slimes","floor":12.0,"turns":2.0},{"damage":10.0,"enemies":"3 Sentries","floor":13.0,"turns":6.0},{"damage":7.0,"enemies":"Exordium Wildlife","floor":14.0,"turns":3.0},{"damage":6.0,"enemies":"Slime Boss","floor":16.0,"turns":9.0},{"damage":0.0,"enemies":"Spheric Guardian","floor":18.0,"turns":5.0},{"damage":15.0,"enemies":"Chosen","floor":19.0,"turns":7.0},{"damage":27.0,"enemies":"Sentry and Sphere","floor":20.0,"turns":7.0},{"damage":21.0,"enemies":"Masked Bandits","floor":21.0,"turns":4.0},{"damage":23.0,"enemies":"Book of Stabbing","floor":23.0,"turns":5.0},{"damage":12,"enemies":"Centurion and Healer","floor":27,"turns":5},{"damage":24,"enemies":"Slavers","floor":28,"turns":2}],"seed_played":"3902179633870384627","potions_obtained":[{"floor":12.0,"key":"LiquidMemories"},{"floor":14.0,"key":"Explosive Potion"},{"floor":19.0,"key":"Dexterity Potion"},{"floor":20.0,"key":"Strength Potion"},{"floor":27,"key":"Strength Potion"}],"is_trial":false,"path_per_floor":["M","?","?","?","M","R","E","R","T","$","E","M","E","M","R","B",null,"M","M","M","?","?","E","R","$","T","M","E"],"character_chosen":"DEFECT","items_purchased":["Strange Spoon","Core Surge","Storm","Anchor","ClockworkSouvenir"],"campfire_rested":0,"item_purchase_floors":[10,10,25,25,25],"current_hp_per_floor":[75,60,60,49,49,49,49,49,49,49,35,35,25,18,18,12,75,75,60,33,12,12,31,31,31,31,19,0,0],"gold":54,"neow_bonus":"THREE_ENEMY_KILL","is_daily":false,"chose_seed":false,"campfire_upgraded":4,"win_rate":0.0,"timestamp":1612332072,"path_taken":["M","?","?","?","M","R","E","R","T","$","E","M","E","?","R","BOSS","M","M","M","?","?","E","R","$","T","M","E"],"items_purchased_type":["Relic","Card","Card","Relic","Relic"],"build_version":"2020-12-22","purchased_purges":0,"victory":false,"max_hp_per_floor":[75,75,75,75,75,75,75,75,75,75,75,75,75,75,75,75,75,75,75,75,75,75,75,75,75,75,75,75,75],"card_choices":[{"not_picked":["Steam","Redo"],"picked":"Auto Shields","floor":1.0},{"not_picked":["Leap","Sweeping Beam"],"picked":"Hologram","floor":5.0},{"not_picked":["Streamline","Cold Snap"],"picked":"Skim","floor":7.0},{"not_picked":["Stack","Hologram"],"picked":"Gash","floor":11.0},{"not_picked":["Coolheaded","Fusion"],"picked":"Rebound","floor":12.0},{"not_picked":["Biased Cognition","Barrage"],"picked":"Aggregate","floor":13.0},{"not_picked":["Recycle","Barrage"],"picked":"Conserve Battery","floor":14.0},{"not_picked":["Rainbow","Creative AI"],"picked":"All For One","floor":16.0},{"not_picked":["Gash","Darkness"],"picked":"Aggregate","floor":18.0},{"not_picked":["Stack","Darkness"],"picked":"Static Discharge+1","floor":19.0},{"not_picked":["Glacier","Reinforced Body"],"picked":"Turbo","floor":20.0},{"not_picked":["Streamline+1","Compile Driver"],"picked":"White Noise+1","floor":21.0},{"not_picked":["Skim","Stack"],"picked":"Chaos+1","floor":23.0},{"not_picked":["Ball Lightning","Sweeping Beam+1"],"picked":"Conserve Battery+1","floor":27}],"player_experience":328005,"relics_obtained":[{"floor":7.0,"key":"The Courier"},{"floor":9.0,"key":"Boot"},{"floor":11.0,"key":"Darkstone Periapt"},{"floor":13.0,"key":"Lizard Tail"},{"floor":21.0,"key":"Red Mask"},{"floor":23.0,"key":"DataDisk"}],"event_choices":[{"damage_healed":0.0,"max_hp_gain":0.0,"max_hp_loss":0.0,"gold_gain":0.0,"event_name":"Shining Light","player_choice":"Entered Light","floor":2.0,"gold_loss":0.0,"damage_taken":15.0,"cards_upgraded":["Dualcast","Zap"]},{"cards_removed":["Strike_B"],"damage_healed":0.0,"max_hp_gain":0.0,"max_hp_loss":0.0,"gold_gain":0.0,"event_name":"The Cleric","player_choice":"Card Removal","floor":3.0,"gold_loss":50.0,"damage_taken":0.0},{"damage_healed":0.0,"max_hp_gain":0.0,"max_hp_loss":0.0,"gold_gain":75.0,"event_name":"World of Goop","player_choice":"Gather Gold","floor":4.0,"gold_loss":0.0,"damage_taken":11.0},{"damage_healed":0.0,"max_hp_gain":0.0,"max_hp_loss":0.0,"gold_gain":0.0,"event_name":"Masked Bandits","player_choice":"Fought Bandits","floor":21.0,"gold_loss":0.0,"damage_taken":0.0},{"damage_healed":0.0,"max_hp_gain":0.0,"max_hp_loss":0.0,"gold_gain":0.0,"event_name":"Vampires","player_choice":"Ignored","floor":22.0,"gold_loss":0.0,"damage_taken":0.0}],"is_beta":false,"boss_relics":[{"not_picked":["Runic Pyramid","Velvet Choker"],"picked":"Astrolabe"}],"items_purged_floors":[],"is_endless":false,"potions_floor_spawned":[12,14,19,20,27],"killed_by":"Slavers","ascension_level":4}}