{"host":"9mz6x6ekz95y53i5","time":1612352020,"event":{"mods":["AchievementEnabler","BaseMod","Downfall","Energized Spire","Minty Spire (QoL Compilation)","Reliquary","Replay The Spire","Spicy Shops","StSLib","The Bug Knight","UnlockEverythingMod","¡¾ÒÅÎï¿¨ÅÆ¡¿REMEMod"],"gold_per_floor":[119,119,133,153,172,172,187,201,201,201,225,252,252],"floor_reached":12,"language":"ZHS","playtime":446,"items_purged":[],"score":164,"play_id":"733c8a93-a2ef-48a1-a8d5-7cc448bd7fea","local_time":"20210203193340","is_ascension_mode":true,"campfire_choices":[{"data":"REME_ForAll","floor":6,"key":"SMITH"},{"floor":10,"key":"REST"}],"circlet_count":0,"master_deck":["AscendersBane","Strike_B","Strike_B","Strike_B","Strike_B","Defend_B","Defend_B","Defend_B","Zap","Dualcast","REME_ForAll+1","Cold Snap","Loop","Panic Button","Steam","REME_Shoggoth","Barrage"],"relics":["Cracked Core","REME_ComplimentaryCards","NeowsBlessing","Replay:Bottled Flurry","Replay:Baseball","reliquary:FeatherDuster"],"acts_visited":["Exordium"],"potions_floor_usage":[7],"damage_taken":[{"damage":0,"enemies":"Jaw Worm","floor":1,"turns":1},{"damage":0,"enemies":"Cultist","floor":3,"turns":1},{"damage":0,"enemies":"Small Slimes","floor":4,"turns":1},{"damage":12,"enemies":"Red Slaver","floor":5,"turns":3},{"damage":31,"enemies":"Exordium Thugs","floor":7,"turns":5},{"damage":8,"enemies":"Blue Slaver","floor":8,"turns":3},{"damage":24,"enemies":"Lagavulin","floor":12,"turns":5}],"seed_played":"-7460064160931795321","potions_obtained":[{"floor":3,"key":"SkillPotion"},{"floor":8,"key":"SteroidPotion"},{"floor":12,"key":"Cursed Concoction"}],"is_trial":false,"path_per_floor":["M","?","M","M","M","R","M","M","T","R","T","E"],"character_chosen":"DEFECT","items_purchased":[],"campfire_rested":1,"item_purchase_floors":[],"current_hp_per_floor":[64,57,57,57,45,45,14,6,6,27,27,3,3],"gold":252,"neow_bonus":"THREE_ENEMY_KILL","is_daily":false,"chose_seed":false,"campfire_upgraded":1,"win_rate":0.0,"timestamp":1612352020,"path_taken":["M","?","M","M","M","R","M","M","T","R","?","E"],"items_purchased_type":[],"build_version":"2020-12-22","purchased_purges":0,"victory":false,"max_hp_per_floor":[71,71,71,71,71,71,71,71,71,71,71,71,71],"card_choices":[{"not_picked":["Stack","Leap"],"picked":"Static Discharge","floor":1},{"not_picked":["Sunder","Ball Lightning"],"picked":"Cold Snap","floor":3},{"not_picked":["Barrage","Panic Button"],"picked":"Loop","floor":4},{"not_picked":["Fusion","Reprogram"],"picked":"Panic Button","floor":5},{"not_picked":["Genetic Algorithm","Rip and Tear"],"picked":"Steam","floor":7},{"not_picked":["Aggregate","Stack"],"picked":"REME_Shoggoth","floor":8},{"not_picked":["ReplaySolidLightProjector","Doom and Gloom"],"picked":"Barrage","floor":12}],"player_experience":221877,"relics_obtained":[{"floor":9,"key":"Replay:Bottled Flurry"},{"floor":11,"key":"Replay:Baseball"},{"floor":12,"key":"reliquary:FeatherDuster"}],"event_choices":[{"cards_removed":["Defend_B"],"damage_healed":0,"gold_gain":0,"player_choice":"Card Removal","damage_taken":7,"max_hp_gain":0,"max_hp_loss":0,"event_name":"Golden Wing","floor":2,"gold_loss":0}],"is_beta":false,"boss_relics":[],"items_purged_floors":[],"is_endless":false,"potions_floor_spawned":[3,8,12],"killed_by":"Lagavulin","ascension_level":20}}