{"host":"vpaavrwbmey593fx","time":1612384820,"event":{"mods":["AchievementEnabler","BaseMod","Bestiary","Colored Map","Colored Powertips","DeckTracker","Minty Spire (QoL Compilation)","Relic Sorter"],"gold_per_floor":[167,180,180,192,204,204,217,217,243,75,75,75,115,127,127,233,233,252,270,291,291,308,308,344,363,413,413,413,464,478,503,503,503,503],"floor_reached":33,"language":"ENG","playtime":2286,"items_purged":["Strike_G"],"score":379,"play_id":"837f3599-f7de-40bd-a562-88b9a810585f","local_time":"20210203124020","is_ascension_mode":true,"campfire_choices":[{"data":"Predator","floor":6.0,"key":"SMITH"},{"data":"Footwork","floor":8.0,"key":"SMITH"},{"data":"Neutralize","floor":11.0,"key":"SMITH"},{"data":"Accuracy","floor":15.0,"key":"SMITH"},{"data":"Blade Dance","floor":23,"key":"SMITH"},{"data":"Wraith Form v2","floor":27,"key":"SMITH"},{"floor":32,"key":"REST"}],"circlet_count":0,"master_deck":["Strike_G","Strike_G","Strike_G","Strike_G","Defend_G+1","Defend_G","Defend_G","Defend_G","Defend_G","Survivor","Neutralize+1","Cloak And Dagger+1","PiercingWail","Blade Dance+1","Accuracy+1","Predator+1","Footwork+1","Accuracy+1","Dodge and Roll","Blur","Wraith Form v2+1","Dodge and Roll+1","Choke","Escape Plan"],"relics":["Tiny House","Omamori","CeramicFish","Sozu","Snake Skull","MealTicket","Potion Belt"],"acts_visited":["Exordium","TheCity"],"potions_floor_usage":[20,33],"damage_taken":[{"damage":0.0,"enemies":"Cultist","floor":1.0,"turns":4.0},{"damage":6.0,"enemies":"2 Louse","floor":2.0,"turns":5.0},{"damage":7.0,"enemies":"Jaw Worm","floor":4.0,"turns":4.0},{"damage":5.0,"enemies":"Red Slaver","floor":5.0,"turns":7.0},{"damage":0.0,"enemies":"Large Slime","floor":7.0,"turns":5.0},{"damage":12.0,"enemies":"3 Sentries","floor":13.0,"turns":8.0},{"damage":0.0,"enemies":"Blue Slaver","floor":14.0,"turns":5.0},{"damage":4.0,"enemies":"Hexaghost","floor":16.0,"turns":8.0},{"damage":3,"enemies":"Spheric Guardian","floor":18,"turns":4},{"damage":5,"enemies":"Shell Parasite","floor":19,"turns":7},{"damage":14,"enemies":"Chosen and Byrds","floor":20,"turns":8},{"damage":0,"enemies":"3 Cultists","floor":22,"turns":7},{"damage":20,"enemies":"Slavers","floor":24,"turns":8},{"damage":0,"enemies":"Snecko","floor":25,"turns":5},{"damage":19,"enemies":"Snake Plant","floor":30,"turns":4},{"damage":0,"enemies":"Shelled Parasite and Fungi","floor":31,"turns":6},{"damage":33,"enemies":"Champ","floor":33,"turns":14}],"seed_played":"5547771079531828207","potions_obtained":[{"floor":0.0,"key":"DuplicationPotion"},{"floor":4.0,"key":"PowerPotion"},{"floor":5.0,"key":"Dexterity Potion"},{"floor":14.0,"key":"Ancient Potion"},{"floor":16.0,"key":"AttackPotion"}],"is_trial":false,"path_per_floor":["M","M","?","M","M","R","M","R","T","$","R","?","E","M","R","B",null,"M","M","M","?","M","R","E","M","T","R","?","T","M","M","R","B"],"character_chosen":"THE_SILENT","items_purchased":["Accuracy","Dodge and Roll"],"campfire_rested":1,"item_purchase_floors":[10,10],"current_hp_per_floor":[68,62,62,55,50,50,50,50,50,50,50,50,38,38,38,34,65,62,57,43,43,43,43,23,23,23,23,23,23,4,4,26,0,0],"gold":503,"neow_bonus":"BOSS_RELIC","is_daily":false,"chose_seed":false,"campfire_upgraded":6,"win_rate":0.0,"timestamp":1612384820,"path_taken":["M","M","?","M","?","R","M","R","T","?","R","?","E","M","R","BOSS","M","?","M","?","?","R","E","M","T","R","?","?","M","M","R","BOSS"],"items_purchased_type":["Card","Card"],"build_version":"2020-12-22","purchased_purges":1,"victory":false,"max_hp_per_floor":[75,75,75,75,75,75,75,75,75,75,75,75,75,75,75,75,75,75,75,75,75,75,75,75,75,75,75,75,75,75,75,75,75,75],"card_choices":[{"not_picked":["Bouncing Flask","Backflip"],"picked":"Cloak And Dagger","floor":0.0},{"not_picked":["Quick Slash","Outmaneuver"],"picked":"PiercingWail","floor":1.0},{"not_picked":["Backflip","Poisoned Stab"],"picked":"Blade Dance","floor":2.0},{"not_picked":["Endless Agony","Dagger Throw"],"picked":"Accuracy","floor":4.0},{"not_picked":["Infinite Blades","Sucker Punch"],"picked":"Predator","floor":5.0},{"not_picked":["Choke","Outmaneuver"],"picked":"Footwork","floor":7.0},{"not_picked":["Deflect","Concentrate"],"picked":"Blur","floor":13.0},{"not_picked":["Bane","Endless Agony","Bouncing Flask"],"picked":"SKIP","floor":14.0},{"not_picked":["A Thousand Cuts","Unload"],"picked":"Wraith Form v2","floor":16.0},{"not_picked":["Bane","Deflect","Noxious Fumes"],"picked":"SKIP","floor":18},{"not_picked":["Skewer+1","Footwork","Deadly Poison"],"picked":"SKIP","floor":19},{"not_picked":["Cloak And Dagger","Dagger Throw"],"picked":"Dodge and Roll+1","floor":20},{"not_picked":["Dodge and Roll","Outmaneuver+1","Sucker Punch"],"picked":"SKIP","floor":22},{"not_picked":["Backstab","Catalyst+1"],"picked":"Choke","floor":24},{"not_picked":["Tools of the Trade","Distraction","Prepared"],"picked":"SKIP","floor":25},{"not_picked":["PiercingWail+1","Outmaneuver","Finisher"],"picked":"SKIP","floor":30},{"not_picked":["Masterful Stab","Expertise"],"picked":"Escape Plan","floor":31}],"player_experience":309170,"relics_obtained":[{"floor":9.0,"key":"Omamori"},{"floor":13.0,"key":"CeramicFish"},{"floor":24,"key":"Snake Skull"},{"floor":26,"key":"MealTicket"}],"event_choices":[{"damage_healed":0.0,"max_hp_gain":0.0,"max_hp_loss":0.0,"gold_gain":0.0,"event_name":"Accursed Blacksmith","player_choice":"Forge","floor":3.0,"gold_loss":0.0,"damage_taken":0.0,"cards_upgraded":["Cloak And Dagger"]},{"damage_healed":0.0,"max_hp_gain":0.0,"max_hp_loss":0.0,"gold_gain":0.0,"event_name":"Upgrade Shrine","player_choice":"Upgraded","floor":12.0,"gold_loss":0.0,"damage_taken":0.0,"cards_upgraded":["Accuracy"]},{"damage_healed":0,"gold_gain":0,"player_choice":"Got Potions","damage_taken":0,"max_hp_gain":0,"max_hp_loss":0,"event_name":"Lab","floor":21,"gold_loss":0},{"damage_healed":0,"gold_gain":0,"player_choice":"Opened","damage_taken":0,"relics_obtained":["Potion Belt"],"max_hp_gain":0,"max_hp_loss":0,"event_name":"The Mausoleum","floor":28,"gold_loss":0,"cards_obtained":["Writhe"]}],"is_beta":false,"boss_relics":[{"not_picked":["WristBlade","Astrolabe"],"picked":"Sozu"}],"items_purged_floors":[10],"is_endless":false,"potions_floor_spawned":[4,5,14,16,18,19,25],"killed_by":"Champ","ascension_level":8}}