{"host":"smvt3ad3q31g2j4m","time":1612314460,"event":{"mods":["BaseMod","Better Skull","Better Third Choice","Colored Map","Downfall","GifTheSpireLib","Minty Spire (QoL Compilation)","Replay The Spire","StSLib"],"gold_per_floor":[349,366,379,395,395,494,494,556,6,23,8,8,19,33,53,53,53,53],"floor_reached":16,"language":"ENG","playtime":987,"items_purged":["sneckomod:Strike"],"score":94,"play_id":"6678ace6-d298-4919-aed3-d219c94fd7b9","local_time":"20210202190740","is_ascension_mode":false,"campfire_choices":[{"data":"sneckomod:TailWhip","floor":1,"key":"SMITH"}],"circlet_count":0,"master_deck":["sneckomod:Strike","sneckomod:Defend","sneckomod:Defend","sneckomod:Defend+1","sneckomod:TailWhip+1","sneckomod:SnekBite","sneckomod:Unknown","sneckomod:Unknown","sneckomod:IronFang","sneckomod:IronFang","sneckomod:UnknownDraw","sneckomod:UnknownRareSkill","sneckomod:DiceBlock+1","sneckomod:UnknownDraw","sneckomod:UnknownDraw","sneckomod:Unknown1Cost","sneckomod:UnknownBlock","sneckomod:UnknownCommonAttack","sneckomod:Nope","sneckomod:UnknownCommonAttack","sneckomod:SnekBeam","sneckomod:QuickMove"],"relics":["sneckomod:SneckoSoul","Ice Cream","Toy Ornithopter","War Paint","Mirror","GremlinMask"],"acts_visited":["Exordium"],"potions_floor_usage":[16,16],"damage_taken":[{"damage":1,"enemies":"Jaw Worm","floor":2,"turns":3},{"damage":6,"enemies":"2 Louse","floor":3,"turns":2},{"damage":0,"enemies":"Small Slimes","floor":4,"turns":3},{"damage":37,"enemies":"Gremlin Nob","floor":8,"turns":6},{"damage":0,"enemies":"downfall:FleeingMerchant","floor":9,"turns":4},{"damage":0,"enemies":"Blue Slaver","floor":10,"turns":2},{"damage":0,"enemies":"downfall:FleeingMerchant","floor":11,"turns":4},{"damage":8,"enemies":"3 Louse","floor":13,"turns":3},{"damage":14,"enemies":"Gremlin Gang","floor":14,"turns":5},{"damage":7,"enemies":"Exordium Thugs","floor":15,"turns":5},{"damage":18,"enemies":"WA_ARCHETYPE_RETAIN","floor":16,"turns":6}],"seed_played":"5779079908530044260","potions_obtained":[{"floor":4,"key":"sneckomod:OffclassReductionPotion"},{"floor":13,"key":"sneckomod:DiceRollPotion"},{"floor":14,"key":"FearPotion"}],"is_trial":false,"path_per_floor":["R","M","M","M","?","?","T","?","$","M","$","?","M","M","M","B"],"character_chosen":"THE_SNECKO","items_purchased":["War Paint","Mirror","sneckomod:UnknownBlock"],"campfire_rested":0,"item_purchase_floors":[9,9,9],"current_hp_per_floor":[81,80,74,74,74,74,74,37,37,37,37,37,29,15,8,0,0,0],"gold":53,"neow_bonus":"TWO_FIFTY_GOLD","is_daily":false,"chose_seed":false,"campfire_upgraded":1,"win_rate":0.0,"timestamp":1612314460,"path_taken":["R","M","M","M","?","?","T","?","$","M","$","?","?","M","M","BOSS"],"items_purchased_type":["Relic","Relic","Card"],"build_version":"2020-12-22","purchased_purges":1,"victory":false,"max_hp_per_floor":[81,81,81,81,81,81,81,81,81,81,81,81,81,81,81,81,81,81],"card_choices":[{"not_picked":["sneckomod:DiceCrush","sneckomod:RainOfDice"],"picked":"sneckomod:IronFang","floor":2},{"not_picked":["sneckomod:UnknownX","sneckomod:SoulRoll"],"picked":"sneckomod:IronFang","floor":3},{"not_picked":["sneckomod:DiceBoulder","sneckomod:SoulDraw"],"picked":"sneckomod:UnknownDraw","floor":4},{"not_picked":["sneckomod:DiceBoulder","sneckomod:SoulRoll"],"picked":"sneckomod:UnknownRareSkill","floor":6},{"not_picked":["sneckomod:SoulRoll","sneckomod:SoulDraw"],"picked":"sneckomod:DiceBlock","floor":6},{"not_picked":["sneckomod:QuickBite","sneckomod:UnknownExhaust"],"picked":"sneckomod:UnknownDraw","floor":6},{"not_picked":["sneckomod:UnknownX","sneckomod:DiceCrush"],"picked":"sneckomod:UnknownDraw","floor":8},{"not_picked":["sneckomod:SoulExchange","sneckomod:DiceBlock"],"picked":"sneckomod:Unknown1Cost","floor":9},{"not_picked":["sneckomod:CheapStock","sneckomod:RainOfDice"],"picked":"sneckomod:UnknownCommonAttack","floor":10},{"not_picked":["sneckomod:UnlimitedRolls","sneckomod:RainOfDice"],"picked":"sneckomod:Nope","floor":11},{"not_picked":["sneckomod:UnknownExhaust","sneckomod:UnknownBlock"],"picked":"sneckomod:UnknownCommonAttack","floor":13},{"not_picked":["sneckomod:RainOfDice","sneckomod:Unknown1Cost"],"picked":"sneckomod:SnekBeam","floor":14},{"not_picked":["sneckomod:PureSnecko","sneckomod:SoulCleanse"],"picked":"sneckomod:QuickMove","floor":15}],"player_experience":130588,"relics_obtained":[{"floor":7,"key":"Ice Cream"}],"event_choices":[{"damage_healed":0,"gold_gain":0,"player_choice":"Trade","damage_taken":0,"relics_obtained":["GremlinMask"],"max_hp_gain":0,"max_hp_loss":0,"event_name":"FaceTrader","floor":12,"gold_loss":0}],"is_beta":false,"boss_relics":[],"items_purged_floors":[9],"is_endless":false,"potions_floor_spawned":[4,13,14,15],"killed_by":"WA_ARCHETYPE_RETAIN","ascension_level":0}}