{"host":"l2kmo5ss1fnqnmvo","time":1612362606,"event":{"mods":["BaseMod","Colored Powertips","Decade(王小明)","Lobotomy","Minty Spire (QoL Compilation)","Reimu（博丽灵梦）","WarShipGirlsR/战舰少女R mod"],"gold_per_floor":[113,131,81,92,92,123,135,176,188,200,231,257,296,323,335,448,460,472,472],"floor_reached":18,"language":"ZHS","playtime":1629,"items_purged":[],"score":244,"play_id":"f7a60df9-5bed-4bb1-bdda-89b6b3bc0fe1","local_time":"20210203233006","is_ascension_mode":true,"campfire_choices":[{"floor":10,"key":"RECALL"},{"data":"AutoVajin","floor":15,"key":"SMITH"}],"circlet_count":0,"master_deck":["Decade_Attack","Decade_Attack","KamenRide","Decade_SpecialSkill","Decade_Defend","Decade_Defend","Decade_Defend","Decade_Defend","WallGazer","AutoVajin","UnarmedAttack1","UniverseFragment","UnarmedAttack5","AutoVajin+1","FormRide","UnarmedAttack3","QueenBee","AttackRide","UnarmedAttack5","VoidDream","OSAHOGD","UnarmedAttack4","RideBooker","FormRideAxel","CurseOfTheBell"],"relics":["Decadriver","TOEIDeficitBill","CogitoBucket","MawBank","Toy Ornithopter","Bottled Flame","BackwardClock","Lizard Tail","Calling Bell","Oddly Smooth Stone","Mercury Hourglass","Unceasing Top"],"acts_visited":["Exordium","TheCity"],"potions_floor_usage":[11,13,16,18],"damage_taken":[{"damage":15,"enemies":"Jaw Worm","floor":1,"turns":4},{"damage":2,"enemies":"2 Louse","floor":2,"turns":2},{"damage":2,"enemies":"Cultist","floor":4,"turns":3},{"damage":2,"enemies":"Gremlin Nob","floor":6,"turns":3},{"damage":11,"enemies":"3 Sentries","floor":8,"turns":7},{"damage":17,"enemies":"Lots of Slimes","floor":11,"turns":10},{"damage":11,"enemies":"Exordium Thugs","floor":12,"turns":4},{"damage":2,"enemies":"Gremlin Nob","floor":13,"turns":3},{"damage":0,"enemies":"3 Louse","floor":14,"turns":2},{"damage":3,"enemies":"Hexaghost","floor":16,"turns":9},{"damage":79,"enemies":"3 Byrds","floor":18,"turns":9}],"seed_played":"6477328507363716449","potions_obtained":[{"floor":6,"key":"SmokeBomb"},{"floor":8,"key":"DuplicationPotion"},{"floor":12,"key":"Strength Potion"},{"floor":13,"key":"GrandPatriotsElixir:ReiMu"},{"floor":16,"key":"SpeedPotion"}],"is_trial":false,"path_per_floor":["M","M","?","M","T","E","?","E","T","R","M","M","E","M","R","B",null,"M"],"character_chosen":"Decade","items_purchased":[],"campfire_rested":0,"item_purchase_floors":[],"current_hp_per_floor":[61,59,59,57,57,55,55,44,44,44,32,21,24,24,24,26,70,33,33],"gold":472,"neow_bonus":"","is_daily":false,"chose_seed":false,"campfire_upgraded":1,"win_rate":0.0,"timestamp":1612362606,"path_taken":["M","M","?","M","?","E","?","E","T","R","M","?","E","M","R","BOSS","M"],"items_purchased_type":[],"build_version":"2020-12-22","purchased_purges":0,"victory":false,"max_hp_per_floor":[70,70,70,70,70,70,70,70,70,70,70,70,70,70,70,70,70,70,70],"card_choices":[{"not_picked":["CherryBlossoms","Wellcheers"],"picked":"WallGazer","floor":1},{"not_picked":["RideBooker","KamenRideDecade"],"picked":"AutoVajin","floor":1},{"not_picked":["Kuuga_GouramAttack","FormRideJack"],"picked":"UnarmedAttack1","floor":1},{"not_picked":["Rudolta","CherryBlossoms","LittlePrince"],"picked":"Singing Bowl","floor":2},{"not_picked":["FormRideBasshaa","DenO_Sword","Decade_Dash1"],"picked":"SKIP","floor":2},{"not_picked":["Wellcheers","BeautyBeast"],"picked":"UniverseFragment","floor":4},{"not_picked":["KamenRideDecade","Hibiki_Attack1"],"picked":"UnarmedAttack5","floor":4},{"not_picked":["Decade_Dash2","FormRideGaruru"],"picked":"AutoVajin","floor":6},{"not_picked":["FormRidePegasus","DenO_Gun"],"picked":"FormRide","floor":6},{"not_picked":["KamenRideAgito","Blade_Slash"],"picked":"UnarmedAttack3","floor":8},{"not_picked":["CherryBlossoms","Bloodbath","MHz"],"picked":"Singing Bowl","floor":8},{"not_picked":["Blade_Slash","RideBooker_Skill_2","FormRideDogga"],"picked":"SKIP","floor":8},{"not_picked":["CrumblingArmor","Scorched"],"picked":"QueenBee","floor":11},{"not_picked":["KamenRideDecade","KamenRideFaiz"],"picked":"AttackRide","floor":11},{"not_picked":["UnarmedAttack1","FormRideDragon"],"picked":"UnarmedAttack5","floor":11},{"not_picked":["FairyFestival","CherryBlossoms","MeatLantern"],"picked":"Singing Bowl","floor":12},{"not_picked":["Bloodbath","Wellcheers"],"picked":"VoidDream","floor":12},{"not_picked":["KamenRideKabuto","AutoVajin","Hibiki_Attack2"],"picked":"SKIP","floor":12},{"not_picked":["SpiderBud","OldLady"],"picked":"OSAHOGD","floor":13},{"not_picked":["TimeVent","KamenRideBlade"],"picked":"UnarmedAttack4","floor":13},{"not_picked":["UnarmedAttack1","Decade_Defend2"],"picked":"RideBooker","floor":13},{"not_picked":["FormRideGaruru","FormRide","Kiva_Frozen"],"picked":"SKIP","floor":14},{"not_picked":["DespairKnight","Yin","CherryBlossoms"],"picked":"Singing Bowl","floor":16},{"not_picked":["Kiva_Eat","Kabuto_ClockUp"],"picked":"FormRideAxel","floor":16}],"player_experience":607888,"relics_obtained":[{"floor":6,"key":"MawBank"},{"floor":8,"key":"Toy Ornithopter"},{"floor":9,"key":"Bottled Flame"},{"floor":13,"key":"Lizard Tail"},{"floor":17,"key":"Oddly Smooth Stone"},{"floor":17,"key":"Mercury Hourglass"},{"floor":17,"key":"Unceasing Top"}],"event_choices":[{"cards_removed":["Decade_Attack"],"damage_healed":0,"gold_gain":0,"player_choice":"Card Removal","damage_taken":0,"max_hp_gain":0,"max_hp_loss":0,"event_name":"The Cleric","floor":3,"gold_loss":50},{"cards_removed":["Decade_Attack"],"damage_healed":0,"gold_gain":0,"player_choice":"Purged","damage_taken":0,"max_hp_gain":0,"max_hp_loss":0,"event_name":"Purifier","floor":7,"gold_loss":0}],"is_beta":false,"boss_relics":[{"not_picked":["Ectoplasm","Busted Crown"],"picked":"Calling Bell"}],"items_purged_floors":[],"is_endless":false,"potions_floor_spawned":[6,8,12,13,16],"killed_by":"3 Byrds","ascension_level":1}}