{"host":"2e5gbsni44p3458r","time":1612351461,"event":{"mods":["BaseMod","Colored Map","Downfall","Hermit","Minty Spire (QoL Compilation)","Replay The Spire","StSLib","The Cursed"],"gold_per_floor":[99,116,130,305,323,358,358,392,192,192,192,225,243,153,167,266,366,366,384,400,214,234,234,260,291,304,204,238,238,238,272,288,393,393,393,404,666,685,426,436,436,463,480,480,480,493,493,350,360,360,360,387,87,87,87,87,87,87],"floor_reached":56,"language":"ENG","playtime":4493,"items_purged":["Doubt","champ:Strike","champ:Strike"],"score":1099,"play_id":"41dbc86a-00b5-46fa-9a28-1bc3b25921cc","local_time":"20210203202421","is_ascension_mode":true,"campfire_choices":[{"data":"Injury","floor":1,"key":"PURGE"},{"data":"champ:Lariat","floor":9,"key":"SMITH"},{"data":"champ:UltimateStance","floor":18,"key":"SMITH"},{"floor":23,"key":"RECALL"},{"data":"champ:TornadoPunch","floor":27,"key":"SMITH"},{"data":"champ:Taunt","floor":29,"key":"SMITH"},{"data":"champ:HoldFirm","floor":35,"key":"SMITH"},{"data":"champ:CalledShot","floor":44,"key":"SMITH"},{"data":"champ:FaceSlap","floor":47,"key":"SMITH"},{"data":"champ:HeartStrike","floor":54,"key":"SMITH"}],"circlet_count":0,"master_deck":["champ:Defend","champ:Defend","champ:Execute","champ:Taunt+1","champ:Lariat+1","champ:ShieldThrow","champ:BringItOn","champ:GutPunch","champ:ArenaPreparation","champ:EnchantCrown","champ:TornadoPunch+1","champ:UltimateStance+1","champ:RageSigil+1","champ:FlashCut","champ:RisingSlash","champ:GutPunch+1","champ:GutPunch+1","champ:HoldFirm+1","champ:FanOfKnives+1","champ:Circumvent+1","champ:ShieldWall","champ:CalledShot+1","champ:RageSigil","champ:AdrenalArmor+1","champ:PreciseThrust+1","champ:FaceSlap+1","champ:HeartStrike+1","champ:Duel+1","champ:VampiricStrike"],"relics":["champ:ChampionCrown","Divine Protection","bronze:DecasWashers","downfall:HeartBlessingGreen","downfall:HeartBlessingBlue","Onion Ring","sneckomod:BlankCard","Replay:Wanted Poster","Orichalcum","Matryoshka","downfall:HeartBlessingRed","Bag of Preparation","Red Mask","Painkiller Herb","Lantern","Pondfish Scales","Ancient Tea Set","Bottled Lightning","PreservedInsect","Lee\u0027s Waffle","ReplayFunnel","Nunchaku"],"acts_visited":["Exordium","TheCity","TheBeyond","TheEnding"],"potions_floor_usage":[6,12,16,21,33,50,50,56],"damage_taken":[{"damage":0,"enemies":"2 Louse","floor":2,"turns":2},{"damage":10,"enemies":"Small Slimes","floor":3,"turns":3},{"damage":20,"enemies":"Cultist","floor":5,"turns":3},{"damage":52,"enemies":"3 Sentries","floor":6,"turns":7},{"damage":4,"enemies":"Gremlin Nob","floor":8,"turns":4},{"damage":22,"enemies":"Lagavulin","floor":12,"turns":5},{"damage":2,"enemies":"Blue Slaver","floor":13,"turns":1},{"damage":47,"enemies":"downfall:FleeingMerchant","floor":14,"turns":4},{"damage":7,"enemies":"Exordium Wildlife","floor":15,"turns":2},{"damage":0,"enemies":"IC_STATUS_ARCHETYPE","floor":16,"turns":2},{"damage":72,"enemies":"3 Byrds","floor":19,"turns":5},{"damage":0,"enemies":"Chosen","floor":20,"turns":2},{"damage":57,"enemies":"downfall:FleeingMerchant","floor":21,"turns":4},{"damage":62,"enemies":"3 Cultists","floor":22,"turns":3},{"damage":17,"enemies":"Book of Stabbing","floor":25,"turns":3},{"damage":27,"enemies":"Snake Plant","floor":26,"turns":1},{"damage":27,"enemies":"Replay:Snechameleon","floor":28,"turns":2},{"damage":8,"enemies":"Masked Bandits","floor":31,"turns":2},{"damage":22,"enemies":"Centurion and Healer","floor":32,"turns":2},{"damage":118,"enemies":"DF_ARCHETYPE_CLAW","floor":33,"turns":6},{"damage":47,"enemies":"3 Darklings","floor":36,"turns":3},{"damage":10,"enemies":"3 Shapes","floor":38,"turns":2},{"damage":12,"enemies":"downfall:FleeingMerchant","floor":39,"turns":1},{"damage":112,"enemies":"Transient","floor":40,"turns":5},{"damage":90,"enemies":"R_Hoarder","floor":42,"turns":5},{"damage":12,"enemies":"4 Shapes","floor":43,"turns":1},{"damage":32,"enemies":"Spire Growth","floor":46,"turns":1},{"damage":17,"enemies":"3 Darklings","floor":49,"turns":1},{"damage":89,"enemies":"WA_ARCHETYPE_DIVINITY","floor":50,"turns":6},{"damage":82,"enemies":"downfall:CharBossMerchant","floor":52,"turns":4},{"damage":239,"enemies":"downfall:NeowBoss","floor":55,"turns":14},{"damage":109,"enemies":"downfall:NeowBossFinal","floor":56,"turns":11}],"seed_played":"-8929030312247192424","potions_obtained":[{"floor":3,"key":"Toxic Potion"},{"floor":8,"key":"AttackPotion"},{"floor":12,"key":"AttackPotion"},{"floor":16,"key":"hexamod:SoulburnPotion"},{"floor":19,"key":"DistilledChaos"},{"floor":20,"key":"Weak Potion"},{"floor":25,"key":"DistilledChaos"},{"floor":28,"key":"Strength Potion"},{"floor":36,"key":"SkillPotion"},{"floor":43,"key":"CultistPotion"}],"is_trial":false,"path_per_floor":["R_BF","M","M","?","M","E","T","E","R","?","?","E","M","$","M","B",null,"R","M","M","$","M","R","T","E","M","R","E","R","?","?","M","B",null,"T","?","?","?","T","?","T","E","?","T","?","?","T","T","?","B",null,"E","T","T","B","B"],"character_chosen":"THE_CHAMP","items_purchased":["champ:RisingSlash","champ:CalledShot","champ:RageSigil","Pondfish Scales","Lee\u0027s Waffle","champ:VampiricStrike","Nunchaku"],"campfire_rested":0,"item_purchase_floors":[21,39,39,39,48,53,53],"current_hp_per_floor":[90,90,90,90,90,58,58,54,64,61,61,69,77,85,93,93,100,100,100,100,100,100,100,100,100,100,100,100,100,100,100,100,69,100,100,100,60,60,68,76,76,84,92,92,57,65,65,107,107,75,107,107,107,107,55,0,0,0],"gold":87,"neow_bonus":"TRANSFORM_TWO_CARDS","is_daily":false,"chose_seed":false,"campfire_upgraded":8,"win_rate":0.0,"timestamp":1612351461,"path_taken":["R_BF","M","M","?","M","E","T","E","R","?","?","E","?","$","M","BOSS","R","M","M","$","M","R","T","E","M","R","E","R","?","?","M","BOSS","T","?","?","?","T","?","T","E","?","T","?","?","T","T","?","BOSS","E","T","T","BOSS","BOSS"],"items_purchased_type":["Card","Card","Card","Relic","Relic","Card","Relic"],"build_version":"2020-12-22","purchased_purges":3,"victory":false,"max_hp_per_floor":[90,90,90,90,90,90,90,90,100,100,100,100,100,100,100,100,100,100,100,100,100,100,100,100,100,100,100,100,100,100,100,100,100,100,100,100,100,100,100,100,100,100,100,100,100,100,100,107,107,107,107,107,107,107,107,107,107,107],"card_choices":[{"not_picked":["champ:PerfectedStrike","champ:AdrenalArmor"],"picked":"champ:BringItOn","floor":2},{"not_picked":["champ:IronFortress","champ:ShieldWall"],"picked":"champ:GutPunch","floor":3},{"not_picked":["champ:CrownThrow","champ:Haymaker","champ:DefensiveShout"],"picked":"SKIP","floor":5},{"not_picked":["champ:Duel","champ:FlashCut"],"picked":"champ:ArenaPreparation","floor":6},{"not_picked":["champ:Shatter","champ:IronFortress"],"picked":"champ:EnchantCrown","floor":8},{"not_picked":["champ:EnragedBash","champ:Circumvent","champ:PreemptiveStrike"],"picked":"SKIP","floor":12},{"not_picked":["champ:AdrenalArmor","champ:EnGarde","champ:PerfectedStrike"],"picked":"SKIP","floor":13},{"not_picked":["champ:BerserkersShout","champ:PreciseThrust","champ:Circumvent"],"picked":"SKIP","floor":14},{"not_picked":["champ:FocusedDefense","champ:Haymaker"],"picked":"champ:TornadoPunch","floor":15},{"not_picked":["champ:CheapShot","champ:SteelEdge"],"picked":"champ:UltimateStance","floor":16},{"not_picked":["champ:GladiatorStyle+1","champ:BladeFlurry","champ:Backstep"],"picked":"SKIP","floor":19},{"not_picked":["champ:GladiatorStyle+1","champ:BladeFlurry","champ:Backstep"],"picked":"SKIP","floor":19},{"not_picked":["champ:EnGarde","champ:EndlessRage"],"picked":"champ:RageSigil+1","floor":20},{"not_picked":["champ:ShieldWall","champ:Circumvent"],"picked":"champ:FlashCut","floor":21},{"not_picked":["champ:EnchantSword","champ:SkillfulDodge+1"],"picked":"champ:GutPunch+1","floor":22},{"not_picked":["champ:CrownThrow","champ:BladeFlurry"],"picked":"champ:GutPunch+1","floor":25},{"not_picked":["champ:AdrenalArmor","champ:Backstep","champ:FlashCut"],"picked":"SKIP","floor":26},{"not_picked":["champ:EnGarde","champ:FanOfKnives","champ:RisingSlash"],"picked":"SKIP","floor":28},{"not_picked":["champ:Haymaker","champ:FocusedDefense","champ:CrookedStrike"],"picked":"SKIP","floor":32},{"not_picked":["champ:EnchantShield","champ:TripleStrike"],"picked":"champ:HoldFirm","floor":33},{"not_picked":["champ:FalseCounter","champ:TornadoPunch"],"picked":"champ:FanOfKnives+1","floor":36},{"not_picked":["champ:AdrenalArmor","champ:FancyFootwork"],"picked":"champ:Circumvent+1","floor":37},{"not_picked":["champ:PerfectedStrike+1","champ:FalseCounter+1"],"picked":"champ:ShieldWall","floor":38},{"not_picked":["champ:ShieldSigil","champ:Endure","champ:SetATrap"],"picked":"SKIP","floor":39},{"not_picked":["champ:RapidStrikes","champ:FancyFootwork"],"picked":"champ:AdrenalArmor+1","floor":40},{"not_picked":["champ:Encircle+1","champ:BerserkerStyle"],"picked":"champ:PreciseThrust+1","floor":42},{"not_picked":["champ:TornadoPunch+1","champ:DeathBlow","champ:FancyFootwork"],"picked":"SKIP","floor":43},{"not_picked":["champ:EnGarde+1","champ:StrikeOfGenius"],"picked":"champ:FaceSlap","floor":46},{"not_picked":["champ:GladiatorStyle","champ:FancyFootwork+1"],"picked":"champ:HeartStrike","floor":49},{"not_picked":["champ:AdrenalArmor+1","champ:ArenaPreparation+1"],"picked":"champ:Duel+1","floor":52}],"player_experience":802274,"relics_obtained":[{"floor":6,"key":"Divine Protection"},{"floor":8,"key":"bronze:DecasWashers"},{"floor":12,"key":"sneckomod:BlankCard"},{"floor":24,"key":"Orichalcum"},{"floor":25,"key":"Matryoshka"},{"floor":28,"key":"Bag of Preparation"},{"floor":31,"key":"Red Mask"},{"floor":37,"key":"Lantern"},{"floor":41,"key":"Ancient Tea Set"},{"floor":41,"key":"Bottled Lightning"},{"floor":42,"key":"PreservedInsect"},{"floor":52,"key":"ReplayFunnel"}],"event_choices":[{"damage_healed":0,"gold_gain":0,"player_choice":"Success","damage_taken":3,"relics_obtained":["Onion Ring"],"max_hp_gain":0,"max_hp_loss":0,"event_name":"Scrap Ooze","floor":10,"gold_loss":0},{"damage_healed":0,"gold_gain":0,"player_choice":"Ignored","damage_taken":0,"max_hp_gain":0,"max_hp_loss":0,"event_name":"Ghosts","floor":30,"gold_loss":0},{"damage_healed":0,"gold_gain":0,"player_choice":"Fought Bandits","damage_taken":0,"max_hp_gain":0,"max_hp_loss":0,"event_name":"Masked Bandits","floor":31,"gold_loss":0}],"is_beta":false,"boss_relics":[{"not_picked":["Calling Bell","Runic Pyramid"],"picked":"Replay:Wanted Poster"},{"not_picked":["Sozu","Kintsugi"],"picked":"Painkiller Herb"}],"items_purged_floors":[14,21,39],"is_endless":false,"potions_floor_spawned":[3,8,12,16,19,20,25,28,31,36,43,46,49],"killed_by":"downfall:NeowBossFinal","ascension_level":3}}