{"host":"k2mw1od0xoi9pcfj","time":1612374649,"event":{"mods":["AchievementEnabler","Act Like it!","Aspiration","BaseMod","Beaked The Cultist","Downfall","Energized Spire","Highlight Path","Minty Spire (QoL Compilation)","Permanent Neow","Relic Stats","Reliquary","Replay The Spire","Retaliation","Robot Space Explorer","StSLib"],"gold_per_floor":[118,131,131,131,147,178,178,195,221,221,221,221,221,236,236,236,236],"floor_reached":16,"language":"ENG","playtime":498,"items_purged":[],"score":100,"play_id":"c9be86ad-6da0-4b11-96f5-92a6af12f62e","local_time":"20210203115049","is_ascension_mode":false,"campfire_choices":[{"floor":7,"key":"REST"},{"floor":12,"key":"REST"},{"floor":15,"key":"RECALL"}],"circlet_count":0,"master_deck":["Strike_B","Strike_B","Strike_B","Defend_B","Defend_B","Defend_B","Defend_B","Zap","Creative AI","Feel No Pain","Beam Cell","Gash","FIFO Queue","Turbo"],"relics":["Cracked Core","aspiration:Nostalgia","m_DevilBlood","Juzu Bracelet","MealTicket","Golden Idol"],"acts_visited":["Exordium"],"potions_floor_usage":[14,16],"damage_taken":[{"damage":1,"enemies":"Cultist","floor":1,"turns":4},{"damage":6,"enemies":"Jaw Worm","floor":2,"turns":4},{"damage":6,"enemies":"Small Slimes","floor":5,"turns":8},{"damage":49,"enemies":"Lagavulin","floor":6,"turns":9},{"damage":11,"enemies":"Red Slaver","floor":8,"turns":5},{"damage":19,"enemies":"Looter","floor":14,"turns":4},{"damage":30,"enemies":"Slime Boss","floor":16,"turns":3}],"seed_played":"5902442832530445936","potions_obtained":[{"floor":1,"key":"Slimebound:ThreeZeroPotion"},{"floor":8,"key":"AttackPotion"},{"floor":14,"key":"SteroidPotion"}],"is_trial":false,"path_per_floor":["M","M","$","?","M","E","R","M","T","?","?","R","?","M","R","B"],"character_chosen":"DEFECT","items_purchased":[],"campfire_rested":2,"item_purchase_floors":[],"current_hp_per_floor":[74,68,68,68,62,13,35,24,24,24,6,28,28,9,9,0,0],"gold":236,"neow_bonus":"NOSTALGIA","is_daily":false,"chose_seed":false,"campfire_upgraded":0,"win_rate":0.0,"timestamp":1612374649,"path_taken":["M","M","?","?","?","E","R","M","T","?","?","R","?","M","R","BOSS"],"items_purchased_type":[],"build_version":"2020-12-22","purchased_purges":0,"victory":false,"max_hp_per_floor":[75,75,75,75,75,75,75,75,75,75,75,75,75,75,75,75,75],"relic_stats":{"counters":[7,36],"Golden Idol":3,"MealTicket":0,"Juzu Bracelet":1,"obtain_stats":[{"aspiration:Nostalgia":0,"Golden Idol":11,"m_DevilBlood":0,"MealTicket":9,"Juzu Bracelet":6,"Cracked Core":0},{"aspiration:Nostalgia":0,"Golden Idol":5,"m_DevilBlood":0,"MealTicket":5,"Juzu Bracelet":4,"Cracked Core":0},{"aspiration:Nostalgia":0,"Golden Idol":29,"m_DevilBlood":0,"MealTicket":29,"Juzu Bracelet":24,"Cracked Core":0}]},"card_choices":[{"not_picked":["Undo","Ball Lightning","Coolheaded"],"picked":"SKIP","floor":1},{"not_picked":["ReplayGash","Rebound"],"picked":"Creative AI","floor":2},{"not_picked":["Hello World","Carnage"],"picked":"Beam Cell","floor":5},{"not_picked":["BasicCrystalCard","Searing Blow"],"picked":"Gash","floor":6},{"not_picked":["ReplayTheSpireMod:GoodbyeWorld","Barrage"],"picked":"FIFO Queue","floor":8},{"not_picked":["Glacier","Coolheaded"],"picked":"Turbo","floor":14}],"player_experience":742934,"relics_obtained":[{"floor":6,"key":"Juzu Bracelet"},{"floor":9,"key":"MealTicket"}],"event_choices":[{"damage_healed":0,"gold_gain":0,"cards_transformed":["Dualcast"],"player_choice":"Transformed","damage_taken":0,"max_hp_gain":0,"max_hp_loss":0,"event_name":"Transmorgrifier","floor":4,"gold_loss":0,"cards_obtained":["Feel No Pain"]},{"damage_healed":0,"gold_gain":0,"player_choice":"Ignored","damage_taken":0,"max_hp_gain":0,"max_hp_loss":0,"event_name":"NoteForYourself","floor":10,"gold_loss":0},{"damage_healed":0,"gold_gain":0,"player_choice":"Take Damage","damage_taken":18,"relics_obtained":["Golden Idol"],"max_hp_gain":0,"max_hp_loss":0,"event_name":"Golden Idol","floor":11,"gold_loss":0},{"cards_removed":["Strike_B"],"damage_healed":0,"gold_gain":0,"player_choice":"Purged","damage_taken":0,"max_hp_gain":0,"max_hp_loss":0,"event_name":"Purifier","floor":13,"gold_loss":0}],"is_beta":false,"boss_relics":[],"items_purged_floors":[],"is_endless":false,"potions_floor_spawned":[1,8,14],"killed_by":"Slime Boss","ascension_level":0}}