{"host":"rtrm1sjndjmdxdc6","time":1612388162,"event":{"mods":["2.2 Compatiblity","AchievementEnabler","Act Like it!","BaseMod","Better Match","Better Note","Better Third Choice","Better Vampires","BetterRewards","Colored Map","Colored Powertips","Conspire","Gensokyo","HololiveMod","Marisa（F雨　魔理沙）","Minty Spire (QoL Compilation)","Permanent Neow","Rare Cards Sparkle","Reimu（博丽灵梦）","Remilia（蕾米莉亚）","Replay The Spire","RumiaBox-露米娅的神秘盒子","Shop Mod","StSLib","The Bug Knight","The Jungle","Unceasing Turn Reminder","【功能Mod】混沌之环修复补丁","【功能Mod】聪明的最终Boss","篝火指南"],"gold_per_floor":[209,134,94,108,0,0,10,30,84,84,101,101,101,101,1,1,1,1,1],"floor_reached":18,"language":"ZHS","playtime":737,"items_purged":["Strike_G","Strike_G"],"score":115,"play_id":"491bea83-d904-4308-bb06-c99236409afb","local_time":"20210204053602","is_ascension_mode":true,"campfire_choices":[{"floor":6.0,"key":"RECALL"},{"data":"Enlightenment","floor":10,"key":"SMITH"},{"floor":14,"key":"REST"},{"data":"Neutralize","floor":17,"key":"SMITH"}],"circlet_count":0,"master_deck":["Strike_G","Strike_G","Strike_G","Defend_G","Defend_G","Defend_G","Defend_G","Defend_G","Survivor","Neutralize+1","Backflip","Outmaneuver","Enlightenment+1","Sucker Punch"],"relics":["Ring of the Snake","AddBug","SecretRecord","SecretRecord"],"acts_visited":["Exordium"],"potions_floor_usage":[18],"damage_taken":[{"damage":2.0,"enemies":"2 Louse","floor":1.0,"turns":3.0},{"damage":8.0,"enemies":"Jaw Worm","floor":4.0,"turns":5.0},{"damage":1.0,"enemies":"Small Slimes","floor":7.0,"turns":5.0},{"damage":12.0,"enemies":"2 Fungi Beasts","floor":8.0,"turns":5.0},{"damage":16,"enemies":"Exordium Thugs","floor":11,"turns":9},{"damage":62,"enemies":"The Guardian","floor":18,"turns":19}],"seed_played":"-2727712488071866365","potions_obtained":[{"floor":1.0,"key":"Death Potion"},{"floor":8.0,"key":"AttackPotion"}],"is_trial":false,"path_per_floor":["M","$","?","M","?","R","M","M","T","R","M","PTL","PTL","R","$","$","R","B"],"character_chosen":"THE_SILENT","items_purchased":[],"campfire_rested":1,"item_purchase_floors":[],"current_hp_per_floor":[68,68,68,60,66,66,65,53,53,53,37,37,37,59,59,59,59,0,0],"gold":1,"neow_bonus":"HUNDRED_GOLD","is_daily":false,"chose_seed":false,"campfire_upgraded":2,"win_rate":0.0,"timestamp":1612388162,"path_taken":["M","$","?","M","?","R","M","M","T","R","M","PTL","PTL","R","?","$","R","BOSS"],"items_purchased_type":[],"build_version":"2020-12-22","purchased_purges":2,"victory":false,"max_hp_per_floor":[70,70,70,70,76,76,76,76,76,76,76,76,76,76,76,76,76,76,76],"card_choices":[{"not_picked":["Terror","Dagger Spray"],"picked":"Backflip","floor":1.0},{"not_picked":["Deflect","Quick Slash"],"picked":"Outmaneuver","floor":4.0},{"not_picked":["Dagger Throw","Outmaneuver"],"picked":"Sucker Punch","floor":7.0},{"not_picked":["ReplayTheSpireMod:Necrosis","Dodge and Roll","Hidden Blade"],"picked":"SKIP","floor":8.0},{"not_picked":["Finisher","Sucker Punch","Terror"],"picked":"SKIP","floor":11}],"player_experience":120527,"relics_obtained":[{"floor":1.0,"key":"AddBug"},{"floor":8.0,"key":"SecretRecord"}],"event_choices":[{"damage_healed":0.0,"max_hp_gain":0.0,"max_hp_loss":0.0,"gold_gain":0.0,"event_name":"yidonshenshe","player_choice":"塞钱","floor":3.0,"gold_loss":40.0,"damage_taken":0.0,"relics_obtained":["PaintedHorse:ReiMu"]},{"damage_healed":0.0,"max_hp_gain":0.0,"max_hp_loss":0.0,"gold_gain":0.0,"event_name":"betterThird:BetterSerpent","player_choice":"RENOUNCE","floor":5.0,"gold_loss":108.0,"damage_taken":108.0,"cards_obtained":["Enlightenment"]}],"is_beta":false,"boss_relics":[],"items_purged_floors":[2,15],"is_endless":false,"potions_floor_spawned":[1,8],"killed_by":"The Guardian","ascension_level":3}}