{"host":"kn32u0f2pym5bozc","time":1612321815,"event":{"mods":["2.2 Compatiblity","BaseMod","Better Third Choice","Minty Spire (QoL Compilation)","Permanent Neow","Relic Stats","StSLib","The Animator"],"gold_per_floor":[124,49,64,82,82,82,108,120,173,173,190,222,41,58,58,135,135,35,52,52,70,70,70,70,70],"floor_reached":24,"language":"ENG","playtime":1790,"items_purged":["animator:Strike"],"score":391,"play_id":"25d106ec-b8ce-428c-9d7c-d45c3e0bfcfc","local_time":"20210202221015","is_ascension_mode":true,"campfire_choices":[{"data":"animator:Shiro","floor":6,"key":"SMITH"},{"data":"animator:Vanir","floor":10,"key":"SMITH"},{"data":"animator:Aqua","floor":15,"key":"SMITH"},{"data":"animator:LeleiLaLalena","floor":23,"key":"SMITH"}],"circlet_count":0,"master_deck":["AscendersBane","animator:Strike_Konosuba","animator:Defend_Konosuba","animator:Defend","animator:Kazuma","animator:Aqua+1","animator:Shiro+1","animator:Mitsurugi","animator:Shinoa","animator:KrulTepes+1","animator:Vanir+1","animator:Cocytus","animator:Shuna","animator:LeleiLaLalena+1","animator:Elsword","animator:Eve","animator:Vesta","animator:Gillette","animator:Bozes","animator:Fredrika","animator:Urushihara","animator:RinTohsaka"],"relics":["animator:LivingPicture","animator:TheMissingPiece","animator:PurgingStone","Blood Vial","Strawberry","Happy Flower","Blood Vial","Peace Pipe","Empty Cage"],"acts_visited":["Exordium","TheCity"],"potions_floor_usage":[7,16],"damage_taken":[{"damage":5,"enemies":"Small Slimes","floor":1,"turns":6},{"damage":0,"enemies":"Cultist","floor":3,"turns":5},{"damage":10,"enemies":"Jaw Worm","floor":4,"turns":5},{"damage":13,"enemies":"3 Sentries","floor":7,"turns":15},{"damage":0,"enemies":"Blue Slaver","floor":8,"turns":4},{"damage":6,"enemies":"3 Louse","floor":11,"turns":3},{"damage":10,"enemies":"Lagavulin","floor":12,"turns":6},{"damage":9,"enemies":"Red Slaver","floor":14,"turns":3},{"damage":14,"enemies":"The Guardian","floor":16,"turns":11},{"damage":20,"enemies":"2 Thieves","floor":18,"turns":5},{"damage":7,"enemies":"Shell Parasite","floor":19,"turns":8},{"damage":18,"enemies":"Snecko","floor":21,"turns":7},{"damage":39,"enemies":"Book of Stabbing","floor":24,"turns":6}],"seed_played":"9073508641972267486","potions_obtained":[{"floor":3,"key":"LiquidBronze"},{"floor":4,"key":"animator:FalseLifePotion"},{"floor":11,"key":"SmokeBomb"},{"floor":14,"key":"Energy Potion"},{"floor":19,"key":"EssenceOfSteel"},{"floor":21,"key":"CultistPotion"}],"is_trial":false,"path_per_floor":["M","?","M","M","?","R","E","M","T","R","M","E","$","M","R","B",null,"M","M","?","M","?","R","E"],"character_chosen":"THE_ANIMATOR","items_purchased":["animator:IchigoKurosaki"],"campfire_rested":0,"item_purchase_floors":[13],"current_hp_per_floor":[36,36,38,30,30,30,27,31,31,31,29,23,23,20,20,13,54,41,41,41,30,30,30,0,0],"gold":70,"neow_bonus":"THREE_RARE_CARDS","is_daily":false,"chose_seed":false,"campfire_upgraded":4,"win_rate":0.0,"timestamp":1612321815,"path_taken":["M","?","M","M","?","R","E","M","T","R","M","E","$","M","R","BOSS","M","?","?","M","?","R","E"],"items_purchased_type":["Card"],"build_version":"2020-12-22","purchased_purges":1,"victory":false,"max_hp_per_floor":[60,60,60,60,60,60,68,68,68,68,68,68,68,68,68,68,68,68,68,68,68,68,68,68,68],"relic_stats":{"Blood Vial":30,"Peace Pipe":0,"Happy Flower":[16],"counters":[13,84],"obtain_stats":[{"Blood Vial":7,"Peace Pipe":12,"animator:PurgingStone":0,"Happy Flower":9,"animator:TheMissingPiece":0,"Strawberry":7,"animator:LivingPicture":0,"Empty Cage":17},{"Blood Vial":4,"Peace Pipe":7,"animator:PurgingStone":0,"Happy Flower":5,"animator:TheMissingPiece":0,"Strawberry":4,"animator:LivingPicture":0,"Empty Cage":9},{"Blood Vial":31,"Peace Pipe":44,"animator:PurgingStone":0,"Happy Flower":35,"animator:TheMissingPiece":0,"Strawberry":31,"animator:LivingPicture":0,"Empty Cage":58}]},"card_choices":[{"not_picked":["animator:ItamiYouji","animator:Ainz"],"picked":"animator:Shiro","floor":0},{"not_picked":["animator:DwarfShaman","animator:DolaStephanie"],"picked":"animator:Mitsurugi","floor":1},{"not_picked":["animator:Mitsurugi","animator:WinryRockbell"],"picked":"animator:Shinoa","floor":3},{"not_picked":["animator:NarberalGamma","animator:Azekura"],"picked":"animator:KrulTepes","floor":4},{"not_picked":["animator:Chris","animator:Aqua"],"picked":"animator:Vanir","floor":7},{"not_picked":["animator:Tatsumaki","animator:Spearman"],"picked":"animator:Cocytus","floor":8},{"not_picked":["animator:Demiurge","animator:YuiTsuruno"],"picked":"animator:Shuna","floor":11},{"not_picked":["animator:ElricEdward","animator:Benimaru"],"picked":"animator:LeleiLaLalena","floor":12},{"not_picked":["animator:Ciel","animator:Lu"],"picked":"animator:Elsword","floor":14},{"not_picked":["animator:ChaikaTrabant","animator:Elesis"],"picked":"animator:Eve","floor":16},{"not_picked":["animator:YuiTsuruno","animator:MumenRider"],"picked":"animator:Vesta","floor":18},{"not_picked":["animator:Emonzaemon","animator:Azekura+1"],"picked":"animator:Gillette","floor":19},{"not_picked":["animator:TukaLunaMarceau","animator:WinryRockbell"],"picked":"animator:Fredrika","floor":21}],"player_experience":893900,"relics_obtained":[{"floor":7,"key":"Blood Vial"},{"floor":7,"key":"Strawberry"},{"floor":9,"key":"Happy Flower"},{"floor":12,"key":"Blood Vial"},{"floor":12,"key":"Peace Pipe"}],"event_choices":[{"cards_removed":["animator:Strike"],"damage_healed":0,"gold_gain":0,"player_choice":"Card Removal","damage_taken":0,"max_hp_gain":0,"max_hp_loss":0,"event_name":"The Cleric","floor":2,"gold_loss":75},{"damage_healed":0,"gold_gain":0,"player_choice":"Forge","damage_taken":0,"max_hp_gain":0,"max_hp_loss":0,"event_name":"Accursed Blacksmith","floor":5,"gold_loss":0,"cards_upgraded":["animator:KrulTepes"]},{"damage_healed":0,"gold_gain":0,"player_choice":"Read","damage_taken":0,"max_hp_gain":0,"max_hp_loss":0,"event_name":"The Library","floor":20,"gold_loss":0,"cards_obtained":["animator:Bozes"]},{"damage_healed":0,"gold_gain":0,"cards_transformed":["animator:IchigoKurosaki","animator:Defend"],"player_choice":"Became Test Subject","damage_taken":0,"max_hp_gain":0,"max_hp_loss":0,"event_name":"Drug Dealer","floor":22,"gold_loss":0,"cards_obtained":["animator:Urushihara","animator:RinTohsaka"]}],"is_beta":false,"boss_relics":[{"not_picked":["Coffee Dripper","Ectoplasm"],"picked":"Empty Cage"}],"items_purged_floors":[13],"is_endless":false,"potions_floor_spawned":[3,4,11,14,19,21],"killed_by":"Book of Stabbing","ascension_level":18}}