{"host":"qxeepl7ydvsgmfdb","time":1612365483,"event":{"mods":["AchievementEnabler","BaseMod","Colored Powertips","Minty Spire (QoL Compilation)","Quick Restart","slay the spire mod where everything is the same but ironclad has a cowboy hat"],"gold_per_floor":[115,115,115,115,67,98,98,134,134,134,175,188,211,232,232,232,232],"floor_reached":16,"language":"ENG","playtime":248,"items_purged":[],"score":202,"play_id":"f8673172-4515-4983-947c-23b7e284936c","local_time":"20210203101803","is_ascension_mode":true,"campfire_choices":[{"data":"Zap","floor":7,"key":"SMITH"},{"floor":15,"key":"REST"}],"circlet_count":0,"master_deck":["Strike_B","Strike_B","Strike_B","Defend_B","Defend_B","Defend_B","Defend_B","Zap+1","Dualcast","Ball Lightning","BootSequence","Doom and Gloom","Sweeping Beam","Redo"],"relics":["Cracked Core","NeowsBlessing","Golden Idol","MealTicket","Mummified Hand","Boot","Sundial"],"acts_visited":["Exordium"],"potions_floor_usage":[16,16],"damage_taken":[{"damage":0,"enemies":"Cultist","floor":1,"turns":1},{"damage":0,"enemies":"Lagavulin","floor":6,"turns":1},{"damage":0,"enemies":"Gremlin Nob","floor":8,"turns":1},{"damage":20,"enemies":"Lagavulin","floor":11,"turns":5},{"damage":0,"enemies":"2 Louse","floor":12,"turns":1},{"damage":0,"enemies":"Jaw Worm","floor":13,"turns":2},{"damage":25,"enemies":"Exordium Thugs","floor":14,"turns":4},{"damage":46,"enemies":"Slime Boss","floor":16,"turns":7}],"seed_played":"7797698974235424262","potions_obtained":[{"floor":6,"key":"Regen Potion"},{"floor":11,"key":"Dexterity Potion"},{"floor":12,"key":"ColorlessPotion"}],"is_trial":false,"path_per_floor":["M","?","?","$","$","E","R","E","T","$","E","M","M","M","R","B"],"character_chosen":"DEFECT","items_purchased":["Ball Lightning"],"campfire_rested":1,"item_purchase_floors":[5],"current_hp_per_floor":[75,68,50,50,50,50,50,50,50,65,45,45,45,20,42,1,1],"gold":232,"neow_bonus":"THREE_ENEMY_KILL","is_daily":false,"chose_seed":false,"campfire_upgraded":1,"win_rate":0.0,"timestamp":1612365483,"path_taken":["M","?","?","?","$","E","R","E","T","$","E","M","?","?","R","BOSS"],"items_purchased_type":["Card"],"build_version":"2020-12-22","purchased_purges":0,"victory":false,"max_hp_per_floor":[75,75,75,75,75,75,75,75,75,75,75,75,75,75,75,75,75],"card_choices":[{"not_picked":["Steam","Recycle","Gash"],"picked":"SKIP","floor":1},{"not_picked":["Steam","Recycle"],"picked":"BootSequence","floor":6},{"not_picked":["Self Repair","Biased Cognition"],"picked":"Doom and Gloom","floor":8},{"not_picked":["Consume","Seek"],"picked":"Sweeping Beam","floor":11},{"not_picked":["Stack","Go for the Eyes","Loop"],"picked":"SKIP","floor":12},{"not_picked":["Barrage","Stack"],"picked":"Redo","floor":13},{"not_picked":["Rebound","Steam","Hyperbeam"],"picked":"SKIP","floor":14}],"player_experience":162419,"relics_obtained":[{"floor":6,"key":"MealTicket"},{"floor":8,"key":"Mummified Hand"},{"floor":9,"key":"Boot"},{"floor":11,"key":"Sundial"}],"event_choices":[{"cards_removed":["Strike_B"],"damage_healed":0,"gold_gain":0,"player_choice":"Card Removal","damage_taken":7,"max_hp_gain":0,"max_hp_loss":0,"event_name":"Golden Wing","floor":2,"gold_loss":0},{"damage_healed":0,"gold_gain":0,"player_choice":"Take Damage","damage_taken":18,"relics_obtained":["Golden Idol"],"max_hp_gain":0,"max_hp_loss":0,"event_name":"Golden Idol","floor":3,"gold_loss":0}],"is_beta":false,"boss_relics":[],"items_purged_floors":[],"is_endless":false,"potions_floor_spawned":[6,11,12,14],"killed_by":"Slime Boss","ascension_level":4}}