{"host":"oeh4wb93hhtrshvk","time":1612372414,"event":{"mods":["2.2 Compatiblity","AchievementEnabler","Act Like it!","Aspiration","BaseMod","Better Skull","Better Third Choice","Block Reminder","Card Filter","Colored Powertips","Conspire","Curses Come First","Defuse TimeMaze Blight","Displayed Cursed Tome","Downfall","Energized Spire","GifTheSpireLib","Hermit","Hubris","Infinite Spire","Marisa????????","Minty Spire (QoL Compilation)","Pale of the Ancients","Poor People Problems","Quick Restart","Rare Cards Sparkle","Relic Filter","Reliquary","Replay The Spire","Shop Mod","Spicy Shops","StS++","StSLib","The Blue Laboratory","The Cursed","The Disciple","Transform Curses","Wandering Minibosses","Weighted Paths","Wide Potions"],"gold_per_floor":[116,136,54,1,18,44,44,78,103,22,22,49,81,96,96,200,200,210,210,228,246,246,246,246,246],"floor_reached":24,"language":"FRA","playtime":1278,"items_purged":[],"score":224,"play_id":"4b13b612-70de-4324-95b4-cb86f07cd98c","local_time":"20210203181334","daily_mods":["Heirloom","DeadlyEvents"],"is_ascension_mode":false,"campfire_choices":[{"data":"Electrodynamics","floor":7,"key":"SMITH"},{"data":"StSpp:Pointer","floor":11,"key":"SMITH"},{"floor":15,"key":"REST"},{"floor":23,"key":"REST"}],"circlet_count":0,"master_deck":["Strike_B","Strike_B","Strike_B","Strike_B","Defend_B","Defend_B","Defend_B","Defend_B","Zap+1","Dualcast","Cold Snap","StSpp:Pointer+1","StSpp:Resilience","Storm","Electrodynamics+1","Redo","Capacitor","hubris:DoWhile","Gash","Amplify","Storm","Fission","Redo+1","Machine Learning","StSpp:TargetLocked","LuminesStrike+1"],"relics":["Cracked Core","Guardian:GemstoneGun","Pen Nib","hexamod:BolsterEngine","infinitespire:Beetle Shell","Prayer Wheel","Anchor","aspiration:MarisaSkillbook","hubris:EvacipatedBox","hubris:FruitBowl"],"acts_visited":["Exordium","TheCity"],"potions_floor_usage":[6,6,13,16,24,24],"damage_taken":[{"damage":1,"enemies":"Cultist","floor":1,"turns":3},{"damage":0,"enemies":"2 Louse","floor":2,"turns":2},{"damage":1,"enemies":"Jaw Worm","floor":5,"turns":7},{"damage":4,"enemies":"3 Sentries","floor":6,"turns":6},{"damage":12,"enemies":"Gremlin Nob","floor":8,"turns":4},{"damage":19,"enemies":"Lagavulin","floor":12,"turns":5},{"damage":20,"enemies":"Gremlin Nob","floor":13,"turns":4},{"damage":3,"enemies":"Looter","floor":14,"turns":3},{"damage":27,"enemies":"Fading Forest","floor":16,"turns":11},{"damage":15,"enemies":"2 Thieves","floor":18,"turns":3},{"damage":0,"enemies":"3 Byrds","floor":20,"turns":1},{"damage":11,"enemies":"3 Cultists","floor":21,"turns":4},{"damage":40,"enemies":"Nightmare","floor":24,"turns":5}],"seed_played":"-5438370038515236774","potions_obtained":[{"floor":1,"key":"blueLaboratory:BottleOfRum"},{"floor":2,"key":"SteroidPotion"},{"floor":8,"key":"Flashbang"},{"floor":13,"key":"Regen Potion"},{"floor":20,"key":"blueLaboratory:PolymorphPotion"},{"floor":21,"key":"blueLaboratory:BiasPotion"}],"is_trial":true,"path_per_floor":["M","M","$","?","M","E","R","E","T","$","R","E","E","M","R","B",null,"M","?","M","M","$","R","NM"],"character_chosen":"DEFECT","items_purchased":["StSpp:Resilience","Capacitor","hubris:EvacipatedBox","hubris:FruitBowl"],"campfire_rested":2,"item_purchase_floors":[3,10,22,22],"current_hp_per_floor":[74,74,74,74,73,69,69,57,57,57,57,38,18,15,37,66,75,60,60,60,49,11,33,0,0],"gold":246,"neow_bonus":"","is_daily":false,"chose_seed":false,"campfire_upgraded":2,"win_rate":0.0,"timestamp":1612372414,"path_taken":["M","M","$","?","?","E","R","E","T","?","R","E","?","M","R","BOSS","M","?","?","M","?","R","NM"],"items_purchased_type":["Card","Card","Relic","Relic"],"build_version":"2020-12-22","purchased_purges":0,"victory":false,"max_hp_per_floor":[75,75,75,75,75,75,75,75,75,75,75,75,75,75,75,75,75,75,75,75,75,75,75,75,75],"card_choices":[{"not_picked":["Steam","Defragment"],"picked":"Cold Snap","floor":1},{"not_picked":["Cold Snap","Barrage"],"picked":"StSpp:Pointer","floor":2},{"not_picked":["Leap","Barrage"],"picked":"Storm","floor":5},{"not_picked":["Sweeping Beam","Streamline"],"picked":"Electrodynamics","floor":6},{"not_picked":["Barrage","Conserve Battery"],"picked":"Redo","floor":8},{"not_picked":["Beam Cell","Hologram"],"picked":"hubris:DoWhile","floor":12},{"not_picked":["Streamline","Turbo"],"picked":"Gash","floor":13},{"not_picked":["Streamline","hubris:PowerSurge"],"picked":"Amplify","floor":14},{"not_picked":["Scrape","Auto Shields"],"picked":"Storm","floor":14},{"not_picked":["hubris:SpecializedCircuitry","StSpp:MemoryLeak"],"picked":"Fission","floor":16},{"not_picked":["LuminesStrike","PowerUp","Hello World","NonDirectionalLaser"],"picked":"SKIP","floor":18},{"not_picked":["EventHorizon","Acceleration+1","Compile Driver","Hologram"],"picked":"SKIP","floor":18},{"not_picked":["Leap","DarkMatter","DoubleSpark"],"picked":"Redo+1","floor":20},{"not_picked":["MachineGunSpark","WitchOfGreed","Beam Cell+1"],"picked":"Machine Learning","floor":20},{"not_picked":["WitchOfGreed+1","UnstableBomb+1","ShootingEcho"],"picked":"StSpp:TargetLocked","floor":21},{"not_picked":["AsteroidBelt","Turbo","OpenUniverse"],"picked":"LuminesStrike+1","floor":21}],"player_experience":658818,"relics_obtained":[{"floor":6,"key":"Pen Nib"},{"floor":8,"key":"hexamod:BolsterEngine"},{"floor":9,"key":"infinitespire:Beetle Shell"},{"floor":12,"key":"Prayer Wheel"},{"floor":13,"key":"Anchor"}],"event_choices":[{"damage_healed":0,"gold_gain":0,"player_choice":"Paid Gold","damage_taken":0,"relics_obtained":["infinitespire:WardingShard"],"max_hp_gain":0,"max_hp_loss":0,"event_name":"WeMeetAgain","floor":4,"gold_loss":53}],"is_beta":false,"boss_relics":[{"not_picked":["Ectoplasm","energizedSpire:DeadBattery"],"picked":"aspiration:MarisaSkillbook"}],"items_purged_floors":[],"is_endless":false,"potions_floor_spawned":[1,2,8,13,20,21],"killed_by":"Nightmare","ascension_level":0}}