{"host":"r4aerl4ckfvw1dw3","time":1612332392,"event":{"mods":["BaseMod","BetterRewards","Minty Spire (QoL Compilation)","Quick Restart","StSLib"],"gold_per_floor":[116,130,147,157,19,19,52,72,72,72,72,105,128,128,128,230,230,244,244,244],"floor_reached":19,"language":"ENG","playtime":666,"items_purged":[],"score":212,"play_id":"1f3c0bfb-ede9-4fcd-a70c-48240e947010","local_time":"20210202220632","is_ascension_mode":true,"campfire_choices":[{"data":"Body Slam","floor":6,"key":"SMITH"},{"floor":10,"key":"RECALL"},{"floor":15,"key":"REST"}],"circlet_count":0,"master_deck":["Strike_R","Strike_R","Strike_R","Strike_R","Strike_R","Defend_R","Defend_R","Defend_R","Defend_R","Bash","Thunderclap","Cleave","Body Slam+1","Inflame","Rampage","Offering","Thunderclap","Bloodletting","Warcry","Demon Form","Infernal Blade"],"relics":["Burning Blood","NeowsBlessing","Blue Candle","PreservedInsect","Question Card","Odd Mushroom","SlaversCollar"],"acts_visited":["Exordium","TheCity"],"potions_floor_usage":[4,8,12,16,16],"damage_taken":[{"damage":0,"enemies":"Cultist","floor":1,"turns":1},{"damage":0,"enemies":"2 Louse","floor":2,"turns":2},{"damage":0,"enemies":"Small Slimes","floor":3,"turns":1},{"damage":12,"enemies":"Looter","floor":4,"turns":3},{"damage":20,"enemies":"Gremlin Nob","floor":7,"turns":4},{"damage":0,"enemies":"Lots of Slimes","floor":8,"turns":1},{"damage":7,"enemies":"3 Sentries","floor":12,"turns":4},{"damage":18,"enemies":"The Mushroom Lair","floor":13,"turns":2},{"damage":70,"enemies":"The Guardian","floor":16,"turns":12},{"damage":53,"enemies":"Shell Parasite","floor":18,"turns":6},{"damage":28,"enemies":"Spheric Guardian","floor":19,"turns":5}],"seed_played":"1197353213996474192","potions_obtained":[{"floor":2,"key":"EntropicBrew"},{"floor":13,"key":"PowerPotion"},{"floor":16,"key":"ElixirPotion"}],"is_trial":false,"path_per_floor":["M","M","M","M","$","R","E","M","T","R","?","E","?","?","R","B",null,"M","M"],"character_chosen":"IRONCLAD","items_purchased":["Rampage","BloodPotion","Fire Potion"],"campfire_rested":1,"item_purchase_floors":[5,5,5],"current_hp_per_floor":[80,80,80,74,74,74,60,66,66,66,66,65,53,53,77,29,80,33,5,5],"gold":244,"neow_bonus":"THREE_ENEMY_KILL","is_daily":false,"chose_seed":false,"campfire_upgraded":1,"win_rate":0.0,"timestamp":1612332392,"path_taken":["M","?","M","M","$","R","E","M","T","R","?","E","?","?","R","BOSS","M","M"],"items_purchased_type":["Card","Potion","Potion"],"build_version":"2020-12-22","purchased_purges":0,"victory":false,"max_hp_per_floor":[80,80,80,80,80,80,80,80,80,80,80,80,80,80,80,80,80,80,80,80],"card_choices":[{"not_picked":["Heavy Blade","Warcry"],"picked":"Thunderclap","floor":1},{"not_picked":["Dropkick","Sever Soul"],"picked":"Cleave","floor":2},{"not_picked":["Twin Strike","Thunderclap"],"picked":"Body Slam","floor":3},{"not_picked":["Warcry","Havoc"],"picked":"Inflame","floor":4},{"not_picked":["Dropkick","Perfected Strike"],"picked":"Offering","floor":7},{"not_picked":["Pommel Strike","Dual Wield"],"picked":"Thunderclap","floor":8},{"not_picked":["Pommel Strike","True Grit"],"picked":"Bloodletting","floor":12},{"not_picked":["Burning Pact","Havoc","Clash"],"picked":"Warcry","floor":13},{"not_picked":["Juggernaut","Barricade","Brutality"],"picked":"Demon Form","floor":16},{"not_picked":["Searing Blow","Body Slam+1","Iron Wave"],"picked":"Infernal Blade","floor":18}],"player_experience":469086,"relics_obtained":[{"floor":7,"key":"Blue Candle"},{"floor":12,"key":"Question Card"},{"floor":13,"key":"Odd Mushroom"}],"event_choices":[{"damage_healed":0,"gold_gain":0,"player_choice":"Box","damage_taken":0,"relics_obtained":["PreservedInsect"],"max_hp_gain":0,"max_hp_loss":0,"event_name":"Big Fish","floor":11,"gold_loss":0,"cards_obtained":["Regret"]},{"damage_healed":0,"gold_gain":0,"player_choice":"Fought Mushrooms","damage_taken":0,"max_hp_gain":0,"max_hp_loss":0,"event_name":"Mushrooms","floor":13,"gold_loss":0},{"cards_removed":["Regret"],"damage_healed":0,"gold_gain":0,"player_choice":"Removed Curses","damage_taken":0,"max_hp_gain":0,"max_hp_loss":0,"event_name":"Fountain of Cleansing","floor":14,"gold_loss":0}],"is_beta":false,"boss_relics":[{"not_picked":["Velvet Choker","Snecko Eye"],"picked":"SlaversCollar"}],"items_purged_floors":[],"is_endless":false,"potions_floor_spawned":[2,7,13,16],"killed_by":"Spheric Guardian","ascension_level":4}}