{"host":"4qkvkh7pd9qr2mca","time":1612396566,"event":{"mods":["AchievementEnabler","Act Like it!","BaseMod","Colored Map","Colored Powertips","Highlight Path","Minty Spire (QoL Compilation)","Pale of the Ancients","Permanent Neow","Quick Restart","Relic Stats","StSLib","SuperFastMode"],"gold_per_floor":[112,125,136,148,165,195,195,205,228,27,38,3,3,31,31,105,105,119,132,143,8,8,8,37,64,64,105,134,178,205,226,226,309,309,338,361,361,383,383,383,414,434,488,522,522,147,147,168,168,168,168],"floor_reached":50,"language":"ENG","playtime":3551,"items_purged":["Strike_G","Strike_G"],"score":1281,"play_id":"083c48cd-8f1b-422c-ac3c-fa2bb9ab5ae6","local_time":"20210204005606","is_ascension_mode":true,"campfire_choices":[{"floor":7.0,"key":"REST"},{"data":"Venomology","floor":13.0,"key":"SMITH"},{"data":"Footwork","floor":15.0,"key":"SMITH"},{"floor":23,"key":"REST"},{"floor":32,"key":"REST"},{"data":"Tools of the Trade","floor":40,"key":"SMITH"},{"data":"Strike_G","floor":45,"key":"PURGE"},{"data":"Strike_G","floor":47,"key":"PURGE"},{"floor":49,"key":"REST"}],"circlet_count":0,"master_deck":["AscendersBane","Defend_G","Defend_G","Defend_G","Defend_G","Survivor","Neutralize","Dagger Throw","Blade Dance","Finisher","Leg Sweep","PiercingWail","Venomology+1","Blade Dance","Escape Plan","Footwork+1","Noxious Fumes","Venomology","CurseOfTheBell","Flying Knee+1","Endless Agony","PiercingWail","Escape Plan","Ghostly","Ghostly","Ghostly","Tools of the Trade+1","Prepared+1","Deflect","Accuracy","Accuracy","Adrenaline","Endless Agony+1","Cloak And Dagger+1","Caltrops","Well Laid Plans","Malaise"],"relics":["Ring of the Snake","Calipers","Pen Nib","MealTicket","Smiling Mask","Calling Bell","Boot","Shuriken","Turnip","Nilry\u0027s Codex","CeramicFish","Peace Pipe","Orichalcum","Tiny Chest","HoveringKite","Unceasing Top","Strawberry","Meat on the Bone","TwistedFunnel"],"acts_visited":["Exordium","TheCity","TheBeyond"],"potions_floor_usage":[20,20,24,24,24,24,27,28,29,29,29,31,31,33,33,35,35,36,36,38,38,38,39,39,41,41,41,41,44,44,44,46,48,48,50,50,50,50],"damage_taken":[{"damage":7.0,"enemies":"Small Slimes","floor":1.0,"turns":3.0},{"damage":2.0,"enemies":"Jaw Worm","floor":2.0,"turns":3.0},{"damage":0.0,"enemies":"2 Louse","floor":3.0,"turns":2.0},{"damage":1.0,"enemies":"Large Slime","floor":4.0,"turns":7.0},{"damage":1.0,"enemies":"Lots of Slimes","floor":5.0,"turns":3.0},{"damage":13.0,"enemies":"3 Sentries","floor":6.0,"turns":12.0},{"damage":3.0,"enemies":"Exordium Thugs","floor":8.0,"turns":5.0},{"damage":0.0,"enemies":"Looter","floor":11.0,"turns":1.0},{"damage":13.0,"enemies":"Lagavulin","floor":14.0,"turns":7.0},{"damage":6.0,"enemies":"Hexaghost","floor":16.0,"turns":8.0},{"damage":6.0,"enemies":"Spheric Guardian","floor":18.0,"turns":5.0},{"damage":6.0,"enemies":"Chosen","floor":19.0,"turns":4.0},{"damage":11,"enemies":"Shelled Parasite and Fungi","floor":20,"turns":7},{"damage":9,"enemies":"Book of Stabbing","floor":24,"turns":5},{"damage":0,"enemies":"Gremlin Leader","floor":27,"turns":10},{"damage":0,"enemies":"Centurion and Healer","floor":28,"turns":1},{"damage":9,"enemies":"Book of Stabbing","floor":29,"turns":10},{"damage":0,"enemies":"Snake Plant","floor":30,"turns":6},{"damage":4,"enemies":"Sentry and Sphere","floor":31,"turns":6},{"damage":10,"enemies":"Automaton","floor":33,"turns":10},{"damage":0,"enemies":"3 Shapes","floor":35,"turns":6},{"damage":16,"enemies":"Orb Walker","floor":36,"turns":5},{"damage":5,"enemies":"Maw","floor":38,"turns":8},{"damage":0,"enemies":"4 Shapes","floor":39,"turns":2},{"damage":0,"enemies":"Nemesis","floor":41,"turns":6},{"damage":3,"enemies":"Jaw Worm Horde","floor":42,"turns":5},{"damage":20,"enemies":"Giant Head","floor":44,"turns":5},{"damage":0,"enemies":"Maw","floor":48,"turns":8},{"damage":52,"enemies":"Awakened One","floor":50,"turns":9}],"seed_played":"-5501678922448287201","potions_obtained":[{"floor":1.0,"key":"SkillPotion"},{"floor":4.0,"key":"Dexterity Potion"},{"floor":6.0,"key":"SkillPotion"},{"floor":8.0,"key":"PowerPotion"},{"floor":19.0,"key":"Dexterity Potion"},{"floor":27,"key":"SkillPotion"},{"floor":35,"key":"Dexterity Potion"},{"floor":38,"key":"Block Potion"}],"is_trial":false,"path_per_floor":["M","M","M","M","M","E","R","M","T","$","M","?","R","E","R","B",null,"M","M","M","$","?","R","E","?","T","E","M","E","M","M","R","B",null,"M","M","?","M","M","R","E","M","T","E","R","$","R","M","R","B"],"character_chosen":"THE_SILENT","items_purchased":["Footwork","MealTicket","Escape Plan","Fruit Juice","TwistedFunnel","Dexterity Potion"],"campfire_rested":4,"item_purchase_floors":[10,10,21,46,46,46],"current_hp_per_floor":[37,35,35,34,33,20,39,36,36,36,36,52,52,39,39,33,58,52,46,35,50,29,48,39,33,33,33,33,24,24,20,29,19,30,30,14,14,24,24,24,24,21,28,8,8,28,28,28,41,0,0],"gold":168,"neow_bonus":"TRANSFORM_TWO_CARDS","is_daily":false,"chose_seed":false,"campfire_upgraded":3,"win_rate":0.0,"timestamp":1612396566,"path_taken":["M","M","M","M","M","E","R","M","T","$","M","?","R","E","R","BOSS","M","M","M","$","?","R","E","?","T","E","M","E","M","M","R","BOSS","M","M","?","M","M","R","E","M","T","E","R","$","R","M","R","BOSS"],"items_purchased_type":["Card","Relic","Card","Potion","Relic","Potion"],"build_version":"2020-12-22","purchased_purges":2,"victory":false,"max_hp_per_floor":[66,66,66,66,66,66,66,66,66,66,66,66,66,66,66,66,66,66,66,66,66,66,66,66,33,33,33,33,33,33,33,33,33,33,33,33,33,33,33,33,33,33,40,40,40,45,45,45,45,45,45],"relic_stats":{"counters":[29,169],"CeramicFish":126,"HoveringKite":[44],"Pen Nib":[38],"Orichalcum":[162],"Smiling Mask":75,"Boot":[157],"Peace Pipe":2,"Shuriken":[78],"MealTicket":30,"Tiny Chest":0,"Turnip":[27],"obtain_stats":[{"TwistedFunnel":46,"Calipers":6,"Nilry\u0027s Codex":22,"CeramicFish":24,"HoveringKite":34,"Pen Nib":9,"Orichalcum":27,"Smiling Mask":14,"Boot":17,"Calling Bell":17,"Peace Pipe":26,"Shuriken":17,"Strawberry":43,"MealTicket":10,"Tiny Chest":29,"Turnip":17,"Unceasing Top":41,"Ring of the Snake":0,"Meat on the Bone":44},{"TwistedFunnel":27,"Calipers":6,"Nilry\u0027s Codex":13,"CeramicFish":14,"HoveringKite":20,"Pen Nib":7,"Orichalcum":15,"Smiling Mask":9,"Boot":10,"Calling Bell":10,"Peace Pipe":14,"Shuriken":10,"Strawberry":26,"MealTicket":7,"Tiny Chest":17,"Turnip":10,"Unceasing Top":25,"Ring of the Snake":0,"Meat on the Bone":27},{"TwistedFunnel":152,"Calipers":30,"Nilry\u0027s Codex":67,"CeramicFish":72,"HoveringKite":115,"Pen Nib":35,"Orichalcum":82,"Smiling Mask":43,"Boot":51,"Calling Bell":51,"Peace Pipe":72,"Shuriken":51,"Strawberry":147,"MealTicket":35,"Tiny Chest":93,"Turnip":51,"Unceasing Top":142,"Ring of the Snake":0,"Meat on the Bone":152}],"Unceasing Top":[4],"Ring of the Snake":[60],"Meat on the Bone":0},"card_choices":[{"not_picked":["Acrobatics","Dagger Throw"],"picked":"Finisher","floor":1.0},{"not_picked":["Backflip","Outmaneuver"],"picked":"Leg Sweep","floor":2.0},{"not_picked":["Eviscerate","Setup"],"picked":"PiercingWail","floor":3.0},{"not_picked":["Dagger Spray","Bane"],"picked":"Venomology","floor":4.0},{"not_picked":["Underhanded Strike","Heel Hook","Bane"],"picked":"SKIP","floor":5.0},{"not_picked":["Poisoned Stab","Deadly Poison"],"picked":"Blade Dance","floor":6.0},{"not_picked":["Masterful Stab","Sucker Punch"],"picked":"Escape Plan","floor":8.0},{"not_picked":["Expertise","Flechettes"],"picked":"Noxious Fumes","floor":11.0},{"not_picked":["Predator","Bane","Bouncing Flask"],"picked":"SKIP","floor":14.0},{"not_picked":["Tools of the Trade","Grand Finale"],"picked":"Venomology","floor":16.0},{"not_picked":["Prepared","Dagger Throw"],"picked":"Flying Knee+1","floor":18.0},{"not_picked":["Poisoned Stab","Underhanded Strike"],"picked":"Endless Agony","floor":19.0},{"not_picked":["Flying Knee","Tactician"],"picked":"PiercingWail","floor":20},{"not_picked":["Bouncing Flask","Heel Hook","Infinite Blades"],"picked":"SKIP","floor":24},{"not_picked":["Crippling Poison","Prepared"],"picked":"Tools of the Trade","floor":27},{"not_picked":["Poisoned Stab","Sucker Punch"],"picked":"Prepared+1","floor":28},{"not_picked":["Underhanded Strike+1","Leg Sweep"],"picked":"Deflect","floor":29},{"not_picked":["Quick Slash","Envenom"],"picked":"Accuracy","floor":30},{"not_picked":["Expertise","Choke"],"picked":"Accuracy","floor":31},{"not_picked":["Bullet Time","Doppelganger"],"picked":"Adrenaline","floor":33},{"not_picked":["Deadly Poison","Sucker Punch"],"picked":"Endless Agony+1","floor":35},{"not_picked":["Bane","Concentrate"],"picked":"Cloak And Dagger+1","floor":36},{"not_picked":["Escape Plan","Deadly Poison"],"picked":"Caltrops","floor":38},{"not_picked":["Underhanded Strike","Eviscerate","Choke+1"],"picked":"SKIP","floor":41},{"not_picked":["PiercingWail","Deflect"],"picked":"Well Laid Plans","floor":42},{"not_picked":["PiercingWail","Backstab","Slice"],"picked":"SKIP","floor":44},{"not_picked":["Predator","Acrobatics+1"],"picked":"Malaise","floor":48}],"player_experience":621615,"relics_obtained":[{"floor":6.0,"key":"Calipers"},{"floor":9.0,"key":"Pen Nib"},{"floor":14.0,"key":"Smiling Mask"},{"floor":17.0,"key":"Boot"},{"floor":17.0,"key":"Shuriken"},{"floor":17.0,"key":"Turnip"},{"floor":22,"key":"Nilry\u0027s Codex"},{"floor":24,"key":"CeramicFish"},{"floor":26,"key":"Peace Pipe"},{"floor":27,"key":"Orichalcum"},{"floor":29,"key":"Tiny Chest"},{"floor":41,"key":"Unceasing Top"},{"floor":43,"key":"Strawberry"},{"floor":44,"key":"Meat on the Bone"}],"event_choices":[{"damage_healed":16.0,"max_hp_gain":0.0,"max_hp_loss":0.0,"gold_gain":0.0,"event_name":"The Cleric","player_choice":"Healed","floor":12.0,"gold_loss":35.0,"damage_taken":0.0},{"damage_healed":0,"gold_gain":0,"player_choice":"Obtained Book","damage_taken":21,"max_hp_gain":0,"max_hp_loss":0,"event_name":"Cursed Tome","floor":22,"gold_loss":0},{"damage_healed":0,"gold_gain":0,"player_choice":"Became a Ghost","damage_taken":0,"max_hp_gain":0,"max_hp_loss":33,"event_name":"Ghosts","floor":25,"gold_loss":0,"cards_obtained":["Ghostly","Ghostly","Ghostly"]},{"damage_healed":0,"gold_gain":0,"player_choice":"Ignored","damage_taken":0,"max_hp_gain":0,"max_hp_loss":0,"event_name":"The Moai Head","floor":37,"gold_loss":0}],"is_beta":false,"boss_relics":[{"not_picked":["Coffee Dripper","Black Star"],"picked":"Calling Bell"},{"not_picked":["Sozu","Astrolabe"],"picked":"HoveringKite"}],"items_purged_floors":[21,46],"is_endless":false,"potions_floor_spawned":[1,4,6,8,19,20,27,30,33,35,38,42],"killed_by":"Awakened One","ascension_level":20}}