{"host":"i9h64q9gphvrup4n","time":1612369539,"event":{"mods":["2.2 Compatiblity","AchievementEnabler","Aspiration","Astrologer","Bard","BaseMod","Beaked The Cultist","BetterRewards","Colored Powertips","Conspire","Downfall","Gremlin Mod","Hermit","Hubris","Infinite Spire","Jorbs\u0027s Wanderer Trilogy","Minty Spire (QoL Compilation)","Replay The Spire","Shop Mod","StSLib","SuperFastMode","The Blackbeard","The Bladedancer","The Bug Knight","The Construct","The Cursed","The Disciple","The Hierophant","The Jungle","The Necromancer","The Runesmith","The Wild Card","slay the spire mod where everything is the same but ironclad has a cowboy hat"],"gold_per_floor":[116,116,33,51,62,95,95,124,124,124,124],"floor_reached":10,"language":"ENG","playtime":409,"items_purged":[],"score":141,"play_id":"48227414-1628-4396-a202-20adbc92cef1","local_time":"20210203102539","is_ascension_mode":true,"campfire_choices":[{"floor":7,"key":"REST"}],"circlet_count":0,"master_deck":["AscendersBane","Strike_W","Strike_W","Strike_W","Strike_W","Defend_W","Defend_W","Defend_W","Defend_W","Negative_Energy_Arrows+1","Bone_Wall","Whirlwind_of_Bones","Summon_Undead_Army","Bone_Armor","Death_March_Dance","Uncharnel","Life_Drain"],"relics":["Vampire_Amulet","Onion Ring","Question Card","Ornamental Fan"],"acts_visited":["Exordium"],"potions_floor_usage":[6,8],"damage_taken":[{"damage":0,"enemies":"2 Louse","floor":1,"turns":4},{"damage":7,"enemies":"Cultist","floor":4,"turns":4},{"damage":5,"enemies":"Small Slimes","floor":5,"turns":5},{"damage":34,"enemies":"Lagavulin","floor":6,"turns":7},{"damage":23,"enemies":"Gremlin Nob","floor":8,"turns":4},{"damage":39,"enemies":"3 Sentries","floor":10,"turns":5}],"seed_played":"-6526471547134340163","potions_obtained":[{"floor":2,"key":"construct:ShiftPotion"},{"floor":2,"key":"LiquidMemories"},{"floor":5,"key":"ColorlessPotion"}],"is_trial":false,"path_per_floor":["M","?","$","M","M","E","R","E","T","E"],"character_chosen":"NECROMANCER","items_purchased":["Summon_Undead_Army"],"campfire_rested":1,"item_purchase_floors":[3],"current_hp_per_floor":[68,68,68,63,62,30,51,30,30,0,0],"gold":124,"neow_bonus":"UPGRADE_CARD","is_daily":false,"chose_seed":false,"campfire_upgraded":0,"win_rate":0.0,"timestamp":1612369539,"path_taken":["M","?","$","M","M","E","R","E","T","E"],"items_purchased_type":["Card"],"build_version":"2020-12-22","purchased_purges":0,"victory":false,"max_hp_per_floor":[71,71,71,71,71,71,71,71,71,71,71],"card_choices":[{"not_picked":["Blood_Shield","Consume_Illness"],"picked":"Whirlwind_of_Bones","floor":1},{"not_picked":["Death_March_Dance","Toxic_Smoke_Screen"],"picked":"Bone_Armor","floor":4},{"not_picked":["Negative_Energy_Mist","Negative_Energy_Sphere"],"picked":"Death_March_Dance","floor":5},{"not_picked":["Blood_Curse","Consume_Illness"],"picked":"Uncharnel","floor":6},{"not_picked":["Blood_Is_Power","Bone_Shift"],"picked":"Life_Drain","floor":8}],"player_experience":737080,"relics_obtained":[{"floor":6,"key":"Onion Ring"},{"floor":8,"key":"Question Card"},{"floor":9,"key":"Ornamental Fan"}],"event_choices":[{"damage_healed":0,"gold_gain":0,"player_choice":"Got Potions","damage_taken":0,"max_hp_gain":0,"max_hp_loss":0,"event_name":"Lab","floor":2,"gold_loss":0}],"is_beta":false,"boss_relics":[],"items_purged_floors":[],"is_endless":false,"potions_floor_spawned":[4,5],"killed_by":"3 Sentries","ascension_level":17}}