{"host":"ilhhjx796p2x2wmd","time":1612377114,"event":{"mods":["AchievementEnabler","BaseMod","BetterRewards","Colored Map","Colored Powertips","DeckTracker","Highlight Path","Minty Spire (QoL Compilation)","Permanent Neow","Rare Cards Sparkle","Shop Mod"],"gold_per_floor":[35,91,130,189,189,219,294,294,294,337,108,183,220,120,120,120,120],"floor_reached":16,"language":"KOR","playtime":432,"items_purged":["Defend_R","Defend_R"],"score":157,"play_id":"9867b136-6955-4b28-86c4-002f96a2e0b0","local_time":"20210204033154","is_ascension_mode":true,"campfire_choices":[{"data":"HandOfGreed","floor":8,"key":"SMITH"},{"floor":15,"key":"REST"}],"circlet_count":0,"master_deck":["Strike_R","Strike_R","Strike_R","Strike_R","Strike_R","Defend_R+1","Defend_R","Bash","HandOfGreed+1","Perfected Strike","Battle Trance+1","Perfected Strike","Evolve","Shrug It Off","Reaper","Offering"],"relics":["Burning Blood","Lantern","War Paint","Mummified Hand"],"acts_visited":["Exordium"],"potions_floor_usage":[6,6,13],"damage_taken":[{"damage":0,"enemies":"2 Louse","floor":1,"turns":2},{"damage":5,"enemies":"Small Slimes","floor":2,"turns":5},{"damage":11,"enemies":"Cultist","floor":3,"turns":4},{"damage":26,"enemies":"Lots of Slimes","floor":4,"turns":5},{"damage":30,"enemies":"Lagavulin","floor":6,"turns":5},{"damage":6,"enemies":"3 Louse","floor":10,"turns":2},{"damage":29,"enemies":"3 Sentries","floor":12,"turns":8},{"damage":6,"enemies":"Looter","floor":13,"turns":1},{"damage":39,"enemies":"The Guardian","floor":16,"turns":7}],"seed_played":"5498848648238925868","potions_obtained":[{"floor":2,"key":"Swift Potion"},{"floor":3,"key":"ColorlessPotion"},{"floor":4,"key":"DuplicationPotion"}],"is_trial":false,"path_per_floor":["M","M","M","M","?","E","?","R","T","M","$","E","M","$","R","B"],"character_chosen":"IRONCLAD","items_purchased":["Reaper"],"campfire_rested":1,"item_purchase_floors":[11],"current_hp_per_floor":[78,79,74,54,59,35,24,24,24,24,24,13,13,13,38,0,0],"gold":120,"neow_bonus":"RANDOM_COLORLESS_2","is_daily":false,"chose_seed":false,"campfire_upgraded":1,"win_rate":0.0,"timestamp":1612377114,"path_taken":["M","M","M","M","?","E","?","R","T","M","$","E","M","$","R","BOSS"],"items_purchased_type":["Card"],"build_version":"2020-12-22","purchased_purges":2,"victory":false,"max_hp_per_floor":[80,80,80,80,85,85,85,85,85,85,85,85,85,85,85,85,85],"card_choices":[{"not_picked":["Transmutation","Apotheosis"],"picked":"HandOfGreed","floor":0},{"not_picked":["Ghostly Armor","Spot Weakness"],"picked":"Perfected Strike","floor":1},{"not_picked":["Ghostly Armor","Burning Pact","Iron Wave"],"picked":"SKIP","floor":2},{"not_picked":["Thunderclap","Wild Strike"],"picked":"Battle Trance","floor":3},{"not_picked":["Pummel","Clothesline"],"picked":"Perfected Strike","floor":4},{"not_picked":["Dual Wield","Shockwave"],"picked":"Evolve","floor":6},{"not_picked":["Entrench","Twin Strike"],"picked":"Shrug It Off","floor":10},{"not_picked":["Perfected Strike","Feel No Pain"],"picked":"Offering","floor":12},{"not_picked":["Cleave","Disarm","Anger"],"picked":"SKIP","floor":13}],"player_experience":325667,"relics_obtained":[{"floor":6,"key":"Lantern"},{"floor":9,"key":"War Paint"},{"floor":12,"key":"Mummified Hand"}],"event_choices":[{"damage_healed":0,"gold_gain":0,"player_choice":"Donut","damage_taken":0,"max_hp_gain":5,"max_hp_loss":0,"event_name":"Big Fish","floor":5,"gold_loss":0},{"damage_healed":0,"gold_gain":75,"player_choice":"Gather Gold","damage_taken":11,"max_hp_gain":0,"max_hp_loss":0,"event_name":"World of Goop","floor":7,"gold_loss":0}],"is_beta":false,"boss_relics":[],"items_purged_floors":[11,14],"is_endless":false,"potions_floor_spawned":[2,3,4],"killed_by":"The Guardian","ascension_level":8}}