{"host":"4eao2pkwlmv012cz","time":1612331183,"event":{"mods":["BaseMod","Colored Powertips","Minty Spire (QoL Compilation)","Permanent Neow","Quick Restart","Random Character Button","StSLib"],"gold_per_floor":[116,128,203,203,217,217,232,232,287,287,287,321,352,364,364],"floor_reached":14,"language":"ENG","playtime":342,"items_purged":[],"score":180,"play_id":"fd12c76e-bf5a-440a-95ff-85560fa72f0d","local_time":"20210203004623","is_ascension_mode":true,"campfire_choices":[{"data":"Melter","floor":6,"key":"SMITH"},{"data":"Coolheaded","floor":8,"key":"SMITH"},{"data":"Zap","floor":10,"key":"SMITH"}],"circlet_count":0,"master_deck":["AscendersBane","Strike_B","Strike_B","Strike_B","Strike_B","Defend_B","Defend_B","Defend_B","Defend_B","Zap+1","Dualcast","Echo Form","Gash","Melter+1","Auto Shields","Coolheaded+1","Parasite","Sweeping Beam","Chill"],"relics":["Cracked Core","Art of War","MawBank"],"acts_visited":["Exordium"],"potions_floor_usage":[12,13,14],"damage_taken":[{"damage":4,"enemies":"Small Slimes","floor":1,"turns":3},{"damage":7,"enemies":"Cultist","floor":2,"turns":4},{"damage":0,"enemies":"2 Louse","floor":5,"turns":3},{"damage":8,"enemies":"Blue Slaver","floor":7,"turns":3},{"damage":24,"enemies":"Lagavulin","floor":12,"turns":5},{"damage":0,"enemies":"Looter","floor":13,"turns":2},{"damage":0,"enemies":"Gremlin Nob","floor":14,"turns":3}],"seed_played":"2658085227448524612","potions_obtained":[{"floor":2,"key":"Energy Potion"},{"floor":7,"key":"Swift Potion"},{"floor":12,"key":"Fire Potion"},{"floor":13,"key":"LiquidMemories"}],"is_trial":false,"path_per_floor":["M","M","?","?","M","R","M","R","T","R","?","E","M","E"],"character_chosen":"DEFECT","items_purchased":[],"campfire_rested":0,"item_purchase_floors":[],"current_hp_per_floor":[60,53,42,42,42,42,34,34,34,34,51,27,27,27,27],"gold":364,"neow_bonus":"THREE_RARE_CARDS","is_daily":false,"chose_seed":false,"campfire_upgraded":3,"win_rate":0.0,"timestamp":1612331183,"path_taken":["M","M","?","?","M","R","?","R","T","R","?","E","M","E"],"items_purchased_type":[],"build_version":"2020-12-22","purchased_purges":0,"victory":false,"max_hp_per_floor":[71,71,71,71,71,71,71,71,71,71,71,71,71,71,71],"card_choices":[{"not_picked":["Reboot","Thunder Strike"],"picked":"Echo Form","floor":0},{"not_picked":["Rip and Tear","Auto Shields"],"picked":"Gash","floor":1},{"not_picked":["Loop","Aggregate"],"picked":"Melter","floor":2},{"not_picked":["Steam Power","Rebound"],"picked":"Auto Shields","floor":5},{"not_picked":["Steam","Hologram"],"picked":"Coolheaded","floor":7},{"not_picked":["Genetic Algorithm","Coolheaded"],"picked":"Sweeping Beam","floor":12},{"not_picked":["Leap","Recycle"],"picked":"Chill","floor":13}],"player_experience":2863823,"relics_obtained":[{"floor":9,"key":"Art of War"},{"floor":12,"key":"MawBank"}],"event_choices":[{"damage_healed":0,"gold_gain":75,"player_choice":"Gather Gold","damage_taken":11,"max_hp_gain":0,"max_hp_loss":0,"event_name":"World of Goop","floor":3,"gold_loss":0},{"cards_removed":["Injury"],"damage_healed":0,"gold_gain":0,"player_choice":"Purged","damage_taken":0,"max_hp_gain":0,"max_hp_loss":0,"event_name":"Purifier","floor":4,"gold_loss":0},{"damage_healed":17,"gold_gain":0,"player_choice":"Healed and dodged fight","damage_taken":0,"max_hp_gain":0,"max_hp_loss":0,"event_name":"Mushrooms","floor":11,"gold_loss":0,"cards_obtained":["Parasite"]}],"is_beta":false,"boss_relics":[],"items_purged_floors":[],"is_endless":false,"potions_floor_spawned":[2,7,12,13],"killed_by":"Gremlin Nob","ascension_level":20}}