{"host":"6d7yoorfvx32k2bm","time":1612345158,"event":{"mods":["Act Like it!","Aspiration","Astrologer","BaseMod","Chen","Conspire","Downfall","Gensokyo","KinomotoSakuraMod(Ä¾Ö®±¾Ó£)","Koishi","Lobotomy","Marisa£¨ìFÓê¡¡Ä§ÀíÉ³£©","Minty Spire (QoL Compilation)","Prisma Mod","Reimu£¨²©ÀöÁéÃÎ£©","Remilia£¨ÀÙÃ×ÀòÑÇ£©","Replay The Spire","RumiaBox-Â¶Ã×æ«µÄÉñÃØºÐ×Ó","StSLib","Td1madao Mod","The Animator","The Bladedancer","The Bug Knight","The Construct","The Cursed","The IronCluck","The Runesmith","The Servant 0.9.4","Warlord Emblem","Yuri Mod","slay the spire mod where everything is the same but ironclad has a cowboy hat"],"gold_per_floor":[217,234,252,252,14,14,26,46,46,46,62,75,75,1,1,102,102,117,77,77,91,110,110,136,136,162,176,176,9,81,97,97,198,198,212,212,212,65,65,65,94,110,110,110,145,145,175,195,195,195],"floor_reached":51,"language":"ZHS","playtime":4103,"items_purged":["PrismaMod:ChloeBetterTracePools"],"score":967,"play_id":"41f26a24-ac93-4f24-a903-dbaebd26480d","local_time":"20210203173918","is_ascension_mode":false,"campfire_choices":[{"data":"PrismaMod:ChloeDiscardRecovery","floor":6,"key":"SMITH"},{"data":"PrismaMod:ChloeExhaustTwo","floor":10,"key":"SMITH"},{"data":"PrismaMod:ChloeDiscardRecovery","floor":15,"key":"SMITH"},{"data":"PrismaMod:ChloeUnlimitedBladeWorks","floor":23,"key":"SMITH"},{"data":"PrismaMod:ChloeDiscardRecovery","floor":28,"key":"SMITH"},{"floor":40,"key":"RECALL"},{"data":"PrismaMod:ChloeCheapAttack","floor":44,"key":"SMITH"},{"data":"Panacea","floor":46,"key":"SMITH"},{"floor":49,"key":"DIG"}],"circlet_count":0,"master_deck":["PrismaMod:ChloeCommonAttack","PrismaMod:ChloeCommonAttack+1","PrismaMod:ChloeCommonAttack","PrismaMod:ChloeCommonAttack","PrismaMod:ChloeCommonDefend","PrismaMod:ChloeCommonDefend","PrismaMod:ChloeCommonDefend","PrismaMod:ChloeCommonDefend","PrismaMod:ChloeCommonDefend","PrismaMod:ChloeCheapAttack+1","PrismaMod:ChloeCheapDefend","PrismaMod:ChloeRuleBreaker+1","PrismaMod:ChloeDiscardRecovery+1","PrismaMod:ChloeCommonAOEAttack","PrismaMod:ChloeEyeOfTheEuryale+1","Finesse","PrismaMod:ChloeCheapAttack","PrismaMod:ChloeCheapAttack","PrismaMod:ChloeDiscardRecovery+1","PrismaMod:ChloeCheapDefendTwo","PrismaMod:ChloeExhaustTwo+1","PrismaMod:ChloeDiscardRecovery+1","PrismaMod:ChloeUnlimitedBladeWorks+1","PrismaMod:ChloeExcalibur+1","PrismaMod:ChloeReshuffleDiscard+1","PrismaMod:ChloeCheapAttackTwo+1","PrismaMod:ChloeCarnivalAttack","PrismaMod:ChloeExcalibur","PrismaMod:ChloeChristmas+1","PrismaMod:ChloeCaladbolg+1","Panacea+1","PrismaMod:ChloeAnyCommonTrace+1","PrismaMod:ChloeCheapDefendTwo","PrismaMod:ChloeMordred+1","PrismaMod:ChloeCheapDefendTwo+1","PrismaMod:ChloeDiscardRecovery+1"],"relics":["PrismaMod:PrismaTraceOn","SSSystem","Ring of Chaos","ZunR:ReiMu","Ccalipers","Anchor","Quantum Egg","aspiration:RunicSpoon","Guide Book","Counterbalance","Centennial Puzzle","aspiration:AnachronicSnailShell","Bird Faced Urn","aspiration:StickyExplosives"],"acts_visited":["Exordium","TheCity","TheBeyond"],"potions_floor_usage":[8,8,31,41,50,50,50],"damage_taken":[{"damage":0,"enemies":"Jaw Worm","floor":1,"turns":3},{"damage":1,"enemies":"2 Louse","floor":2,"turns":5},{"damage":3,"enemies":"Small Slimes","floor":3,"turns":4},{"damage":16,"enemies":"Exordium Wildlife","floor":7,"turns":6},{"damage":8,"enemies":"Lots of Slimes","floor":8,"turns":3},{"damage":7,"enemies":"Red Slaver","floor":11,"turns":3},{"damage":10,"enemies":"2 Fungi Beasts","floor":12,"turns":6},{"damage":4,"enemies":"Hexaghost","floor":16,"turns":5},{"damage":19,"enemies":"Shell Parasite","floor":18,"turns":5},{"damage":0,"enemies":"Chosen","floor":21,"turns":4},{"damage":8,"enemies":"conspire:HollyBat","floor":22,"turns":7},{"damage":23,"enemies":"HollowMod:Nosk","floor":24,"turns":3},{"damage":0,"enemies":"Chosen and Byrds","floor":25,"turns":3},{"damage":0,"enemies":"Snake Plant","floor":27,"turns":2},{"damage":0,"enemies":"Centurion and Healer","floor":31,"turns":5},{"damage":39,"enemies":"Pondfish","floor":33,"turns":13},{"damage":0,"enemies":"3 Shapes","floor":35,"turns":3},{"damage":8,"enemies":"Nemesis","floor":41,"turns":3},{"damage":0,"enemies":"Orb Walker","floor":42,"turns":1},{"damage":0,"enemies":"Giant Head","floor":47,"turns":7},{"damage":0,"enemies":"Sphere and 2 Shapes","floor":48,"turns":5},{"damage":7,"enemies":"Time Eater","floor":50,"turns":8}],"seed_played":"-1555558004840645752","potions_obtained":[{"floor":1,"key":"Block Potion"},{"floor":2,"key":"Energy Potion"},{"floor":8,"key":"Swift Potion"},{"floor":21,"key":"Fire Potion"},{"floor":22,"key":"Fire Potion"},{"floor":33,"key":"Weak Potion"},{"floor":45,"key":"DistilledChaos"},{"floor":45,"key":"FearPotion"},{"floor":45,"key":"LiquidBronze"}],"is_trial":false,"path_per_floor":["M","M","M","?","$","R","M","M","T","R","M","M","?","$","R","B",null,"M","?","?","M","M","R","E","M","T","M","R","$","T","M","R","B",null,"M","?","?","$","T","R","E","M","T","R","?","R","E","M","R","B",null],"character_chosen":"CHLOE","items_purchased":["Finesse","PrismaMod:ChloeBetterTracePools","PrismaMod:ChloeCheapAttack","PrismaMod:ChloeDiscardRecovery","PrismaMod:ChloeExcalibur","Panacea","Guide Book"],"campfire_rested":0,"item_purchase_floors":[5,5,5,5,14,29,38],"current_hp_per_floor":[75,74,71,71,71,71,55,47,47,47,40,34,19,19,19,15,75,60,60,60,60,73,73,50,50,50,50,50,50,50,62,75,43,75,75,75,75,75,75,75,67,67,67,67,37,37,63,63,63,65],"gold":195,"neow_bonus":"HUNDRED_GOLD","is_daily":false,"chose_seed":false,"campfire_upgraded":7,"win_rate":0.0,"timestamp":1612345158,"path_taken":["M","M","M","?","$","R","M","M","T","R","M","M","?","?","R","BOSS","M","?","?","?","M","R","E","M","T","M","R","?","?","M","R","BOSS","M","?","?","$","?","R","E","?","T","R","?","R","E","M","R","BOSS"],"items_purchased_type":["Card","Card","Card","Card","Card","Card","Relic"],"build_version":"2020-12-22","purchased_purges":1,"victory":true,"max_hp_per_floor":[75,75,75,75,75,75,75,75,75,75,75,75,75,75,75,75,75,75,75,75,75,75,75,75,75,75,75,75,75,75,75,75,75,75,75,75,75,75,75,75,75,75,75,75,75,75,75,75,75,75],"card_choices":[{"not_picked":["PrismaMod:ChloeDemonicTutor","PrismaMod:ChloeCheapAttack"],"picked":"PrismaMod:ChloeRuleBreaker","floor":1},{"not_picked":["PrismaMod:ChloeMaid","PrismaMod:ChloeCheapAttackTwo"],"picked":"PrismaMod:ChloeDiscardRecovery","floor":2},{"not_picked":["PrismaMod:ChloeCheapAttack","PrismaMod:ChloeExhaustOne"],"picked":"PrismaMod:ChloeCommonAOEAttack","floor":3},{"not_picked":["PrismaMod:ChloeDiscardRecovery","PrismaMod:ChloeEyeOfTheEuryale"],"picked":"PrismaMod:ChloeCheapDefendTwo","floor":7},{"not_picked":["PrismaMod:ChloeUncommonDefend","PrismaMod:ChloeDiscardRecovery"],"picked":"PrismaMod:ChloeExhaustTwo","floor":8},{"not_picked":["PrismaMod:ChloeCheapDefendTwo","PrismaMod:ChloeDiscardRecovery","PrismaMod:ChloeCheapDefend"],"picked":"SKIP","floor":11},{"not_picked":["PrismaMod:ChloeCheapDefendTwo","PrismaMod:ChloeCheapDefend"],"picked":"PrismaMod:ChloeDiscardRecovery","floor":11},{"not_picked":["PrismaMod:ChloeUncommonAttack","PrismaMod:ChloeCommonAOEAttack"],"picked":"PrismaMod:ChloeUnlimitedBladeWorks","floor":12},{"not_picked":["PrismaMod:ChloeHalloween","PrismaMod:ChloeGreatTracePools"],"picked":"PrismaMod:ChloeReshuffleDiscard","floor":16},{"not_picked":["PrismaMod:ChloeCheapDefend","PrismaMod:ChloeMaid"],"picked":"PrismaMod:ChloeCheapAttackTwo+1","floor":18},{"not_picked":["PrismaMod:ChloeCheapDefendTwo","PrismaMod:ChloeCaladbolg+1"],"picked":"PrismaMod:ChloeExcalibur","floor":21},{"not_picked":["PrismaMod:ChloeDiscardRecovery","PrismaMod:ChloeCommonAOEAttack"],"picked":"PrismaMod:ChloeChristmas+1","floor":22},{"not_picked":["PrismaMod:ChloeCommonAOEAttack","PrismaMod:ChloeDiscardRecovery"],"picked":"PrismaMod:ChloeCaladbolg+1","floor":24},{"not_picked":["PrismaMod:ChloeCommonAOEAttack","PrismaMod:ChloeCheapDefendTwo","PrismaMod:ChloeCheapAttackTwo"],"picked":"SKIP","floor":27},{"not_picked":["PrismaMod:ChloeCheapDefendTwo","PrismaMod:ChloeCaladbolg","PrismaMod:ChloeMaid+1"],"picked":"SKIP","floor":31},{"not_picked":["PrismaMod:ChloeAnyAttackTrace","PrismaMod:ChloeExhaustThree"],"picked":"PrismaMod:ChloeAnyCommonTrace","floor":33},{"not_picked":["PrismaMod:ChloeCheapAttack+1","PrismaMod:ChloeCommonAOEAttack","PrismaMod:ChloeCheapDefend"],"picked":"SKIP","floor":35},{"not_picked":["PrismaMod:ChloeDiscardRecovery","PrismaMod:ChloeAnyCommonTrace"],"picked":"PrismaMod:ChloeCheapDefendTwo","floor":41},{"not_picked":["PrismaMod:ChloeCheapAttack+1","PrismaMod:ChloeCheapDefend"],"picked":"PrismaMod:ChloeMordred+1","floor":42},{"not_picked":["PrismaMod:ChloeExhaustOne+1","PrismaMod:ChloeExhaustTwo+1"],"picked":"PrismaMod:ChloeCheapDefendTwo+1","floor":45},{"not_picked":["PrismaMod:ChloeBetterTracePools","PrismaMod:ChloeCheapAttackTwo+1"],"picked":"PrismaMod:ChloeDiscardRecovery+1","floor":47},{"not_picked":["PrismaMod:ChloeCheapAttackTwo+1","PrismaMod:ChloeUncommonAOEAttack+1","PrismaMod:ChloeDiscardRecovery+1"],"picked":"SKIP","floor":48}],"player_experience":561162,"relics_obtained":[{"floor":9,"key":"SSSystem"},{"floor":24,"key":"Ccalipers"},{"floor":26,"key":"Anchor"},{"floor":30,"key":"Quantum Egg"},{"floor":39,"key":"Counterbalance"},{"floor":41,"key":"Centennial Puzzle"},{"floor":43,"key":"aspiration:AnachronicSnailShell"},{"floor":47,"key":"Bird Faced Urn"},{"floor":49,"key":"aspiration:StickyExplosives"}],"event_choices":[{"damage_healed":0,"gold_gain":0,"player_choice":"Entered Light","damage_taken":15,"max_hp_gain":0,"max_hp_loss":0,"event_name":"Shining Light","floor":13,"gold_loss":0,"cards_upgraded":["PrismaMod:ChloeRuleBreaker","PrismaMod:ChloeCommonAttack"]},{"damage_healed":0,"gold_gain":0,"player_choice":"¹ºÂòÉñ¾Æ","damage_taken":0,"relics_obtained":["ZunR:ReiMu"],"max_hp_gain":0,"max_hp_loss":0,"event_name":"ZunEvent","floor":19,"gold_loss":40},{"damage_healed":0,"gold_gain":0,"player_choice":"1 cards matched","damage_taken":0,"max_hp_gain":0,"max_hp_loss":0,"event_name":"Match and Keep!","floor":20,"gold_loss":0,"cards_obtained":["PrismaMod:ChloeCarnivalAttack"]},{"damage_healed":0,"gold_gain":0,"player_choice":"Ignored","damage_taken":0,"max_hp_gain":0,"max_hp_loss":0,"event_name":"Tomb of Lord Red Mask","floor":36,"gold_loss":0},{"damage_healed":0,"gold_gain":0,"player_choice":"Leave","damage_taken":0,"max_hp_gain":0,"max_hp_loss":0,"event_name":"conspire:Investor","floor":37,"gold_loss":0}],"is_beta":false,"boss_relics":[{"not_picked":["aspiration:DefectSkillbook","aspiration:RitualDagger"],"picked":"Ring of Chaos"},{"not_picked":["Replay:Drink Me","ChewingGum"],"picked":"aspiration:RunicSpoon"}],"items_purged_floors":[29],"is_endless":false,"potions_floor_spawned":[1,2,8,21,22,25,33,47],"ascension_level":0}}