{"host":"syozzdlzcqop4jia","time":1612390971,"event":{"mods":["BaseMod","Colored Map","Colored Powertips","Minty Spire (QoL Compilation)","Quick Restart"],"gold_per_floor":[113,133,147,167,183,183,251,251,333,366,99,111,111,128,128,223,223,235,253,253,264,264,264,291,291,318,336,356,375,375,390,390,491,491,502,513,177,227,227,227,239,239,321,321,71,102,112,112,112,112,112],"floor_reached":50,"language":"ENG","playtime":2593,"items_purged":["Defend_R","Headbutt"],"score":620,"play_id":"883c5c18-6afd-41a0-9a9d-147fb5c33a44","local_time":"20210203232251","is_ascension_mode":true,"campfire_choices":[{"data":"Sword Boomerang","floor":6,"key":"SMITH"},{"data":"Flame Barrier","floor":8,"key":"SMITH"},{"floor":13,"key":"DIG"},{"floor":15,"key":"REST"},{"floor":23,"key":"DIG"},{"data":"Double Tap","floor":25,"key":"SMITH"},{"data":"Demon Form","floor":32,"key":"SMITH"},{"data":"1","floor":40,"key":"LIFT"},{"data":"2","floor":42,"key":"LIFT"},{"floor":49,"key":"REST"}],"circlet_count":0,"master_deck":["Strike_R+1","Strike_R+1","Strike_R+1","Strike_R+1","Strike_R+1","Defend_R+1","Defend_R+1","Defend_R+1","Bash","Flame Barrier+1","Battle Trance","Heavy Blade","Perfected Strike+1","Carnage","Sword Boomerang+1","Anger","Sword Boomerang","Pommel Strike","Pummel","Double Tap+1","Spot Weakness+1","Anger+1","Uppercut","Demon Form+1","Flex","Sword Boomerang+1","Feed","Twin Strike+1","Rage","Good Instincts","Perfected Strike+1","Anger","Limit Break","Heavy Blade"],"relics":["Burning Blood","Pantograph","Shovel","Bronze Scales","Pen Nib","Sozu","Vajra","Whetstone","Bag of Preparation","Velvet Choker","Medical Kit","Girya","Ornamental Fan","Mummified Hand","Toy Ornithopter"],"acts_visited":["Exordium","TheCity","TheBeyond"],"potions_floor_usage":[1,5,21,29],"damage_taken":[{"damage":0,"enemies":"Cultist","floor":1,"turns":4},{"damage":23,"enemies":"Small Slimes","floor":2,"turns":6},{"damage":0,"enemies":"Jaw Worm","floor":3,"turns":3},{"damage":21,"enemies":"Large Slime","floor":4,"turns":6},{"damage":0,"enemies":"2 Fungi Beasts","floor":5,"turns":2},{"damage":27,"enemies":"Lagavulin","floor":10,"turns":8},{"damage":9,"enemies":"Red Slaver","floor":12,"turns":2},{"damage":6,"enemies":"Looter","floor":14,"turns":2},{"damage":40,"enemies":"The Guardian","floor":16,"turns":10},{"damage":9,"enemies":"Shell Parasite","floor":18,"turns":3},{"damage":0,"enemies":"Chosen","floor":19,"turns":3},{"damage":24,"enemies":"Snake Plant","floor":21,"turns":3},{"damage":23,"enemies":"Slavers","floor":24,"turns":4},{"damage":4,"enemies":"Chosen and Byrds","floor":27,"turns":4},{"damage":2,"enemies":"Snecko","floor":28,"turns":3},{"damage":0,"enemies":"Snake Plant","floor":29,"turns":1},{"damage":6,"enemies":"3 Cultists","floor":31,"turns":3},{"damage":55,"enemies":"Collector","floor":33,"turns":5},{"damage":16,"enemies":"Orb Walker","floor":35,"turns":2},{"damage":10,"enemies":"3 Darklings","floor":36,"turns":3},{"damage":29,"enemies":"Mind Bloom Boss Battle","floor":38,"turns":4},{"damage":0,"enemies":"Jaw Worm Horde","floor":41,"turns":3},{"damage":17,"enemies":"Nemesis","floor":46,"turns":3},{"damage":1,"enemies":"Maw","floor":47,"turns":3},{"damage":101,"enemies":"Awakened One","floor":50,"turns":6}],"seed_played":"-7141728363749879139","potions_obtained":[{"floor":1,"key":"Fruit Juice"},{"floor":3,"key":"BlessingOfTheForge"},{"floor":14,"key":"DistilledChaos"},{"floor":16,"key":"BloodPotion"}],"is_trial":false,"path_per_floor":["M","M","M","M","M","R","?","R","T","E","$","M","R","M","R","B",null,"M","M","?","M","?","R","E","R","T","M","M","M","?","M","R","B",null,"M","M","$","?","?","R","M","R","T","?","$","E","M","$","R","B"],"character_chosen":"IRONCLAD","items_purchased":["Bronze Scales","Sword Boomerang","Medical Kit","Good Instincts","Mummified Hand"],"campfire_rested":2,"item_purchase_floors":[11,11,37,37,45],"current_hp_per_floor":[85,68,74,59,65,65,65,65,65,44,44,41,41,41,66,51,77,74,80,80,79,79,79,62,62,62,64,68,74,74,74,74,36,73,66,62,62,64,64,64,70,70,70,70,70,59,64,64,88,0,0],"gold":112,"neow_bonus":"THREE_CARDS","is_daily":false,"chose_seed":false,"campfire_upgraded":4,"win_rate":0.0,"timestamp":1612390971,"path_taken":["M","M","M","M","M","R","?","R","T","E","$","M","R","M","R","BOSS","M","M","?","M","?","R","E","R","T","M","M","?","?","M","R","BOSS","M","M","$","?","?","R","M","R","T","?","$","E","?","$","R","BOSS"],"items_purchased_type":["Relic","Card","Relic","Card","Relic"],"build_version":"2020-12-22","purchased_purges":2,"victory":false,"max_hp_per_floor":[85,85,85,85,85,85,85,85,85,85,85,85,85,85,85,85,85,85,85,85,85,85,85,85,85,85,85,85,85,85,85,85,85,85,88,88,88,88,88,88,88,88,88,88,88,88,88,88,88,88,88],"card_choices":[{"not_picked":["Pommel Strike","Wild Strike"],"picked":"Flame Barrier","floor":0},{"not_picked":["Disarm","Sword Boomerang"],"picked":"Battle Trance","floor":1},{"not_picked":["Flame Barrier","True Grit"],"picked":"Heavy Blade","floor":2},{"not_picked":["Havoc","Bloodletting"],"picked":"Perfected Strike","floor":3},{"not_picked":["Iron Wave","Rage"],"picked":"Carnage","floor":4},{"not_picked":["Headbutt","Clothesline"],"picked":"Sword Boomerang","floor":5},{"not_picked":["Impervious","Heavy Blade"],"picked":"Anger","floor":10},{"not_picked":["Sword Boomerang","Cleave"],"picked":"Pommel Strike","floor":12},{"not_picked":["Bloodletting","Ghostly Armor"],"picked":"Pummel","floor":14},{"not_picked":["Offering","Barricade"],"picked":"Double Tap","floor":16},{"not_picked":["True Grit","Thunderclap"],"picked":"Spot Weakness","floor":18},{"not_picked":["Clash+1","Warcry+1"],"picked":"Headbutt","floor":19},{"not_picked":["Warcry","Havoc"],"picked":"Anger","floor":21},{"not_picked":["Dropkick","Pommel Strike","Burning Pact"],"picked":"SKIP","floor":24},{"not_picked":["Headbutt","Bloodletting"],"picked":"Uppercut","floor":27},{"not_picked":["Combust","Clash"],"picked":"Demon Form","floor":28},{"not_picked":["True Grit+1","Feel No Pain"],"picked":"Flex","floor":29},{"not_picked":["Flex","Cleave"],"picked":"Sword Boomerang+1","floor":31},{"not_picked":["Offering","Double Tap"],"picked":"Feed","floor":33},{"not_picked":["Clash","Burning Pact"],"picked":"Twin Strike+1","floor":35},{"not_picked":["Evolve+1","Reckless Charge"],"picked":"Rage","floor":36},{"not_picked":["Anger","Warcry+1"],"picked":"Perfected Strike+1","floor":38},{"not_picked":["Thunderclap+1","Pommel Strike+1"],"picked":"Anger","floor":41},{"not_picked":["Wild Strike","Battle Trance"],"picked":"Limit Break","floor":46},{"not_picked":["Armaments","Cleave"],"picked":"Heavy Blade","floor":47}],"player_experience":527350,"relics_obtained":[{"floor":9,"key":"Pantograph"},{"floor":10,"key":"Shovel"},{"floor":13,"key":"Pen Nib"},{"floor":23,"key":"Vajra"},{"floor":24,"key":"Whetstone"},{"floor":26,"key":"Bag of Preparation"},{"floor":38,"key":"Girya"},{"floor":43,"key":"Ornamental Fan"},{"floor":46,"key":"Toy Ornithopter"}],"event_choices":[{"damage_healed":0,"gold_gain":68,"player_choice":"Gained Gold","damage_taken":0,"max_hp_gain":0,"max_hp_loss":0,"event_name":"Golden Wing","floor":7,"gold_loss":0},{"damage_healed":0,"gold_gain":0,"player_choice":"Simplicity","damage_taken":0,"max_hp_gain":0,"max_hp_loss":0,"event_name":"Back to Basics","floor":20,"gold_loss":0,"cards_upgraded":["Strike_R","Strike_R","Strike_R","Strike_R","Strike_R","Defend_R","Defend_R","Defend_R"]},{"damage_healed":0,"gold_gain":0,"player_choice":"Forge","damage_taken":0,"max_hp_gain":0,"max_hp_loss":0,"event_name":"Accursed Blacksmith","floor":22,"gold_loss":0,"cards_upgraded":["Spot Weakness"]},{"damage_healed":0,"gold_gain":0,"player_choice":"Ignored","damage_taken":0,"max_hp_gain":0,"max_hp_loss":0,"event_name":"Ghosts","floor":30,"gold_loss":0},{"damage_healed":0,"gold_gain":0,"player_choice":"Fight","damage_taken":0,"max_hp_gain":0,"max_hp_loss":0,"event_name":"MindBloom","floor":38,"gold_loss":0},{"damage_healed":0,"gold_gain":0,"player_choice":"Ignored","damage_taken":0,"max_hp_gain":0,"max_hp_loss":0,"event_name":"Mysterious Sphere","floor":39,"gold_loss":0},{"damage_healed":0,"gold_gain":0,"player_choice":"Bought 0 Potions","damage_taken":0,"max_hp_gain":0,"max_hp_loss":0,"event_name":"The Woman in Blue","floor":44,"gold_loss":0}],"is_beta":false,"boss_relics":[{"not_picked":["SacredBark","Empty Cage"],"picked":"Sozu"},{"not_picked":["Busted Crown","SlaversCollar"],"picked":"Velvet Choker"}],"items_purged_floors":[11,37],"is_endless":false,"potions_floor_spawned":[1,3,14,16,18,27,31,33,36,41,46],"killed_by":"Awakened One","ascension_level":5}}