{"host":"9a3qwu24ipen98v3","time":1612361496,"event":{"mods":["BaseMod","BetterRewards","Downfall","Hunter ??","Infinite Spire","Minty Spire (QoL Compilation)","Robot Space Explorer","StSLib","The Administrix","The Florist","The Necromancer","The Spell Scribe"],"gold_per_floor":[109,109,109,109,123,159,159,205,286,322,272,286,286,306,306,306,306],"floor_reached":16,"language":"ENG","playtime":921,"items_purged":["Agrypnos:BasicStrike"],"score":133,"play_id":"13ed9491-e676-4382-ad78-d5e5571a8f65","local_time":"20210203151136","is_ascension_mode":false,"campfire_choices":[{"data":"Agrypnos:Harvest","floor":7,"key":"SMITH"},{"data":"Agrypnos:Narcissus","floor":13,"key":"SMITH"},{"data":"Agrypnos:CorpseFlower","floor":15,"key":"SMITH"}],"circlet_count":0,"master_deck":["Agrypnos:BasicStrike","Agrypnos:BasicStrike","Agrypnos:BasicDefend","Agrypnos:BasicDefend","Agrypnos:BasicDefend","Agrypnos:BasicDefend","Agrypnos:Dandelion","Agrypnos:Trowel","Agrypnos:Harvest+1","Agrypnos:Wolfsbane","Agrypnos:Wolfsbane","Agrypnos:Narcissus+1","Agrypnos:Pesticide","Agrypnos:Composting","Agrypnos:CorpseFlower+1"],"relics":["Agrypnos:Floristry","NeowsBlessing","Golden Idol","InkBottle","Prayer Wheel","Smiling Mask","Question Card","PreservedInsect"],"acts_visited":["Exordium"],"potions_floor_usage":[],"damage_taken":[{"damage":0,"enemies":"2 Louse","floor":1,"turns":1},{"damage":0,"enemies":"Jaw Worm","floor":5,"turns":1},{"damage":0,"enemies":"Lagavulin","floor":6,"turns":1},{"damage":19,"enemies":"Gremlin Nob","floor":10,"turns":5},{"damage":0,"enemies":"Small Slimes","floor":12,"turns":5},{"damage":16,"enemies":"Exordium Thugs","floor":14,"turns":6},{"damage":18,"enemies":"The Guardian","floor":16,"turns":2}],"seed_played":"-5358381243091864272","potions_obtained":[{"floor":10,"key":"Fire Potion"}],"is_trial":false,"path_per_floor":["M","?","?","?","M","E","R","T","T","E","$","M","R","M","R","B"],"character_chosen":"THE_FLORIST","items_purchased":[],"campfire_rested":0,"item_purchase_floors":[],"current_hp_per_floor":[70,63,46,46,46,46,46,46,46,27,27,27,27,11,11,0,0],"gold":306,"neow_bonus":"THREE_ENEMY_KILL","is_daily":false,"chose_seed":false,"campfire_upgraded":3,"win_rate":0.0,"timestamp":1612361496,"path_taken":["M","?","?","?","?","E","R","?","T","E","$","?","R","M","R","BOSS"],"items_purchased_type":[],"build_version":"2020-12-22","purchased_purges":1,"victory":false,"max_hp_per_floor":[70,70,70,70,70,70,70,70,70,70,70,70,70,70,70,70,70],"card_choices":[{"not_picked":["Agrypnos:StormShelter","Agrypnos:Azalea"],"picked":"Agrypnos:Harvest","floor":1},{"not_picked":["Agrypnos:Hyacinth","Agrypnos:CorpseFlower"],"picked":"Agrypnos:Wolfsbane","floor":5},{"not_picked":["Agrypnos:Narcissus","Agrypnos:Rose"],"picked":"Agrypnos:Wolfsbane","floor":6},{"not_picked":["Agrypnos:Leaf","Agrypnos:Azalea","Agrypnos:Rainfall"],"picked":"Agrypnos:Narcissus","floor":10},{"not_picked":["Agrypnos:Leaf","Agrypnos:Rose","Agrypnos:Bramble"],"picked":"Agrypnos:Pesticide","floor":12},{"not_picked":["Agrypnos:FloralScent","Agrypnos:Rose","Agrypnos:ViolentBloom"],"picked":"Agrypnos:Composting","floor":12},{"not_picked":["Agrypnos:Rake","Agrypnos:Rot","Agrypnos:Tumbleweed"],"picked":"Agrypnos:CorpseFlower","floor":14},{"not_picked":["Agrypnos:Leaf","Agrypnos:StormShelter","Agrypnos:Wolfsbane","Agrypnos:Autumn"],"picked":"SKIP","floor":14}],"player_experience":390089,"relics_obtained":[{"floor":4,"key":"InkBottle"},{"floor":6,"key":"Prayer Wheel"},{"floor":8,"key":"Smiling Mask"},{"floor":9,"key":"Question Card"},{"floor":10,"key":"PreservedInsect"}],"event_choices":[{"cards_removed":["Agrypnos:BasicStrike"],"damage_healed":0,"gold_gain":0,"player_choice":"Card Removal","damage_taken":7,"max_hp_gain":0,"max_hp_loss":0,"event_name":"Golden Wing","floor":2,"gold_loss":0},{"damage_healed":0,"gold_gain":0,"player_choice":"Take Damage","damage_taken":17,"relics_obtained":["Golden Idol"],"max_hp_gain":0,"max_hp_loss":0,"event_name":"Golden Idol","floor":3,"gold_loss":0},{"damage_healed":0,"gold_gain":0,"player_choice":"Relic","damage_taken":0,"max_hp_gain":0,"max_hp_loss":0,"event_name":"Wheel of Change","floor":4,"gold_loss":0}],"is_beta":false,"boss_relics":[],"items_purged_floors":[11],"is_endless":false,"potions_floor_spawned":[10],"killed_by":"The Guardian","ascension_level":0}}