{"host":"ftw8honmdnhsve3j","time":1612389640,"event":{"mods":["BaseMod","Colored Powertips","Minty Spire (QoL Compilation)","StSLib","The Wild Card"],"gold_per_floor":[364,41,216,236,236,236,269,128,128,128,169,169,200,230,230,336,336,353,353,452,476,199,199,243,243,243,56,56,56,83,93,93,189,189,202,252,266,116,136,136,148,188,188,13,33,33,62,62,62,62],"floor_reached":51,"language":"ENG","playtime":1245,"items_purged":["Doubt","theWildCard:BasicStrike","theWildCard:BasicStrike","theWildCard:BasicDefend","theWildCard:BasicStrike"],"score":1079,"play_id":"76c1c858-7cc3-4f40-93c0-5bd4a0e54c75","local_time":"20210203230040","is_ascension_mode":true,"campfire_choices":[{"data":"Apotheosis","floor":6,"key":"SMITH"},{"data":"theWildCard:CryOfAgony","floor":12,"key":"SMITH"},{"floor":15,"key":"REST"},{"data":"theWildCard:Desolation","floor":23,"key":"SMITH"},{"data":"Master of Strategy","floor":25,"key":"SMITH"},{"data":"theWildCard:Abstinence","floor":32,"key":"SMITH"},{"data":"theWildCard:Abstinence","floor":40,"key":"SMITH"},{"data":"theWildCard:Abstinence","floor":46,"key":"SMITH"},{"data":"theWildCard:BasicDefend","floor":49,"key":"SMITH"}],"circlet_count":0,"master_deck":["theWildCard:BasicStrike","theWildCard:BasicDefend+1","theWildCard:BasicDefend","theWildCard:BasicDefend","Apotheosis+1","theWildCard:Abstinence+1","theWildCard:CryOfAgony+1","theWildCard:Desolation+1","Master of Strategy+1","theWildCard:Abstinence+1","theWildCard:Abstinence+1","theWildCard:Providence+1"],"relics":["theWildCard:VelvetContract","ClockworkSouvenir","CeramicFish","Blood Vial","Strawberry","Letter Opener","Juzu Bracelet","MutagenicStrength","Bag of Marbles","Vajra","Bronze Scales","Akabeko","Busted Crown","Unceasing Top","MealTicket","Gremlin Horn","Lantern"],"acts_visited":["Exordium","TheCity","TheBeyond"],"potions_floor_usage":[7,16,18,50,50,50],"damage_taken":[{"damage":1,"enemies":"Jaw Worm","floor":1,"turns":4},{"damage":0,"enemies":"Small Slimes","floor":4,"turns":4},{"damage":16,"enemies":"Lagavulin","floor":7,"turns":8},{"damage":4,"enemies":"3 Sentries","floor":11,"turns":10},{"damage":10,"enemies":"Gremlin Nob","floor":13,"turns":4},{"damage":12,"enemies":"The Guardian","floor":16,"turns":14},{"damage":4,"enemies":"Shell Parasite","floor":18,"turns":4},{"damage":0,"enemies":"Gremlin Leader","floor":24,"turns":2},{"damage":2,"enemies":"Book of Stabbing","floor":30,"turns":4},{"damage":0,"enemies":"Chosen","floor":31,"turns":1},{"damage":23,"enemies":"Automaton","floor":33,"turns":8},{"damage":0,"enemies":"3 Darklings","floor":35,"turns":2},{"damage":3,"enemies":"Mind Bloom Boss Battle","floor":36,"turns":6},{"damage":0,"enemies":"Orb Walker","floor":37,"turns":2},{"damage":0,"enemies":"Spire Growth","floor":39,"turns":3},{"damage":0,"enemies":"4 Shapes","floor":41,"turns":1},{"damage":3,"enemies":"Nemesis","floor":42,"turns":4},{"damage":0,"enemies":"Jaw Worm Horde","floor":45,"turns":1},{"damage":0,"enemies":"Giant Head","floor":47,"turns":5},{"damage":0,"enemies":"Time Eater","floor":50,"turns":9}],"seed_played":"524558505403597046","potions_obtained":[{"floor":4,"key":"Block Potion"},{"floor":7,"key":"Explosive Potion"},{"floor":16,"key":"EssenceOfSteel"},{"floor":24,"key":"AttackPotion"},{"floor":30,"key":"EssenceOfSteel"},{"floor":36,"key":"SneckoOil"}],"is_trial":false,"path_per_floor":["M","$","?","M","?","R","E","$","T","?","E","R","E","?","R","B",null,"M","?","?","T","$","R","E","R","T","$","?","?","E","M","R","B",null,"M","?","M","$","M","R","M","E","T","$","M","R","E","?","R","B",null],"character_chosen":"THE_WILD_CARD","items_purchased":["Apotheosis","ClockworkSouvenir","theWildCard:Abstinence","Master of Strategy","theWildCard:Abstinence"],"campfire_rested":1,"item_purchase_floors":[2,2,8,22,27],"current_hp_per_floor":[41,41,41,41,34,34,18,18,25,18,16,16,8,8,28,18,55,53,53,53,53,53,53,55,55,55,55,67,67,65,67,67,44,61,63,62,64,64,66,66,67,64,64,67,67,67,67,67,67,67],"gold":62,"neow_bonus":"TWO_FIFTY_GOLD","is_daily":false,"chose_seed":false,"campfire_upgraded":8,"win_rate":0.0,"timestamp":1612389640,"path_taken":["M","$","?","M","?","R","E","$","T","?","E","R","E","?","R","BOSS","M","?","?","?","$","R","E","R","T","$","?","?","E","M","R","BOSS","M","?","M","$","M","R","M","E","T","?","M","R","E","?","R","BOSS"],"items_purchased_type":["Card","Relic","Card","Card","Card"],"build_version":"2020-12-22","purchased_purges":5,"victory":true,"max_hp_per_floor":[60,60,60,60,60,60,60,60,67,67,67,67,67,67,67,67,67,67,67,67,67,67,67,67,67,67,67,67,67,67,67,67,67,67,67,67,67,67,67,67,67,67,67,67,67,67,67,67,67,67],"card_choices":[{"not_picked":["theWildCard:Patience","theWildCard:Michael","theWildCard:Unburden"],"picked":"SKIP","floor":1},{"not_picked":["theWildCard:Unburden","theWildCard:ArchaicAssault","theWildCard:Metatron"],"picked":"SKIP","floor":4},{"not_picked":["theWildCard:Sakuya","theWildCard:StalwartBlade","theWildCard:ShieldOfMany"],"picked":"SKIP","floor":7},{"not_picked":["theWildCard:MagicalMight","theWildCard:IdentityTheft"],"picked":"theWildCard:CryOfAgony","floor":11},{"not_picked":["theWildCard:ArcanaArtistry","theWildCard:Patience","theWildCard:SeveringSlash"],"picked":"SKIP","floor":13},{"not_picked":["theWildCard:FinalHour","theWildCard:Amaterasu"],"picked":"theWildCard:Desolation","floor":16},{"not_picked":["theWildCard:Unburden","theWildCard:Patience","theWildCard:Polydeuces"],"picked":"SKIP","floor":18},{"not_picked":["theWildCard:EnergizedStroke+1","theWildCard:Safeguard"],"picked":"theWildCard:Abstinence","floor":24},{"not_picked":["theWildCard:SacrificialStroke+1","theWildCard:FinalHour","theWildCard:ArcaneArts"],"picked":"SKIP","floor":30},{"not_picked":["theWildCard:Unburden+1","theWildCard:LadyLuck","theWildCard:SacrificialStroke+1"],"picked":"SKIP","floor":31},{"not_picked":["theWildCard:StalwartBlade+1"],"picked":"SKIP","floor":35},{"not_picked":["theWildCard:PowerOfTheArcana+1"],"picked":"SKIP","floor":37},{"not_picked":["theWildCard:Proficiency"],"picked":"SKIP","floor":39},{"not_picked":["theWildCard:SeveringSlash+1"],"picked":"SKIP","floor":41},{"not_picked":[],"picked":"theWildCard:Providence+1","floor":42},{"not_picked":["theWildCard:SacrificialStroke+1"],"picked":"SKIP","floor":45},{"not_picked":["theWildCard:BladeOfGenerations"],"picked":"SKIP","floor":47}],"player_experience":554840,"relics_obtained":[{"floor":7,"key":"Blood Vial"},{"floor":9,"key":"Strawberry"},{"floor":11,"key":"Letter Opener"},{"floor":13,"key":"Juzu Bracelet"},{"floor":21,"key":"Bag of Marbles"},{"floor":24,"key":"Vajra"},{"floor":26,"key":"Bronze Scales"},{"floor":30,"key":"Akabeko"},{"floor":36,"key":"Unceasing Top"},{"floor":42,"key":"MealTicket"},{"floor":43,"key":"Gremlin Horn"},{"floor":47,"key":"Lantern"}],"event_choices":[{"damage_healed":0,"gold_gain":175,"player_choice":"AGREE","damage_taken":0,"max_hp_gain":0,"max_hp_loss":0,"event_name":"Liars Game","floor":3,"gold_loss":0,"cards_obtained":["Doubt"]},{"damage_healed":0,"gold_gain":0,"player_choice":"Success","damage_taken":7,"relics_obtained":["CeramicFish"],"max_hp_gain":0,"max_hp_loss":0,"event_name":"Scrap Ooze","floor":5,"gold_loss":0},{"cards_removed":["theWildCard:Arsene"],"damage_healed":0,"gold_gain":0,"player_choice":"Card Removal","damage_taken":7,"max_hp_gain":0,"max_hp_loss":0,"event_name":"Golden Wing","floor":10,"gold_loss":0},{"damage_healed":0,"gold_gain":30,"player_choice":"Searched \u00271\u0027 times","damage_taken":0,"max_hp_gain":0,"max_hp_loss":0,"event_name":"Dead Adventurer","floor":14,"gold_loss":0},{"damage_healed":0,"gold_gain":0,"player_choice":"Inject Mutagens","damage_taken":0,"relics_obtained":["MutagenicStrength"],"max_hp_gain":0,"max_hp_loss":0,"event_name":"Drug Dealer","floor":19,"gold_loss":0},{"damage_healed":0,"gold_gain":99,"player_choice":"Stole From Cult","damage_taken":0,"max_hp_gain":0,"max_hp_loss":0,"event_name":"Nest","floor":20,"gold_loss":0},{"damage_healed":22,"gold_gain":0,"player_choice":"Heal","damage_taken":0,"max_hp_gain":0,"max_hp_loss":0,"event_name":"The Library","floor":28,"gold_loss":0},{"damage_healed":0,"gold_gain":0,"player_choice":"Ignored","damage_taken":0,"max_hp_gain":0,"max_hp_loss":0,"event_name":"Ghosts","floor":29,"gold_loss":0},{"damage_healed":0,"gold_gain":0,"player_choice":"Fight","damage_taken":0,"max_hp_gain":0,"max_hp_loss":0,"event_name":"MindBloom","floor":36,"gold_loss":0},{"cards_removed":["theWildCard:CallToAdventure"],"damage_healed":0,"gold_gain":0,"player_choice":"Card Removal","damage_taken":0,"max_hp_gain":0,"max_hp_loss":0,"event_name":"Wheel of Change","floor":48,"gold_loss":0}],"is_beta":false,"boss_relics":[{"not_picked":["Coffee Dripper","Calling Bell","Fusion Hammer"]},{"not_picked":["SacredBark","Velvet Choker"],"picked":"Busted Crown"}],"items_purged_floors":[8,22,27,38,44],"is_endless":false,"potions_floor_spawned":[4,7,16,24,30,36,41,45,47],"ascension_level":5}}