{"host":"7iv10lxbxedtd0qh","time":1612365879,"event":{"mods":["BaseMod","Colored Map","Colored Powertips","Downfall","Minty Spire (QoL Compilation)","StSLib"],"gold_per_floor":[99,99,99,99,99,99,123,123,123,134,145,170,70,87,107,211,211,211,227,247,266,366,366,366,385,385,411,311,344,143,158,168,273,273,273,293,293,310,324,324,347,365,365,375,375,280,312,99,119,119],"floor_reached":51,"language":"ENG","playtime":3396,"items_purged":["Guardian:Strike_Guardian","Guardian:Defend_Guardian"],"score":885,"play_id":"eb504ebf-0b17-4c70-a519-0c37595590f4","local_time":"20210203162439","is_ascension_mode":true,"campfire_choices":[{"data":"Guardian:TwinSlam","floor":1,"key":"SMITH"},{"data":"Guardian:MultiBeam","floor":9,"key":"SMITH"},{"data":"Guardian:CurlUp","floor":13,"key":"SMITH"},{"data":"Guardian:FuturePlans","floor":18,"key":"SMITH"},{"data":"Guardian:PrismaticBeam","floor":28,"key":"SMITH"},{"data":"Guardian:ExploitGems","floor":35,"key":"SMITH"},{"data":"Guardian:BronzeArmor","floor":43,"key":"SMITH"},{"data":"Guardian:ArmoredProtocol","floor":45,"key":"SMITH"}],"circlet_count":0,"master_deck":["Guardian:Defend_Guardian","Guardian:Defend_Guardian","Guardian:CurlUp+1","Guardian:TwinSlam+1","Guardian:MultiBeam+1","Guardian:TimeBomb","Guardian:PrismaticBeam+1","Guardian:FuturePlans+1","Guardian:ArmoredProtocol","Guardian:BronzeArmor+1","Guardian:PrismaticBarrier+1","Guardian:GemFinder","Guardian:ShieldCharger+1","Guardian:GemFinder","Guardian:ShieldCharger","Guardian:Reroute","Guardian:ShieldCharger","Guardian:ExploitGems+1","Guardian:ArmoredProtocol+1","Guardian:TimeCapacitor"],"relics":["Guardian:ModeShifterPlus","downfall:HeartsMalice","Oddly Smooth Stone","Bag of Preparation","downfall:HeartBlessingGreen","Coffee Dripper","Turnip","Shuriken","Prayer Wheel","downfall:HeartBlessingBlue","The Courier","Blood Vial","Regal Pillow","Bottled Lightning"],"acts_visited":["Exordium","TheCity","TheBeyond"],"potions_floor_usage":[12,12,16,22,22,30,33,33,47,50,50],"damage_taken":[{"damage":0,"enemies":"Jaw Worm","floor":2,"turns":1},{"damage":0,"enemies":"Cultist","floor":3,"turns":1},{"damage":0,"enemies":"2 Louse","floor":5,"turns":1},{"damage":14,"enemies":"Gremlin Gang","floor":10,"turns":4},{"damage":9,"enemies":"Blue Slaver","floor":11,"turns":4},{"damage":8,"enemies":"Lagavulin","floor":12,"turns":6},{"damage":4,"enemies":"Exordium Thugs","floor":14,"turns":5},{"damage":0,"enemies":"Exordium Wildlife","floor":15,"turns":3},{"damage":0,"enemies":"SI_SHIV_ARCHETYPE","floor":16,"turns":8},{"damage":6,"enemies":"Shell Parasite","floor":19,"turns":5},{"damage":0,"enemies":"Chosen","floor":20,"turns":3},{"damage":7,"enemies":"Snake Plant","floor":21,"turns":4},{"damage":0,"enemies":"Colosseum Nobs","floor":22,"turns":2},{"damage":0,"enemies":"Centurion and Healer","floor":25,"turns":6},{"damage":24,"enemies":"Slavers","floor":27,"turns":4},{"damage":26,"enemies":"Book of Stabbing","floor":29,"turns":6},{"damage":0,"enemies":"downfall:FleeingMerchant","floor":30,"turns":4},{"damage":4,"enemies":"Shelled Parasite and Fungi","floor":31,"turns":5},{"damage":8,"enemies":"Snake Plant","floor":32,"turns":4},{"damage":5,"enemies":"DF_ARCHETYPE_CLAW","floor":33,"turns":8},{"damage":0,"enemies":"3 Shapes","floor":36,"turns":6},{"damage":1,"enemies":"Orb Walker","floor":38,"turns":4},{"damage":0,"enemies":"Maw","floor":39,"turns":6},{"damage":0,"enemies":"Spire Growth","floor":42,"turns":7},{"damage":7,"enemies":"3 Darklings","floor":44,"turns":3},{"damage":0,"enemies":"downfall:FleeingMerchant","floor":46,"turns":4},{"damage":14,"enemies":"Reptomancer","floor":47,"turns":4},{"damage":0,"enemies":"downfall:FleeingMerchant","floor":48,"turns":4},{"damage":0,"enemies":"Maw","floor":49,"turns":5},{"damage":18,"enemies":"IC_BLOCK_ARCHETYPE","floor":50,"turns":9}],"seed_played":"6427165087639003071","potions_obtained":[{"floor":4,"key":"Guardian:DefensiveModePotion"},{"floor":4,"key":"SkillPotion"},{"floor":4,"key":"SteroidPotion"},{"floor":14,"key":"Guardian:AcceleratePotion"},{"floor":16,"key":"Energy Potion"},{"floor":19,"key":"SkillPotion"},{"floor":21,"key":"DistilledChaos"},{"floor":23,"key":"CultistPotion"},{"floor":27,"key":"LiquidBronze"},{"floor":32,"key":"Explosive Potion"},{"floor":33,"key":"bronze:BurnAndBuffPotion"},{"floor":38,"key":"GamblersBrew"},{"floor":49,"key":"LiquidBronze"}],"is_trial":false,"path_per_floor":["R","M","M","?","M","?","T","?","R","M","M","E","R","M","M","B",null,"R","M","M","M","?","?","T","M","?","E","R","E","$","M","M","B",null,"R","M","?","M","M","?","T","M","R","M","R","$","E","$","M","B",null],"character_chosen":"GUARDIAN","items_purchased":["Guardian:GemFinder","Bottled Lightning"],"campfire_rested":0,"item_purchase_floors":[30,48],"current_hp_per_floor":[80,80,80,80,80,80,80,80,80,66,57,49,49,45,45,45,80,80,74,74,67,67,67,67,67,67,43,53,27,27,23,15,10,90,90,90,90,89,89,89,89,90,90,83,83,85,73,75,77,61],"gold":119,"neow_bonus":"THREE_ENEMY_KILL","is_daily":false,"chose_seed":false,"campfire_upgraded":8,"win_rate":0.0,"timestamp":1612365879,"path_taken":["R","M","M","?","?","?","T","?","R","M","?","E","R","M","M","BOSS","R","M","M","M","?","?","T","M","?","E","R","E","$","?","M","BOSS","R","M","?","M","M","?","T","M","R","M","R","?","E","$","M","BOSS"],"items_purchased_type":["Card","Relic"],"build_version":"2020-12-22","purchased_purges":2,"victory":true,"max_hp_per_floor":[80,80,80,80,80,80,80,80,80,80,80,80,80,80,80,80,80,80,80,80,80,80,80,80,80,80,80,90,90,90,90,90,90,90,90,90,90,90,90,90,90,90,90,90,90,90,90,90,90,90],"card_choices":[{"not_picked":["Guardian:Planning","Guardian:ArmoredProtocol"],"picked":"Guardian:MultiBeam","floor":2},{"not_picked":["Guardian:TemporalShield","Guardian:RollAttack"],"picked":"Guardian:TimeBomb","floor":3},{"not_picked":["Guardian:TemporalShield","Guardian:Emergency"],"picked":"Guardian:Gem_Crimson","floor":5},{"not_picked":["Guardian:ArmoredProtocol","Guardian:MultiBeam"],"picked":"Guardian:Gem_Red","floor":10},{"not_picked":["Guardian:TemporalStrike","Guardian:BodySlam","Guardian:ChargeCore"],"picked":"SKIP","floor":11},{"not_picked":["Guardian:Suspension","Guardian:FastForward"],"picked":"Guardian:PrismaticBeam","floor":12},{"not_picked":["Guardian:Gem_Green","Guardian:Planning"],"picked":"Guardian:FuturePlans","floor":14},{"not_picked":["Guardian:Gem_Lightblue","Guardian:RollAttack"],"picked":"Guardian:ArmoredProtocol","floor":15},{"not_picked":["Guardian:StasisStrike","Guardian:AncientConstruct"],"picked":"Guardian:Gem_Orange","floor":16},{"not_picked":["Guardian:Gem_Green","Guardian:WalkerClaw","Guardian:Planning+1"],"picked":"SKIP","floor":19},{"not_picked":["Guardian:Gem_Cyan","Guardian:DecasProtection","Guardian:GuardianWhirl+1"],"picked":"SKIP","floor":20},{"not_picked":["Guardian:Gem_Red","Guardian:GemFire"],"picked":"Guardian:Gem_Crimson","floor":21},{"not_picked":["Guardian:TimeCapacitor","Guardian:MultiBeam+1"],"picked":"Guardian:BronzeArmor","floor":22},{"not_picked":["Guardian:RefractedBeam","Guardian:PiercingHide","Guardian:TimeCapacitor"],"picked":"SKIP","floor":25},{"not_picked":["Guardian:Harden","Guardian:DecasProtection"],"picked":"Guardian:PrismaticBarrier+1","floor":27},{"not_picked":["Guardian:Reroute+1","Guardian:HyperBeam_Guardian"],"picked":"Guardian:GemFinder","floor":29},{"not_picked":["Guardian:Gem_Green","Guardian:Gem_Lightblue"],"picked":"Guardian:Gem_Red","floor":30},{"not_picked":["Guardian:TemporalStrike","Guardian:FloatingOrbs"],"picked":"Guardian:ShieldCharger+1","floor":30},{"not_picked":["Guardian:RollAttack","Guardian:CrystalBeam"],"picked":"Guardian:ShieldCharger","floor":31},{"not_picked":["Guardian:DecasProtection+1","Guardian:TemporalShield+1"],"picked":"Guardian:Reroute","floor":31},{"not_picked":["Guardian:Gem_Green","Guardian:Gem_Lightblue"],"picked":"Guardian:Gem_Red","floor":31},{"not_picked":["Guardian:Gem_Green","Guardian:Gem_Lightblue"],"picked":"Guardian:Gem_Cyan","floor":31},{"not_picked":["Guardian:Gem_Lightblue","Guardian:Gem_Red"],"picked":"Guardian:Gem_Cyan","floor":32},{"not_picked":["Guardian:Gem_Lightblue","Guardian:Gem_Green"],"picked":"Guardian:Gem_Cyan","floor":32},{"not_picked":["Guardian:Gem_Red","Guardian:TemporalStrike"],"picked":"Guardian:ShieldCharger","floor":32},{"not_picked":["Guardian:TemporalShield+1","Guardian:GuardianWhirl","Guardian:Gem_Red"],"picked":"SKIP","floor":32},{"not_picked":["Guardian:BaubleBeam","Guardian:GemFinder"],"picked":"Guardian:ExploitGems","floor":33},{"not_picked":["Guardian:Gem_Lightblue","Guardian:Gem_Cyan"],"picked":"Guardian:Gem_Green","floor":33},{"not_picked":["Guardian:ChargeCore","Guardian:PiercingHide","Guardian:RollAttack+1"],"picked":"SKIP","floor":36},{"not_picked":["Guardian:ChargeCore","Guardian:PolyBeam+1","Guardian:GuardianWhirl+1"],"picked":"SKIP","floor":36},{"not_picked":["Guardian:Gem_Cyan","Guardian:TemporalShield+1","Guardian:Harden"],"picked":"SKIP","floor":38},{"not_picked":["Guardian:TimeSifter","Guardian:PrimingBeam+1","Guardian:Suspension"],"picked":"SKIP","floor":38},{"not_picked":["Guardian:PrimingBeam","Guardian:Emergency"],"picked":"Guardian:ArmoredProtocol","floor":39},{"not_picked":["Guardian:MultiBeam","Guardian:Gem_Blue","Guardian:Harden+1"],"picked":"SKIP","floor":39},{"not_picked":["Guardian:Emergency","Guardian:Planning+1","Guardian:RollAttack+1"],"picked":"SKIP","floor":42},{"not_picked":["Guardian:PiercingHide+1","Guardian:Gem_Lightblue","Guardian:Reroute+1"],"picked":"SKIP","floor":42},{"not_picked":["Guardian:ChargeCore","Guardian:PiercingHide","Guardian:TimeBomb+1"],"picked":"SKIP","floor":44},{"not_picked":["Guardian:Preprogram","Guardian:Gem_Red","Guardian:ShieldSpikes+1"],"picked":"SKIP","floor":44},{"not_picked":["Guardian:PrismaticBeam+1","Guardian:RollAttack+1"],"picked":"Guardian:TimeCapacitor","floor":46},{"not_picked":["Guardian:Suspension+1","Guardian:ChargeCore","Guardian:WalkerClaw"],"picked":"SKIP","floor":47},{"not_picked":["Guardian:PrismaticBeam","Guardian:BodySlam","Guardian:RefractedBeam+1"],"picked":"SKIP","floor":48},{"not_picked":["Guardian:Repulse","Guardian:PrimingBeam","Guardian:Reroute"],"picked":"SKIP","floor":49},{"not_picked":["Guardian:CrystalBeam","Guardian:Gem_Yellow","Guardian:Gem_Fragmented"],"picked":"SKIP","floor":49},{"not_picked":["Guardian:Repulse","Guardian:PrimingBeam","Guardian:Reroute"],"picked":"SKIP","floor":49},{"not_picked":["Guardian:CrystalBeam","Guardian:Gem_Yellow","Guardian:Gem_Fragmented"],"picked":"SKIP","floor":49}],"player_experience":807004,"relics_obtained":[{"floor":7,"key":"Oddly Smooth Stone"},{"floor":12,"key":"Bag of Preparation"},{"floor":22,"key":"Turnip"},{"floor":22,"key":"Shuriken"},{"floor":27,"key":"Prayer Wheel"},{"floor":29,"key":"The Courier"},{"floor":41,"key":"Blood Vial"},{"floor":47,"key":"Regal Pillow"}],"event_choices":[{"damage_healed":0,"gold_gain":0,"player_choice":"Got Potions","damage_taken":0,"max_hp_gain":0,"max_hp_loss":0,"event_name":"Lab","floor":4,"gold_loss":0},{"cards_removed":["Guardian:Strike_Guardian"],"damage_healed":0,"gold_gain":0,"player_choice":"Offered Basic","damage_taken":0,"max_hp_gain":0,"max_hp_loss":0,"event_name":"Bonfire Elementals","floor":8,"gold_loss":0},{"cards_removed":["Guardian:Defend_Guardian"],"damage_healed":0,"gold_gain":0,"player_choice":"Removed Skill","damage_taken":0,"max_hp_gain":0,"max_hp_loss":0,"event_name":"Falling","floor":37,"gold_loss":0}],"is_beta":false,"boss_relics":[{"not_picked":["Guardian:StasisSlotReductionRelic","bronze:MakeshiftBattery"],"picked":"Coffee Dripper"},{"not_picked":["Tiny House","Fusion Hammer"],"picked":"Guardian:ModeShifterPlus"}],"items_purged_floors":[30,46],"is_endless":false,"potions_floor_spawned":[11,14,16,19,21,27,29,32,33,38,44,49],"ascension_level":4}}