{"host":"l7l2v2zs4hqku4vk","time":1612349647,"event":{"mods":["Act Like it!","BaseMod","Colored Powertips","Highlight Path","Minty Spire (QoL Compilation)","Replay The Spire","RumiaBox-露米娅的神秘盒子","StSLib","TestMod","The Servant 0.9.4","篝火指南"],"gold_per_floor":[114,129,144,44,117,117,117,117,142,142,172,22,36,50,50,149,149,165,181,106,38,55,55,86,104,128,144,144,177,192,210,210,313,313,332,347,367,17,66,66,97,114,114,188,223,23,23,38,38,46],"floor_reached":51,"language":"ZHS","playtime":1668,"items_purged":["Strike_S","Strike_S","Strike_S"],"score":1049,"play_id":"ba83fa4d-8aaa-44d4-8d76-d4d445a05d9a","local_time":"20210203185407","daily_mods":["Allstar","Time Dilation","Lethality"],"is_ascension_mode":false,"campfire_choices":[{"data":"testmod-AutoReboundSystem","floor":6,"key":"SMITH"},{"floor":8,"key":"REST"},{"data":"Master of Strategy","floor":10,"key":"SMITH"},{"data":"testmod-EternalityOfKhronos","floor":15,"key":"SMITH"},{"data":"Initiator","floor":23,"key":"SMITH"},{"data":"KidneyShot","floor":32,"key":"SMITH"},{"data":"Embodiment","floor":40,"key":"SMITH"},{"data":"Rearm","floor":47,"key":"SMITH"},{"data":"Gouge","floor":49,"key":"SMITH"}],"circlet_count":0,"master_deck":["Strike_S","Defend_S","Defend_S","Defend_S","Defend_S","KidneyShot+1","Exchange","testmod-Automaton","Master of Strategy+1","testmod-EternalityOfKhronos+1","testmod-AutoReboundSystem+1","Panache","Rearm+1","ShatteredReality","Contraction+1","BottledTime","Initiator+1","BottledTime+1","Gouge+1","Embodiment+1","Sickly","SilverBlades+1","Contraction+1"],"relics":["Uniform","testmod-TestBox","testmod-HeartOfStrike","Strawberry","Ccalipers","Ornamental Fan","testmod-Charity","testmod-DeterminationOfClimber","testmod-Muramasa","Replay:Baseball","Oddly Smooth Stone","Philosopher\u0027s Stone","Shuriken","Ring of Greed","Smiling Mask","Tiny Chest","Vajra","Omamori","Replay:Bottled Steam","MagicDraw4","Orrery"],"acts_visited":["Exordium","TheCity","TheBeyond"],"potions_floor_usage":[11,14,16,16],"damage_taken":[{"damage":0,"enemies":"Cultist","floor":1,"turns":1},{"damage":0,"enemies":"2 Louse","floor":2,"turns":1},{"damage":9,"enemies":"Jaw Worm","floor":3,"turns":2},{"damage":12,"enemies":"Replay:BlueRogue","floor":11,"turns":2},{"damage":6,"enemies":"Large Slime","floor":13,"turns":2},{"damage":0,"enemies":"Red Slaver","floor":14,"turns":2},{"damage":16,"enemies":"Hexaghost","floor":16,"turns":7},{"damage":0,"enemies":"Spheric Guardian","floor":18,"turns":2},{"damage":0,"enemies":"2 Thieves","floor":19,"turns":1},{"damage":0,"enemies":"Sentry and Sphere","floor":22,"turns":2},{"damage":0,"enemies":"Book of Stabbing","floor":24,"turns":1},{"damage":0,"enemies":"Cultist and Chosen","floor":25,"turns":1},{"damage":0,"enemies":"Chosen and Byrds","floor":27,"turns":1},{"damage":0,"enemies":"Replay:Snechameleon","floor":29,"turns":1},{"damage":0,"enemies":"Sentry and Sphere","floor":30,"turns":1},{"damage":0,"enemies":"Centurion and Healer","floor":31,"turns":2},{"damage":0,"enemies":"Collector","floor":33,"turns":1},{"damage":0,"enemies":"3 Shapes","floor":35,"turns":1},{"damage":0,"enemies":"3 Darklings","floor":36,"turns":1},{"damage":0,"enemies":"Spire Growth","floor":37,"turns":1},{"damage":0,"enemies":"Nemesis","floor":41,"turns":1},{"damage":6,"enemies":"4 Shapes","floor":42,"turns":1},{"damage":0,"enemies":"R_Hoarder","floor":45,"turns":2},{"damage":0,"enemies":"Sphere and 2 Shapes","floor":48,"turns":1},{"damage":0,"enemies":"Time Eater","floor":50,"turns":2}],"seed_played":"4031875728642390749","potions_obtained":[{"floor":2,"key":"Block Potion"},{"floor":3,"key":"Weak Potion"},{"floor":5,"key":"Adrenaline Potion"},{"floor":11,"key":"testmod-TimePotion"},{"floor":19,"key":"PowerPotion"},{"floor":22,"key":"FearPotion"},{"floor":25,"key":"Death Potion"},{"floor":37,"key":"AttackPotion"}],"is_trial":false,"path_per_floor":["M","M","M","$","?","R","?","R","T","R","E","$","M","M","R","B",null,"M","M","$","$","M","R","E","M","T","M","?","E","M","M","R","B",null,"M","M","M","$","?","R","E","M","T","T","E","$","R","M","R","B",null],"character_chosen":"THE_SERVANT","items_purchased":["Fruit Juice","testmod-Charity","Gouge","Shuriken","Orrery"],"campfire_rested":1,"item_purchase_floors":[4,12,21,38,46],"current_hp_per_floor":[65,65,56,56,37,37,37,58,58,58,51,51,46,47,47,32,80,86,91,91,91,98,98,104,110,111,117,117,124,128,136,136,144,144,149,154,159,159,160,160,165,165,165,166,179,179,179,184,184,194],"gold":46,"neow_bonus":"","is_daily":true,"chose_seed":false,"campfire_upgraded":8,"win_rate":0.0,"timestamp":1612349647,"path_taken":["M","M","?","$","?","R","?","R","T","R","E","$","?","M","R","BOSS","M","M","?","$","?","R","E","M","T","M","?","E","M","M","R","BOSS","M","M","M","$","?","R","E","M","T","?","E","?","R","M","R","BOSS"],"items_purchased_type":["Potion","Relic","Card","Relic","Relic"],"build_version":"2020-12-22","purchased_purges":3,"victory":true,"max_hp_per_floor":[65,65,65,65,72,72,72,72,72,72,77,77,78,79,79,80,80,86,91,91,91,98,98,104,110,111,117,117,124,128,136,136,144,144,149,154,159,159,160,160,165,169,169,170,179,179,179,184,184,194],"card_choices":[{"not_picked":["Potential","Unruled"],"picked":"Rearm","floor":1},{"not_picked":["Misdirection","Revamp","Replace"],"picked":"SKIP","floor":2},{"not_picked":["Replace","Reset"],"picked":"ShatteredReality","floor":3},{"not_picked":["DualDimension","RealityMarble"],"picked":"Contraction","floor":5},{"not_picked":["Alleviate","Revamp","Deny"],"picked":"SKIP","floor":11},{"not_picked":["Comet","Spin"],"picked":"BottledTime","floor":13},{"not_picked":["Alleviate","Potential","ShatteredReality"],"picked":"SKIP","floor":14},{"not_picked":["MurderousAura","Embodiment"],"picked":"Initiator","floor":16},{"not_picked":["TimeWarp","Revamp+1"],"picked":"BottledTime+1","floor":18},{"not_picked":["ShatteredReality+1","StarChef","Spin"],"picked":"SKIP","floor":19},{"not_picked":["Rearm","FastForward+1","Defy+1"],"picked":"SKIP","floor":22},{"not_picked":["Starlight","Collapse","StarChef+1"],"picked":"SKIP","floor":24},{"not_picked":["Alleviate","Starlight+1","Defy+1"],"picked":"SKIP","floor":25},{"not_picked":["Alleviate","Rearm","Unruled"],"picked":"SKIP","floor":27},{"not_picked":["DoubleEdge","Revamp","Reset"],"picked":"SKIP","floor":29},{"not_picked":["BottledTime","Unruled","TheWorld"],"picked":"SKIP","floor":30},{"not_picked":["Alleviate","StarChef","DoubleEdge+1"],"picked":"SKIP","floor":31},{"not_picked":["TrueSight","MurderousAura"],"picked":"Embodiment","floor":33},{"not_picked":["Ricochet+1","Spin+1","RealityMarble+1"],"picked":"SKIP","floor":35},{"not_picked":["StarChef","RealityMarble","DualDimension"],"picked":"SKIP","floor":36},{"not_picked":["Rewind","ShiftingGears+1","Alleviate+1"],"picked":"SKIP","floor":37},{"not_picked":["ShatteredReality+1","Rearm+1","Potential"],"picked":"SKIP","floor":41},{"not_picked":["Reset","Ricochet"],"picked":"SilverBlades+1","floor":42},{"not_picked":["Defy+1","Rewind","Sabotage"],"picked":"SKIP","floor":45},{"not_picked":["TimeWarp+1","Alleviate+1"],"picked":"Contraction+1","floor":46},{"not_picked":["Comet","Collapse+1","StarChef"],"picked":"SKIP","floor":48}],"player_experience":1741835,"relics_obtained":[{"floor":5,"key":"Strawberry"},{"floor":9,"key":"Ccalipers"},{"floor":11,"key":"Ornamental Fan"},{"floor":24,"key":"testmod-Muramasa"},{"floor":26,"key":"Replay:Baseball"},{"floor":29,"key":"Oddly Smooth Stone"},{"floor":39,"key":"Ring of Greed"},{"floor":39,"key":"Smiling Mask"},{"floor":39,"key":"Tiny Chest"},{"floor":41,"key":"Vajra"},{"floor":43,"key":"Omamori"},{"floor":44,"key":"Replay:Bottled Steam"},{"floor":45,"key":"MagicDraw4"}],"event_choices":[{"damage_healed":0,"gold_gain":0,"player_choice":"Upgraded","damage_taken":0,"max_hp_gain":0,"max_hp_loss":0,"event_name":"Upgrade Shrine","floor":7,"gold_loss":0,"cards_upgraded":["Contraction"]},{"damage_healed":0,"gold_gain":0,"player_choice":"Ignored","damage_taken":0,"max_hp_gain":0,"max_hp_loss":0,"event_name":"Vampires","floor":28,"gold_loss":0}],"is_beta":false,"boss_relics":[{"not_picked":["Busted Crown","Replay:Grab Bag"],"picked":"testmod-DeterminationOfClimber"},{"not_picked":["Replay:Bronze Core","testmod-StringDisintegrator"],"picked":"Philosopher\u0027s Stone"}],"items_purged_floors":[20,38,46],"is_endless":false,"potions_floor_spawned":[2,3,11,19,22,25,29,33,36,37,41],"ascension_level":0}}