{"host":"89iuq2p5kwriuwfq","time":1612383041,"event":{"mods":["BaseMod","Curses Come First","Minty Spire (QoL Compilation)","Permanent Neow","StSLib"],"gold_per_floor":[110,110,121,131,145,172,172,207,231,259,259,286,286,298,298,395,395,406,419,436,114,127,127,159,159,159,194,212,212,212,241,241,344,344,363,373,1,18,18,49,49,74,97,97,114,144,144,0,0,0,0,0,0,31,31],"floor_reached":56,"language":"ENG","playtime":3050,"items_purged":["Regret","Pain"],"score":2185,"play_id":"f4b85d6e-e7c9-4eac-b9f2-84b0020acbf8","local_time":"20210203201041","is_ascension_mode":true,"campfire_choices":[{"data":"Self Repair","floor":7,"key":"SMITH"},{"data":"Static Discharge","floor":11,"key":"SMITH"},{"data":"Self Repair","floor":15,"key":"SMITH"},{"data":"Fission","floor":23,"key":"SMITH"},{"data":"Fission","floor":25,"key":"SMITH"},{"data":"Sweeping Beam","floor":29,"key":"SMITH"},{"data":"Storm","floor":32,"key":"SMITH"},{"data":"Defragment","floor":41,"key":"SMITH"},{"floor":44,"key":"RECALL"},{"data":"Buffer","floor":47,"key":"SMITH"},{"data":"Amplify","floor":49,"key":"SMITH"},{"data":"Coolheaded","floor":52,"key":"SMITH"}],"circlet_count":0,"master_deck":["AscendersBane","Zap+1","Dualcast","Self Repair+1","Cold Snap","Compile Driver","Doom and Gloom","Cold Snap","Rip and Tear+1","Static Discharge+1","Ball Lightning+1","Self Repair+1","Fission+1","Ball Lightning","Beam Cell+1","Compile Driver+1","Fission+1","Sweeping Beam+1","Storm+1","Biased Cognition","Amplify+1","Chill","Barrage","Buffer+1","Storm","Defragment+1","Self Repair","Static Discharge+1","Steam Power+1","Capacitor","Coolheaded+1","Capacitor+1","Genetic Algorithm","Coolheaded+1","Coolheaded+1","Coolheaded+1"],"relics":["Cracked Core","Thread and Needle","Regal Pillow","Anchor","Blood Vial","Centennial Puzzle","Kunai","Coffee Dripper","Cables","HornCleat","Symbiotic Virus","Darkstone Periapt","WarpedTongs","Mango","Pandora\u0027s Box","Bag of Marbles","Mummified Hand","Art of War","Toxic Egg 2","Red Mask","Whetstone"],"acts_visited":["Exordium","TheCity","TheBeyond","TheEnding"],"potions_floor_usage":[6,8,12,40,55,55],"damage_taken":[{"damage":2,"enemies":"2 Louse","floor":1,"turns":3},{"damage":5,"enemies":"Jaw Worm","floor":3,"turns":4},{"damage":0,"enemies":"Small Slimes","floor":4,"turns":3},{"damage":3,"enemies":"Gremlin Gang","floor":5,"turns":5},{"damage":0,"enemies":"Gremlin Nob","floor":6,"turns":3},{"damage":0,"enemies":"3 Sentries","floor":8,"turns":4},{"damage":27,"enemies":"Lagavulin","floor":10,"turns":5},{"damage":13,"enemies":"Gremlin Nob","floor":12,"turns":4},{"damage":0,"enemies":"2 Fungi Beasts","floor":14,"turns":3},{"damage":35,"enemies":"Hexaghost","floor":16,"turns":8},{"damage":22,"enemies":"Shell Parasite","floor":18,"turns":4},{"damage":13,"enemies":"3 Byrds","floor":19,"turns":4},{"damage":17,"enemies":"Snake Plant","floor":20,"turns":4},{"damage":9,"enemies":"Centurion and Healer","floor":22,"turns":4},{"damage":7,"enemies":"Gremlin Leader","floor":24,"turns":3},{"damage":0,"enemies":"Book of Stabbing","floor":27,"turns":3},{"damage":2,"enemies":"Snecko","floor":28,"turns":4},{"damage":10,"enemies":"Slavers","floor":31,"turns":3},{"damage":72,"enemies":"Automaton","floor":33,"turns":9},{"damage":0,"enemies":"3 Shapes","floor":35,"turns":3},{"damage":0,"enemies":"Orb Walker","floor":36,"turns":3},{"damage":0,"enemies":"Spire Growth","floor":38,"turns":3},{"damage":0,"enemies":"Reptomancer","floor":40,"turns":4},{"damage":0,"enemies":"Giant Head","floor":42,"turns":3},{"damage":0,"enemies":"3 Darklings","floor":45,"turns":1},{"damage":0,"enemies":"Reptomancer","floor":46,"turns":3},{"damage":0,"enemies":"Awakened One","floor":50,"turns":5},{"damage":4,"enemies":"Shield and Spear","floor":54,"turns":3},{"damage":63,"enemies":"The Heart","floor":55,"turns":5}],"seed_played":"-1767212334967227380","potions_obtained":[{"floor":1,"key":"FocusPotion"},{"floor":6,"key":"Block Potion"},{"floor":10,"key":"EntropicBrew"},{"floor":20,"key":"DistilledChaos"},{"floor":22,"key":"Strength Potion"},{"floor":35,"key":"Fruit Juice"},{"floor":40,"key":"FearPotion"}],"is_trial":false,"path_per_floor":["M","?","M","M","M","E","R","E","T","E","R","E","?","M","R","B",null,"M","M","M","$","M","R","E","R","T","E","M","R","?","E","R","B",null,"M","M","$","M","?","E","R","E","T","R","M","E","R","?","R","B",null,"R","$","E","B",null],"character_chosen":"DEFECT","items_purchased":["Cables","Capacitor","Bag of Marbles","Coolheaded"],"campfire_rested":0,"item_purchase_floors":[21,37,37,37],"current_hp_per_floor":[66,66,68,75,75,75,75,75,75,58,58,57,57,69,69,56,70,70,75,75,75,75,75,75,75,75,75,75,75,81,95,95,33,80,95,95,95,95,95,100,100,100,100,100,100,100,100,100,100,100,100,100,100,100,64],"gold":31,"neow_bonus":"UPGRADE_CARD","is_daily":false,"chose_seed":false,"campfire_upgraded":11,"win_rate":0.0,"timestamp":1612383041,"path_taken":["M","?","M","M","M","E","R","E","T","E","R","E","?","?","R","BOSS","M","M","M","$","M","R","E","R","T","E","M","R","?","E","R","BOSS","M","?","$","M","?","E","R","E","T","R","M","E","R","?","R","BOSS","R","$","E","BOSS"],"items_purchased_type":["Relic","Card","Relic","Card"],"build_version":"2020-12-22","purchased_purges":2,"victory":true,"max_hp_per_floor":[75,75,75,75,75,75,75,75,75,75,75,75,75,75,75,75,75,75,75,75,75,75,75,75,75,75,75,75,75,81,95,95,95,95,95,95,95,95,95,100,100,100,100,100,100,100,100,100,100,100,100,100,100,100,100],"card_choices":[{"not_picked":["Double Energy","Stack"],"picked":"Self Repair","floor":1},{"not_picked":["Conserve Battery","Sweeping Beam"],"picked":"Compile Driver","floor":3},{"not_picked":["Compile Driver","Steam Power"],"picked":"Doom and Gloom","floor":4},{"not_picked":["Thunder Strike","Doom and Gloom"],"picked":"Cold Snap","floor":5},{"not_picked":["Rebound","Force Field"],"picked":"Rip and Tear","floor":6},{"not_picked":["Reinforced Body","Gash","Leap"],"picked":"SKIP","floor":8},{"not_picked":["Compile Driver","Force Field"],"picked":"Static Discharge","floor":10},{"not_picked":["Blizzard","Hello World"],"picked":"Ball Lightning","floor":12},{"not_picked":["FTL","Undo"],"picked":"Self Repair","floor":14},{"not_picked":["Hyperbeam","Core Surge"],"picked":"Fission","floor":16},{"not_picked":["Hologram","Sunder"],"picked":"Ball Lightning","floor":18},{"not_picked":["Reinforced Body","Redo"],"picked":"Beam Cell+1","floor":19},{"not_picked":["Skim+1","Turbo"],"picked":"Compile Driver+1","floor":20},{"not_picked":["Lockon+1","Beam Cell","Go for the Eyes"],"picked":"SKIP","floor":22},{"not_picked":["Loop","Multi-Cast"],"picked":"Fission","floor":24},{"not_picked":["Turbo","Conserve Battery","BootSequence"],"picked":"SKIP","floor":27},{"not_picked":["Compile Driver","Go for the Eyes"],"picked":"Sweeping Beam","floor":28},{"not_picked":["Barrage","Lockon"],"picked":"Storm","floor":31},{"not_picked":["Echo Form","All For One"],"picked":"Biased Cognition","floor":33},{"not_picked":["Scrape","Ball Lightning+1"],"picked":"Static Discharge+1","floor":35},{"not_picked":["Go for the Eyes+1","Cold Snap+1"],"picked":"Steam Power+1","floor":36},{"not_picked":["Steam+1","Skim"],"picked":"Capacitor+1","floor":38},{"not_picked":["Hologram+1","Rebound+1"],"picked":"Genetic Algorithm","floor":40},{"not_picked":["Conserve Battery+1","Streamline+1","Auto Shields"],"picked":"SKIP","floor":42},{"not_picked":["Cold Snap","Rebound+1"],"picked":"Coolheaded+1","floor":45},{"not_picked":["Leap+1","Multi-Cast+1"],"picked":"Coolheaded+1","floor":46},{"not_picked":["Redo+1","Storm"],"picked":"Coolheaded+1","floor":54}],"player_experience":628251,"relics_obtained":[{"floor":6,"key":"Thread and Needle"},{"floor":8,"key":"Regal Pillow"},{"floor":9,"key":"Anchor"},{"floor":10,"key":"Blood Vial"},{"floor":12,"key":"Centennial Puzzle"},{"floor":24,"key":"HornCleat"},{"floor":26,"key":"Symbiotic Virus"},{"floor":27,"key":"Darkstone Periapt"},{"floor":31,"key":"Mango"},{"floor":40,"key":"Mummified Hand"},{"floor":42,"key":"Art of War"},{"floor":46,"key":"Toxic Egg 2"},{"floor":54,"key":"Whetstone"}],"event_choices":[{"damage_healed":0,"gold_gain":0,"cards_transformed":["Strike_B"],"player_choice":"Change","damage_taken":0,"max_hp_gain":0,"max_hp_loss":0,"event_name":"Living Wall","floor":2,"gold_loss":0,"cards_obtained":["Cold Snap"]},{"damage_healed":0,"gold_gain":0,"player_choice":"Box","damage_taken":0,"relics_obtained":["Kunai"],"max_hp_gain":0,"max_hp_loss":0,"event_name":"Big Fish","floor":13,"gold_loss":0,"cards_obtained":["Regret"]},{"damage_healed":0,"gold_gain":0,"player_choice":"Rummage","damage_taken":0,"relics_obtained":["WarpedTongs"],"max_hp_gain":0,"max_hp_loss":0,"event_name":"Accursed Blacksmith","floor":30,"gold_loss":0,"cards_obtained":["Pain"]},{"damage_healed":0,"gold_gain":0,"player_choice":"Memory 1","damage_taken":0,"max_hp_gain":0,"max_hp_loss":0,"event_name":"SensoryStone","floor":39,"gold_loss":0},{"damage_healed":0,"gold_gain":0,"player_choice":"Paid","damage_taken":0,"relics_obtained":["Red Mask"],"max_hp_gain":0,"max_hp_loss":0,"event_name":"Tomb of Lord Red Mask","floor":48,"gold_loss":144}],"is_beta":false,"boss_relics":[{"not_picked":["Empty Cage","Sozu"],"picked":"Coffee Dripper"},{"not_picked":["Black Star","SlaversCollar"],"picked":"Pandora\u0027s Box"}],"items_purged_floors":[21,37],"is_endless":false,"potions_floor_spawned":[1,6,10,12,16,20,22,28,31,35,40],"ascension_level":10}}