{"host":"v380u9jqfq8325l5","time":1612337902,"event":{"mods":["BaseMod","Bestiary","BetterRewards","Colored Map","Colored Powertips","Curses Come First","Evolution","Halation","Hubris","Infinite Spire","Minty Spire (QoL Compilation)","Reliquary","Spire Arcade","StSLib","SuperFastMode"],"gold_per_floor":[110,110,160,160,173,199,211,240,240,253,286,297,332,354,354,470,470,486,528,543,543,543,576,576,592,592,626,649,666,705,705,705,811,811,831,839,851,851,866,897,897,897,922,941,960,960,960,1020,1020,1050],"floor_reached":51,"language":"ENG","playtime":1485,"items_purged":["Defend_R"],"score":1305,"play_id":"e24577a4-b62a-4da9-b8f9-ed55fe870cd1","local_time":"20210203103822","is_ascension_mode":true,"campfire_choices":[{"data":"infinitespire:OneForAll","floor":15,"key":"SMITH"},{"data":"infinitespire:Execution","floor":24,"key":"SMITH"},{"data":"Limit Break","floor":32,"key":"SMITH"},{"floor":42,"key":"RECALL"},{"data":"Heavy Blade","floor":46,"key":"SMITH"},{"data":"Feed","floor":49,"key":"SMITH"}],"circlet_count":0,"master_deck":["Defend_R","Defend_R","Defend_R","Bash","Inflame+1","infinitespire:OneForAll+1","Feed+1","Reaper","Bite","Bite","Bite","Bite","Bite","infinitespire:Execution+1","Heavy Blade+1","Spot Weakness+1","Limit Break+1"],"relics":["Burning Blood","EVO:Axolotl","hubris:BundleOfHerbs","halation:Thesaurus","hubris:GlazedTorus","Sling","Bag of Preparation","HornCleat","Matryoshka","hubris:Reverence","Self Forming Clay","reliquary:JackalopeAntler","infinitespire:Midas Blood","hubris:CrackedHourglass","Strawberry","reliquary:MedicineBall","Peace Pipe","halation:AfternoonTea","hubris:ToyBattleship","halation:PinkSoulGem","infinitespire:Cupcake","hubris:MysteriousPyramids","Bag of Marbles","hubris:MedicalManual"],"acts_visited":["Exordium","TheCity","TheBeyond"],"potions_floor_usage":[8,11,20],"damage_taken":[{"damage":9,"enemies":"2 Louse","floor":1,"turns":3},{"damage":7,"enemies":"Jaw Worm","floor":5,"turns":3},{"damage":20,"enemies":"Lagavulin","floor":6,"turns":4},{"damage":9,"enemies":"Small Slimes","floor":7,"turns":3},{"damage":25,"enemies":"3 Sentries","floor":8,"turns":6},{"damage":18,"enemies":"Gremlin Gang","floor":10,"turns":6},{"damage":2,"enemies":"Gremlin Nob","floor":11,"turns":3},{"damage":0,"enemies":"2 Fungi Beasts","floor":12,"turns":2},{"damage":20,"enemies":"Lagavulin","floor":13,"turns":4},{"damage":13,"enemies":"Blue Slaver","floor":14,"turns":2},{"damage":47,"enemies":"Slime Boss","floor":16,"turns":11},{"damage":7,"enemies":"Chosen","floor":18,"turns":3},{"damage":12,"enemies":"3 Byrds","floor":19,"turns":4},{"damage":8,"enemies":"Centurion and Healer","floor":20,"turns":6},{"damage":23,"enemies":"Gremlin Leader","floor":23,"turns":4},{"damage":10,"enemies":"3 Cultists","floor":25,"turns":4},{"damage":8,"enemies":"Book of Stabbing","floor":27,"turns":3},{"damage":12,"enemies":"Chosen and Byrds","floor":28,"turns":3},{"damage":23,"enemies":"Centurion and Healer","floor":29,"turns":3},{"damage":20,"enemies":"Slavers","floor":30,"turns":3},{"damage":28,"enemies":"hubris:MusketHawk","floor":33,"turns":4},{"damage":4,"enemies":"3 Shapes","floor":35,"turns":4},{"damage":24,"enemies":"infinitespire:Three Voidlings","floor":36,"turns":4},{"damage":11,"enemies":"Orb Walker","floor":37,"turns":2},{"damage":20,"enemies":"Maw","floor":39,"turns":4},{"damage":38,"enemies":"Reptomancer","floor":40,"turns":4},{"damage":18,"enemies":"Spire Growth","floor":44,"turns":2},{"damage":0,"enemies":"3 Darklings","floor":45,"turns":4},{"damage":41,"enemies":"Mind Bloom Boss Battle","floor":48,"turns":4},{"damage":74,"enemies":"infinitespire:MassOfShapes","floor":50,"turns":5}],"seed_played":"-416867730575286464","potions_obtained":[{"floor":1,"key":"LiquidMemories"},{"floor":3,"key":"FairyPotion"},{"floor":6,"key":"Regen Potion"},{"floor":10,"key":"Fire Potion"},{"floor":11,"key":"Block Potion"},{"floor":16,"key":"EntropicBrew"},{"floor":20,"key":"Weak Potion"}],"is_trial":false,"path_per_floor":["M","?","?","T","M","E","M","E","T","M","E","M","E","M","R","B",null,"M","M","M","?","AVR","E","R","M","T","E","M","M","E","?","R","B",null,"M","?","M","?","M","E","AVR","R","T","M","M","R","?","?","R","B",null],"character_chosen":"IRONCLAD","items_purchased":["hubris:BundleOfHerbs","halation:Thesaurus","Sling","Inflame","Bag of Preparation"],"campfire_rested":0,"item_purchase_floors":[0,0,0,0,0],"current_hp_per_floor":[77,77,77,77,76,62,59,55,55,43,47,56,42,38,38,9,67,78,87,92,64,64,61,61,74,74,76,78,83,86,86,86,89,89,92,92,92,105,108,108,108,108,108,101,111,111,111,76,76,111],"gold":1050,"neow_bonus":"","is_daily":false,"chose_seed":false,"campfire_upgraded":5,"win_rate":0.0,"timestamp":1612337902,"path_taken":["M","?","?","?","M","E","M","E","T","M","E","M","E","M","R","BOSS","M","M","M","?","AVR","E","R","M","T","E","M","M","E","?","R","BOSS","M","?","M","?","?","E","AVR","R","T","M","M","R","?","?","R","BOSS"],"items_purchased_type":["Relic","Relic","Relic","Card","Relic"],"build_version":"2020-12-22","purchased_purges":1,"victory":true,"max_hp_per_floor":[80,80,80,80,80,80,80,80,80,80,80,83,83,86,86,86,86,86,89,92,64,64,74,74,77,77,77,80,83,86,86,86,89,89,92,92,95,105,108,108,108,108,108,111,111,111,111,111,111,111],"card_choices":[{"not_picked":["Flex","hubris:ReadiedAction","Perfected Strike"],"picked":"SKIP","floor":1},{"not_picked":["Flame Barrier","hubris:ReadiedAction","Armaments"],"picked":"SKIP","floor":5},{"not_picked":["Searing Blow","hubris:ReadiedAction","Wild Strike"],"picked":"SKIP","floor":6},{"not_picked":["Pommel Strike","Shockwave","Clothesline"],"picked":"SKIP","floor":7},{"not_picked":["Perfected Strike","Searing Blow"],"picked":"infinitespire:OneForAll","floor":8},{"not_picked":["hubris:ReadiedAction","Flex","Sever Soul"],"picked":"SKIP","floor":10},{"not_picked":["Fire Breathing","Rampage"],"picked":"Feed","floor":11},{"not_picked":["Metallicize","Rage","Pommel Strike"],"picked":"SKIP","floor":12},{"not_picked":["Warcry","Perfected Strike"],"picked":"Reaper","floor":13},{"not_picked":["Wild Strike","Cleave","Armaments"],"picked":"SKIP","floor":14},{"not_picked":["Barricade","Berserk"],"picked":"Fiend Fire","floor":16},{"not_picked":["Cleave","Perfected Strike+1","Shrug It Off"],"picked":"SKIP","floor":18},{"not_picked":["True Grit+1","Body Slam+1","Pommel Strike"],"picked":"SKIP","floor":19},{"not_picked":["hubris:CleavingFinish","Havoc","Intimidate"],"picked":"SKIP","floor":20},{"not_picked":["Sever Soul+1","Rupture+1","Power Through"],"picked":"SKIP","floor":23},{"not_picked":["Barricade","Wild Strike+1"],"picked":"Heavy Blade","floor":25},{"not_picked":["Flex","Reckless Charge+1"],"picked":"Spot Weakness+1","floor":27},{"not_picked":["Heavy Blade+1","True Grit+1","Clothesline"],"picked":"SKIP","floor":28},{"not_picked":["Clash","Headbutt","hubris:StunningStrike"],"picked":"SKIP","floor":29},{"not_picked":["True Grit+1","Combust"],"picked":"Limit Break","floor":30},{"not_picked":["Body Slam","Burning Pact+1","Clothesline"],"picked":"SKIP","floor":35},{"not_picked":["Cleave+1","Body Slam","Disarm+1"],"picked":"SKIP","floor":37},{"not_picked":["Cleave+1","Havoc","Reckless Charge+1"],"picked":"SKIP","floor":39},{"not_picked":["Carnage+1","hubris:SharpeningStone+1","Pommel Strike"],"picked":"SKIP","floor":40},{"not_picked":["Perfected Strike","Cleave+1","Wild Strike+1"],"picked":"SKIP","floor":44},{"not_picked":["Rage","Headbutt","Bloodletting"],"picked":"SKIP","floor":45}],"player_experience":222163,"relics_obtained":[{"floor":4,"key":"HornCleat"},{"floor":6,"key":"Matryoshka"},{"floor":8,"key":"hubris:Reverence"},{"floor":9,"key":"Self Forming Clay"},{"floor":11,"key":"reliquary:JackalopeAntler"},{"floor":13,"key":"infinitespire:Midas Blood"},{"floor":23,"key":"Strawberry"},{"floor":26,"key":"reliquary:MedicineBall"},{"floor":26,"key":"Peace Pipe"},{"floor":27,"key":"halation:AfternoonTea"},{"floor":30,"key":"hubris:ToyBattleship"},{"floor":40,"key":"hubris:MysteriousPyramids"},{"floor":43,"key":"Bag of Marbles"},{"floor":48,"key":"hubris:MedicalManual"}],"event_choices":[{"damage_healed":0,"gold_gain":0,"player_choice":"Grow","damage_taken":0,"max_hp_gain":0,"max_hp_loss":0,"event_name":"Living Wall","floor":2,"gold_loss":0,"cards_upgraded":["Inflame"]},{"damage_healed":0,"gold_gain":0,"player_choice":"Became a vampire","damage_taken":0,"max_hp_gain":0,"max_hp_loss":28,"event_name":"Vampires","floor":21,"gold_loss":0,"cards_obtained":["Bite","Bite","Bite","Bite","Bite"]},{"cards_removed":["Fiend Fire"],"damage_healed":3,"gold_gain":0,"player_choice":"Offered Rare","damage_taken":0,"max_hp_gain":10,"max_hp_loss":0,"event_name":"Bonfire Elementals","floor":38,"gold_loss":0},{"damage_healed":0,"gold_gain":0,"player_choice":"Fight","damage_taken":0,"max_hp_gain":0,"max_hp_loss":0,"event_name":"MindBloom","floor":48,"gold_loss":0}],"is_beta":false,"boss_relics":[{"not_picked":["Pandora\u0027s Box","Empty Cage"],"picked":"hubris:CrackedHourglass"},{"not_picked":["Fusion Hammer","halation:LoveArrow"],"picked":"infinitespire:Cupcake"}],"items_purged_floors":[0],"is_endless":false,"potions_floor_spawned":[1,6,10,11,13,16,19,20,25,28,35,39,45],"ascension_level":5}}