{"host":"nsc6ozq3atyrdr3m","time":1612387501,"event":{"mods":["BaseMod","Colored Map","Minty Spire (QoL Compilation)"],"gold_per_floor":[118,134,79,79,89,89,115,134,134,154,171,171,171,136,136,213,213,225,92,92,11,27,27,56,56,56],"floor_reached":25,"language":"FRA","playtime":439,"items_purged":["Strike_R"],"score":442,"play_id":"6f5eef7e-001f-481d-a4b7-cba2408b293c","local_time":"20210203222501","is_ascension_mode":true,"campfire_choices":[{"data":"Sword Boomerang","floor":6,"key":"SMITH"},{"floor":13,"key":"REST"},{"data":"Flex","floor":15,"key":"SMITH"},{"floor":23,"key":"REST"}],"circlet_count":0,"master_deck":["AscendersBane","Strike_R","Strike_R","Strike_R","Strike_R","Defend_R","Defend_R","Defend_R","Bash","Battle Trance","Flex+1","Sword Boomerang+1","Pommel Strike","Sword Boomerang","Thunderclap","Demon Form","Inflame","Flex","Decay","Inflame","Heavy Blade"],"relics":["Burning Blood","NeowsBlessing","Darkstone Periapt","Shuriken","Cursed Key","Singing Bowl"],"acts_visited":["Exordium","TheCity"],"potions_floor_usage":[7,11,16,24,25],"damage_taken":[{"damage":0,"enemies":"Small Slimes","floor":1,"turns":1},{"damage":0,"enemies":"Cultist","floor":2,"turns":1},{"damage":0,"enemies":"2 Louse","floor":5,"turns":1},{"damage":45,"enemies":"3 Sentries","floor":7,"turns":7},{"damage":13,"enemies":"Large Slime","floor":8,"turns":5},{"damage":5,"enemies":"2 Fungi Beasts","floor":10,"turns":3},{"damage":6,"enemies":"3 Louse","floor":11,"turns":4},{"damage":50,"enemies":"Hexaghost","floor":16,"turns":7},{"damage":29,"enemies":"3 Byrds","floor":18,"turns":5},{"damage":11,"enemies":"Spheric Guardian","floor":22,"turns":3},{"damage":61,"enemies":"Book of Stabbing","floor":24,"turns":4},{"damage":15,"enemies":"Shelled Parasite and Fungi","floor":25,"turns":1}],"seed_played":"7985836204377466288","potions_obtained":[{"floor":1,"key":"AttackPotion"},{"floor":2,"key":"Weak Potion"},{"floor":5,"key":"Block Potion"},{"floor":8,"key":"Energy Potion"},{"floor":22,"key":"ColorlessPotion"},{"floor":24,"key":"PowerPotion"}],"is_trial":false,"path_per_floor":["M","M","$","?","M","R","E","M","T","M","M","?","R","?","R","B",null,"M","$","?","$","M","R","E","M"],"character_chosen":"IRONCLAD","items_purchased":["Flex","Flex","Inflame"],"campfire_rested":2,"item_purchase_floors":[3,19,21],"current_hp_per_floor":[74,75,75,75,75,75,36,29,29,30,30,30,52,70,70,26,63,40,40,46,46,41,65,12,0,0],"gold":56,"neow_bonus":"THREE_ENEMY_KILL","is_daily":false,"chose_seed":false,"campfire_upgraded":2,"win_rate":0.0,"timestamp":1612387501,"path_taken":["M","M","$","?","M","R","E","M","T","?","M","?","R","?","R","BOSS","M","$","?","$","M","R","E","M"],"items_purchased_type":["Card","Card","Card"],"build_version":"2020-12-22","purchased_purges":1,"victory":false,"max_hp_per_floor":[75,75,75,75,75,75,75,75,75,75,75,75,75,75,75,75,75,75,75,81,81,81,81,83,83,83],"card_choices":[{"not_picked":["Reckless Charge","Warcry"],"picked":"Battle Trance","floor":1},{"not_picked":["Clothesline","Shrug It Off","Wild Strike"],"picked":"SKIP","floor":2},{"not_picked":["Havoc","Ghostly Armor"],"picked":"Sword Boomerang","floor":5},{"not_picked":["Brutality","Ghostly Armor"],"picked":"Pommel Strike","floor":7},{"not_picked":["Anger","Combust"],"picked":"Sword Boomerang","floor":8},{"not_picked":["Feel No Pain","Havoc","Combust"],"picked":"SKIP","floor":10},{"not_picked":["Warcry","Power Through"],"picked":"Thunderclap","floor":11},{"not_picked":["Juggernaut","Barricade"],"picked":"Demon Form","floor":16},{"not_picked":["Headbutt","Iron Wave"],"picked":"Inflame","floor":18},{"not_picked":["Shrug It Off","Havoc"],"picked":"Heavy Blade","floor":22},{"not_picked":["Clothesline","Body Slam","Dropkick+1"],"picked":"Singing Bowl","floor":24}],"player_experience":374295,"relics_obtained":[{"floor":7,"key":"Darkstone Periapt"},{"floor":9,"key":"Shuriken"},{"floor":24,"key":"Singing Bowl"}],"event_choices":[{"cards_removed":["Defend_R"],"damage_healed":0,"gold_gain":0,"player_choice":"Offered Basic","damage_taken":0,"max_hp_gain":0,"max_hp_loss":0,"event_name":"Bonfire Elementals","floor":4,"gold_loss":0},{"damage_healed":0,"gold_gain":0,"player_choice":"Fled","damage_taken":0,"max_hp_gain":0,"max_hp_loss":0,"event_name":"Scrap Ooze","floor":12,"gold_loss":0},{"damage_healed":18,"gold_gain":0,"player_choice":"Healed","damage_taken":0,"max_hp_gain":0,"max_hp_loss":0,"event_name":"The Cleric","floor":14,"gold_loss":35},{"damage_healed":0,"gold_gain":0,"player_choice":"Smashed Altar","damage_taken":0,"max_hp_gain":0,"max_hp_loss":0,"event_name":"Forgotten Altar","floor":20,"gold_loss":0,"cards_obtained":["Decay"]}],"is_beta":false,"boss_relics":[{"not_picked":["Fusion Hammer","Runic Cube"],"picked":"Cursed Key"}],"items_purged_floors":[19],"is_endless":false,"potions_floor_spawned":[1,2,5,8,10,22,24],"killed_by":"Shelled Parasite and Fungi","ascension_level":20}}