{"host":"92wx9z21c4p52du4","time":1612376536,"event":{"mods":["BaseMod","Downfall","Hermit","Minty Spire (QoL Compilation)","Reliquary","StSLib","The Hierophant"],"gold_per_floor":[113,113,131,131,52,137,137,137,137,201,151,151,0,80,80,76,76],"floor_reached":16,"language":"ENG","playtime":513,"items_purged":["hierophant:Defend_Hierophant"],"score":123,"play_id":"2effa308-208b-4aa9-a008-dacf08c97d4a","local_time":"20210203122216","is_ascension_mode":false,"campfire_choices":[{"data":"hierophant:ChurchCoffers","floor":8,"key":"SMITH"},{"data":"hierophant:PristineSoul","floor":15,"key":"SMITH"}],"circlet_count":0,"master_deck":["hierophant:Strike_Hierophant","hierophant:Strike_Hierophant","hierophant:Strike_Hierophant","hierophant:Punish","hierophant:Defend_Hierophant","hierophant:Defend_Hierophant","hierophant:Defend_Hierophant","hierophant:ChurchCoffers+1","hierophant:PristineSoul+1","hierophant:Shelter","hierophant:BulkyChest","hierophant:Community","hierophant:OrnateJavelin","hierophant:OrnateBuckler","hierophant:Charity","hierophant:Doubloon","hierophant:Doubloon","hierophant:Dazzle"],"relics":["hierophant:PropheticMaskRelic","NeowsBlessing","MealTicket","Bag of Marbles","Meat on the Bone","Letter Opener","Golden Idol"],"acts_visited":["Exordium"],"potions_floor_usage":[16],"damage_taken":[{"damage":0,"enemies":"2 Louse","floor":1,"turns":1},{"damage":0,"enemies":"Small Slimes","floor":3,"turns":1},{"damage":0,"enemies":"Lagavulin","floor":6,"turns":2},{"damage":21,"enemies":"Jaw Worm","floor":10,"turns":6},{"damage":9,"enemies":"Gremlin Gang","floor":14,"turns":7},{"damage":62,"enemies":"Slime Boss","floor":16,"turns":6}],"seed_played":"-493005759859969090","potions_obtained":[{"floor":14,"key":"BlessingOfTheForge"}],"is_trial":false,"path_per_floor":["M","?","M","?","$","E","?","R","T","M","?","?","$","M","R","B"],"character_chosen":"HIEROPHANT","items_purchased":["hierophant:Community","hierophant:Charity"],"campfire_rested":0,"item_purchase_floors":[5,13],"current_hp_per_floor":[75,63,63,63,75,75,75,75,75,54,54,36,51,42,42,0,0],"gold":76,"neow_bonus":"THREE_ENEMY_KILL","is_daily":false,"chose_seed":false,"campfire_upgraded":2,"win_rate":0.0,"timestamp":1612376536,"path_taken":["M","?","M","?","$","E","?","R","T","M","?","?","?","M","R","BOSS"],"items_purchased_type":["Card","Card"],"build_version":"2020-12-22","purchased_purges":1,"victory":false,"max_hp_per_floor":[75,75,75,75,75,75,75,75,75,75,75,75,75,75,75,75,75],"card_choices":[{"not_picked":["hierophant:RepressedViolence","hierophant:OrnateBuckler"],"picked":"hierophant:PristineSoul","floor":1},{"not_picked":["hierophant:SolarFlare","hierophant:Smite"],"picked":"hierophant:Shelter","floor":3},{"not_picked":["hierophant:FlamingChariot","hierophant:CoinFling"],"picked":"hierophant:OrnateJavelin","floor":6},{"not_picked":["hierophant:FieryStrike","hierophant:AuricBeam"],"picked":"hierophant:OrnateBuckler","floor":10},{"not_picked":["hierophant:Community","hierophant:MorningPrayer"],"picked":"hierophant:Dazzle","floor":14}],"player_experience":234958,"relics_obtained":[{"floor":6,"key":"Bag of Marbles"},{"floor":9,"key":"Letter Opener"}],"event_choices":[{"damage_healed":0,"gold_gain":0,"player_choice":"Success","damage_taken":12,"relics_obtained":["MealTicket"],"max_hp_gain":0,"max_hp_loss":0,"event_name":"Scrap Ooze","floor":2,"gold_loss":0},{"damage_healed":0,"gold_gain":0,"cards_transformed":["hierophant:Strike_Hierophant"],"player_choice":"Change","damage_taken":0,"max_hp_gain":0,"max_hp_loss":0,"event_name":"Living Wall","floor":4,"gold_loss":0,"cards_obtained":["hierophant:BulkyChest"]},{"damage_healed":0,"gold_gain":0,"player_choice":"Box","damage_taken":0,"relics_obtained":["Meat on the Bone"],"max_hp_gain":0,"max_hp_loss":0,"event_name":"Big Fish","floor":7,"gold_loss":0,"cards_obtained":["Regret"]},{"cards_removed":["Regret"],"damage_healed":0,"gold_gain":0,"player_choice":"Card Removal","damage_taken":0,"max_hp_gain":0,"max_hp_loss":0,"event_name":"The Cleric","floor":11,"gold_loss":50},{"damage_healed":0,"gold_gain":0,"player_choice":"Take Damage","damage_taken":18,"relics_obtained":["Golden Idol"],"max_hp_gain":0,"max_hp_loss":0,"event_name":"Golden Idol","floor":12,"gold_loss":0}],"is_beta":false,"boss_relics":[],"items_purged_floors":[13],"is_endless":false,"potions_floor_spawned":[14],"killed_by":"Slime Boss","ascension_level":0}}