{"host":"dhbelfuuk89i1oub","time":1612335653,"event":{"mods":["AchievementEnabler","Act Like it!","Aspiration","BaseMod","Better Match","Better Third Choice","BetterRewards","Colored Map","Colored Powertips","Conspire","Energized Spire","Friendly Minions","GifTheSpireLib","Hallownest","Infinite Spire","Jedi Mod","Minty Spire (QoL Compilation)","Relic Filter","Relic Sorter","Reliquary","Replay The Spire","Spikes Relics","Spire Arcade","StSLib","Stuff the Spire","The Animator","The Cursed","The Dragon Tamer","The Judge","The Senshi","The Witch"],"gold_per_floor":[110,110,122,68,85,119,119,119,119,152,152,152,152,172,172,272,272,283,283,283,293,293,293,306,306,385,402,427,437,437,437,437],"floor_reached":30,"language":"ENG","playtime":3857,"items_purged":[],"score":445,"play_id":"bb766828-863b-4c5f-a53d-c57c2a8bfe87","local_time":"20210203150053","is_ascension_mode":true,"metric_token":2003,"campfire_choices":[{"data":"DTMod:HeatWave","floor":7,"key":"SMITH"},{"data":"DTMod:CrossStep","floor":11,"key":"SMITH"},{"data":"DTMod:CalculatedDefense","floor":23,"key":"SMITH"},{"floor":25,"key":"REST"}],"dtmod_dragon_data":[0,50,3,-1,14,0],"circlet_count":0,"master_deck":["DTMod:Strike","DTMod:Strike","DTMod:Strike","DTMod:DoubleHit","DTMod:TargetDefense","DTMod:TargetDefense","DTMod:SwitchingTactic","DTMod:Haste+1","DTMod:CalculatedDefense","DTMod:HeatWave+1","DTMod:Training","DTMod:TagTeam","DTMod:CalculatedDefense+1","DTMod:Punisher","DTMod:CrossStep+1","DTMod:GearUp","DTMod:Weaken","DTMod:ComboAttack","DTMod:LightShield","Regret","StuffTheSpire:Vigor","ReplayTheSpireMod:Necrosis","StuffTheSpire:ClusterCrunch","ReplayTheSpireMod:The Works","DTMod:CalculatedDefense+1","jedi:BattleThirst","StuffTheSpire:Vigor","DTMod:MagiciansMark","DTMod:DeepFocus"],"relics":["DTMod:PactStone","Hallownest:DreamNailRelic","StuffTheSpire:Saxophone","conspire:GlowingRock","infinitespire:CursedDice","Torii","Hallownest:TeacherSealRelic","Gremlin Horn","Bottled Lightning","reliquary:Craggleroot","aspiration:Nostalgia","animator:PurgingStone","Ice Cream","infinitespire:BottledMercury","jedi:Pinwheel"],"acts_visited":["Hallownest:Greenpath","Hallownest:CityofTears"],"potions_floor_usage":[6,10,24,29],"damage_taken":[{"damage":0,"enemies":"Hallownest:monsterHuskWarrior","floor":1,"turns":5},{"damage":0,"enemies":"Hallownest:monsterHuskGuard","floor":3,"turns":4},{"damage":0,"enemies":"Hallownest:2_Baldur","floor":5,"turns":5},{"damage":1,"enemies":"Hallownest:eliteMossKnight","floor":6,"turns":9},{"damage":0,"enemies":"Hallownest:eliteCrystalGuardian","floor":10,"turns":7},{"damage":0,"enemies":"Hallownest:monsterAspidMother","floor":13,"turns":5},{"damage":0,"enemies":"Hallownest:1_Ooma_and_2_Uuma","floor":14,"turns":10},{"damage":9,"enemies":"Hallownest:BossBrokenVessel","floor":16,"turns":8},{"damage":0,"enemies":"Hallownest:3_Youths","floor":18,"turns":10},{"damage":0,"enemies":"Hallownest:Guard_and_Sentry","floor":21,"turns":9},{"damage":0,"enemies":"Hallownest:2_Husk_Sentries","floor":24,"turns":10},{"damage":0,"enemies":"Hallownest:Master_and_Novice","floor":27,"turns":7},{"damage":0,"enemies":"Hallownest:Nosk","floor":28,"turns":12},{"damage":1,"enemies":"Hallownest:Glutton_and_Coward","floor":29,"turns":4},{"damage":7,"enemies":"Hallownest:Warrior_and_Youth","floor":30,"turns":2}],"seed_played":"4291279122702320367","potions_obtained":[{"floor":5,"key":"FearPotion"},{"floor":6,"key":"SkillPotion"},{"floor":14,"key":"Dexterity Potion"},{"floor":21,"key":"Energy Potion"},{"floor":27,"key":"SmokeBomb"}],"is_trial":false,"path_per_floor":["M","?","M","$","M","E","R","?","T","E","R","?","M","M","R_BF","B",null,"M","?","?","M","?","R","M","R","T","M","E","M","M"],"character_chosen":"THE_DT","items_purchased":["StuffTheSpire:Saxophone","DTMod:Haste+1","DTMod:CalculatedDefense","DTMod:HeatWave","DTMod:CalculatedDefense+1"],"campfire_rested":1,"item_purchase_floors":[0,0,0,0,4],"current_hp_per_floor":[27,27,27,27,27,26,26,26,26,26,26,26,26,26,31,22,50,50,50,50,50,50,50,50,50,50,50,50,49,42,42,42],"gold":437,"neow_bonus":"","is_daily":false,"chose_seed":false,"campfire_upgraded":3,"win_rate":0.0,"timestamp":1612335653,"path_taken":["M","?","?","$","M","E","R","?","T","E","R","?","M","?","R_BF","BOSS","M","?","?","?","?","R","M","R","T","M","E","?","?"],"items_purchased_type":["Relic","Card","Card","Card","Card"],"build_version":"2020-12-22","purchased_purges":0,"victory":false,"max_hp_per_floor":[45,45,45,45,45,45,45,45,45,45,45,45,45,45,50,50,50,50,50,50,50,50,50,50,50,50,50,50,50,50,50,50],"card_choices":[{"not_picked":["DTMod:MagicField","DTMod:TauntingStrike"],"picked":"DTMod:Training","floor":1},{"not_picked":["DTMod:BlueScale","DTMod:BlazingStrike"],"picked":"DTMod:TagTeam","floor":3},{"not_picked":["DTMod:FlameSlash","DTMod:DeepFocus"],"picked":"DTMod:Punisher","floor":5},{"not_picked":["DTMod:Adaptation","DTMod:Feint"],"picked":"DTMod:CrossStep","floor":6},{"not_picked":["DTMod:BreakAttack","DTMod:MagicField"],"picked":"DTMod:GearUp","floor":10},{"not_picked":["DTMod:RunningTactic","DTMod:BlazingStrike"],"picked":"DTMod:Weaken","floor":13},{"not_picked":["DTMod:QuickFly","DTMod:Punisher"],"picked":"DTMod:ComboAttack","floor":14},{"not_picked":["DTMod:Inferno","DTMod:Outburst"],"picked":"DTMod:LightShield","floor":16},{"not_picked":["DTMod:RunningTactic","DTMod:BurningEnergy","DTMod:BreakAttack"],"picked":"SKIP","floor":18},{"not_picked":["DTMod:Punisher","DTMod:CleansingStrike"],"picked":"DTMod:CalculatedDefense","floor":21},{"not_picked":["DTMod:Hide","DTMod:ComboAttack"],"picked":"DTMod:MagiciansMark","floor":24},{"not_picked":["DTMod:Threaten","DTMod:TauntingStrike","DTMod:RunningTactic"],"picked":"SKIP","floor":27},{"not_picked":["DTMod:BlueScale","DTMod:LastStand+1"],"picked":"DTMod:DeepFocus","floor":28}],"player_experience":1036192,"relics_obtained":[{"floor":6,"key":"Torii"},{"floor":9,"key":"Gremlin Horn"},{"floor":10,"key":"Bottled Lightning"},{"floor":26,"key":"infinitespire:BottledMercury"},{"floor":28,"key":"jedi:Pinwheel"}],"event_choices":[{"damage_healed":0,"gold_gain":0,"player_choice":"Leave","damage_taken":0,"max_hp_gain":0,"max_hp_loss":0,"event_name":"conspire:Investor","floor":12,"gold_loss":0}],"is_beta":false,"boss_relics":[{"not_picked":["energizedSpire:MagnifyingGlass","ChewingGum"],"picked":"reliquary:Craggleroot"}],"items_purged_floors":[],"is_endless":false,"potions_floor_spawned":[5,6,14,21,27],"killed_by":"Hallownest:Warrior_and_Youth","ascension_level":2}}