{"host":"2yqfi47fogfu1ic4","time":1612335768,"event":{"mods":["AchievementEnabler","BaseMod","Colored Map","Colored Powertips","Highlight Path","Minty Spire (QoL Compilation)","Permanent Neow","Relic Stats","StSLib"],"gold_per_floor":[112,112,37,55,72,106,106,141,141,141,157,157,177,206,206,283,283,293,308,53,53,73,103,53,86,155,183,193,209,242,260,260,334,334,346,357,375,375,375,375,410,410,436,469,486,502,548,580,580,580,580,580,580,8,37,37],"floor_reached":57,"language":"DEU","playtime":7421,"items_purged":["Regret","Flying Knee"],"score":3109,"play_id":"22d9bf85-6d08-41c6-ab53-7a99a1c93cd9","local_time":"20210203080248","is_ascension_mode":true,"campfire_choices":[{"data":"Wraith Form v2","floor":10.0,"key":"SMITH"},{"data":"Eviscerate","floor":15.0,"key":"SMITH"},{"data":"Ghostly","floor":32.0,"key":"SMITH"},{"floor":40.0,"key":"REST"},{"floor":42.0,"key":"RECALL"},{"data":"1","floor":49.0,"key":"LIFT"},{"data":"2","floor":53,"key":"LIFT"}],"circlet_count":0,"master_deck":["AscendersBane","Survivor","Neutralize","After Image+1","Underhanded Strike+1","Adrenaline+1","Cloak And Dagger","Eviscerate+1","After Image","Wraith Form v2+1","Eviscerate","Prepared+1","Underhanded Strike","PiercingWail","Grand Finale","A Thousand Cuts","Eviscerate","Corpse Explosion","Quick Slash","Backflip","Blade Dance","Well Laid Plans","Ghostly+1","Ghostly","Ghostly","Concentrate+1","Escape Plan","Prepared","Acrobatics","Venomology","Reflex","Finesse","Acrobatics+1","Dagger Throw","Dagger Throw","Backflip+1","Acrobatics+1","Backflip+1"],"relics":["Astrolabe","Toy Ornithopter","Bird Faced Urn","CaptainsWheel","Bottled Tornado","Omamori","Pandora\u0027s Box","Toolbox","Dream Catcher","Gremlin Horn","Matryoshka","Paper Crane","Bag of Marbles","Fusion Hammer","Smiling Mask","Toxic Egg 2","Girya","Ice Cream","Regal Pillow","ClockworkSouvenir","Happy Flower","Lantern","Bag of Preparation"],"acts_visited":["Exordium","TheCity","TheBeyond","TheEnding"],"potions_floor_usage":[56,56,56],"damage_taken":[{"damage":0.0,"enemies":"2 Louse","floor":1.0,"turns":3.0},{"damage":1.0,"enemies":"Jaw Worm","floor":4.0,"turns":5.0},{"damage":0.0,"enemies":"Cultist","floor":5.0,"turns":3.0},{"damage":0.0,"enemies":"Lagavulin","floor":6.0,"turns":7.0},{"damage":11.0,"enemies":"3 Sentries","floor":8.0,"turns":11.0},{"damage":0.0,"enemies":"3 Louse","floor":11.0,"turns":5.0},{"damage":1.0,"enemies":"Large Slime","floor":13.0,"turns":7.0},{"damage":0.0,"enemies":"Lagavulin","floor":14.0,"turns":6.0},{"damage":9.0,"enemies":"Slime Boss","floor":16.0,"turns":19.0},{"damage":2.0,"enemies":"2 Thieves","floor":18.0,"turns":3.0},{"damage":1.0,"enemies":"Shell Parasite","floor":19.0,"turns":2.0},{"damage":6.0,"enemies":"Snake Plant","floor":22.0,"turns":6.0},{"damage":4.0,"enemies":"Book of Stabbing","floor":23.0,"turns":7.0},{"damage":3.0,"enemies":"Gremlin Leader","floor":25.0,"turns":6.0},{"damage":8.0,"enemies":"Book of Stabbing","floor":27.0,"turns":6.0},{"damage":1.0,"enemies":"Sentry and Sphere","floor":28.0,"turns":6.0},{"damage":1.0,"enemies":"Snecko","floor":29.0,"turns":6.0},{"damage":1.0,"enemies":"Slavers","floor":30.0,"turns":4.0},{"damage":1.0,"enemies":"3 Cultists","floor":31.0,"turns":4.0},{"damage":30.0,"enemies":"Champ","floor":33.0,"turns":14.0},{"damage":0.0,"enemies":"3 Shapes","floor":35.0,"turns":2.0},{"damage":0.0,"enemies":"Orb Walker","floor":36.0,"turns":5.0},{"damage":0.0,"enemies":"Sphere and 2 Shapes","floor":37.0,"turns":4.0},{"damage":5.0,"enemies":"Nemesis","floor":41.0,"turns":7.0},{"damage":5.0,"enemies":"Reptomancer","floor":44.0,"turns":5.0},{"damage":0.0,"enemies":"Jaw Worm Horde","floor":45.0,"turns":4.0},{"damage":1.0,"enemies":"4 Shapes","floor":46.0,"turns":4.0},{"damage":0.0,"enemies":"2 Orb Walkers","floor":47.0,"turns":4.0},{"damage":0.0,"enemies":"Nemesis","floor":48.0,"turns":7.0},{"damage":1.0,"enemies":"Donu and Deca","floor":50.0,"turns":6.0},{"damage":1,"enemies":"Time Eater","floor":51,"turns":11},{"damage":0,"enemies":"Shield and Spear","floor":55,"turns":5},{"damage":8,"enemies":"The Heart","floor":56,"turns":9}],"seed_played":"-6963525745785878598","potions_obtained":[{"floor":4.0,"key":"FearPotion"},{"floor":6.0,"key":"AttackPotion"},{"floor":11.0,"key":"FearPotion"},{"floor":14.0,"key":"SkillPotion"},{"floor":16.0,"key":"Weak Potion"},{"floor":23.0,"key":"BlessingOfTheForge"},{"floor":25.0,"key":"Fruit Juice"},{"floor":29.0,"key":"SmokeBomb"},{"floor":33.0,"key":"LiquidMemories"},{"floor":36.0,"key":"Fruit Juice"},{"floor":44.0,"key":"LiquidBronze"}],"is_trial":false,"path_per_floor":["M","?","$","M","M","E","?","E","T","R","M","?","M","E","R","B",null,"M","M","$","?","M","E","?","E","T","E","M","M","E","M","R","B",null,"M","M","M","?","?","R","E","R","T","E","M","M","?","E","R","B","B",null,"R","$","E","B",null],"character_chosen":"THE_SILENT","items_purchased":["Toolbox","Well Laid Plans","ClockworkSouvenir","Happy Flower","Lantern","Backflip+1"],"campfire_rested":1,"item_purchase_floors":[20,20,54,54,54,54],"current_hp_per_floor":[59,59,59,58,58,63,63,57,57,57,63,63,66,66,66,59,64,64,66,66,33,31,33,33,33,33,32,33,38,38,38,38,10,31,33,38,43,33,33,43,43,43,43,43,43,42,43,43,43,43,43,43,43,43,43,41],"gold":37,"neow_bonus":"BOSS_RELIC","is_daily":false,"chose_seed":false,"campfire_upgraded":3,"win_rate":0.0,"timestamp":1612335768,"path_taken":["M","?","$","M","M","E","?","E","T","R","M","?","M","E","R","BOSS","M","M","$","?","M","E","?","E","T","E","?","M","E","M","R","BOSS","M","M","M","?","?","R","E","R","T","E","M","?","?","E","R","BOSS","BOSS","R","$","E","BOSS"],"items_purchased_type":["Relic","Card","Relic","Relic","Relic","Card"],"build_version":"2020-12-22","purchased_purges":2,"victory":true,"max_hp_per_floor":[66,66,66,66,66,66,66,66,66,66,66,66,66,66,66,66,66,66,66,66,33,33,33,33,33,33,33,33,38,38,38,38,38,38,38,38,43,43,43,43,43,43,43,43,43,43,43,43,43,43,43,43,43,43,43,43],"relic_stats":{"Dream Catcher":1,"Regal Pillow":0,"Gremlin Horn":[19,19],"Happy Flower":[4],"counters":[33,203],"Astrolabe":["After Image","Underhanded Strike","Adrenaline"],"Bird Faced Urn":[61],"Pandora\u0027s Box":["A Thousand Cuts","Eviscerate","Flying Knee","Corpse Explosion","Dash","Quick Slash","Backflip"],"Bag of Preparation":[2],"Smiling Mask":50,"obtain_stats":[{"Ice Cream":47,"Girya":44,"Regal Pillow":48,"Lantern":54,"Gremlin Horn":25,"Happy Flower":54,"Astrolabe":0,"Omamori":14,"Bag of Preparation":55,"Bottled Tornado":9,"Paper Crane":27,"Smiling Mask":41,"ClockworkSouvenir":54,"CaptainsWheel":8,"Dream Catcher":23,"Matryoshka":26,"Bird Faced Urn":6,"Toolbox":20,"Pandora\u0027s Box":17,"Fusion Hammer":34,"Bag of Marbles":30,"Toxic Egg 2":43,"Toy Ornithopter":2,"Ring of the Snake":0},{"Ice Cream":28,"Girya":25,"Regal Pillow":29,"Lantern":31,"Gremlin Horn":14,"Happy Flower":31,"Astrolabe":0,"Omamori":8,"Bag of Preparation":32,"Bottled Tornado":5,"Paper Crane":15,"Smiling Mask":24,"ClockworkSouvenir":31,"CaptainsWheel":5,"Dream Catcher":13,"Matryoshka":14,"Bird Faced Urn":4,"Toolbox":11,"Pandora\u0027s Box":9,"Fusion Hammer":20,"Bag of Marbles":18,"Toxic Egg 2":24,"Toy Ornithopter":1,"Ring of the Snake":0},{"Ice Cream":165,"Girya":153,"Regal Pillow":172,"Lantern":189,"Gremlin Horn":90,"Happy Flower":189,"Astrolabe":0,"Omamori":47,"Bag of Preparation":194,"Bottled Tornado":29,"Paper Crane":96,"Smiling Mask":148,"ClockworkSouvenir":189,"CaptainsWheel":29,"Dream Catcher":84,"Matryoshka":90,"Bird Faced Urn":18,"Toolbox":71,"Pandora\u0027s Box":66,"Fusion Hammer":130,"Bag of Marbles":112,"Toxic Egg 2":148,"Toy Ornithopter":3,"Ring of the Snake":0}],"Toy Ornithopter":19},"card_choices":[{"not_picked":["Bane","Dodge and Roll"],"picked":"Cloak And Dagger","floor":1.0},{"not_picked":["Infinite Blades","Cloak And Dagger"],"picked":"Eviscerate","floor":4.0},{"not_picked":["Outmaneuver","Bane"],"picked":"After Image","floor":5.0},{"not_picked":["Dagger Throw","Catalyst"],"picked":"Wraith Form v2","floor":6.0},{"not_picked":["Quick Slash","Sucker Punch"],"picked":"Eviscerate","floor":8.0},{"not_picked":["Dagger Throw","Slice"],"picked":"Prepared","floor":11.0},{"not_picked":["Dodge and Roll","Quick Slash"],"picked":"Underhanded Strike","floor":13.0},{"not_picked":["Riddle With Holes","Quick Slash"],"picked":"PiercingWail","floor":14.0},{"not_picked":["Bullet Time","Malaise"],"picked":"Grand Finale","floor":16.0},{"not_picked":["Choke+1","Outmaneuver"],"picked":"Blade Dance","floor":18.0},{"not_picked":["Predator","Underhanded Strike","Skewer"],"picked":"SKIP","floor":19.0},{"not_picked":["Quick Slash","Dash","Dagger Spray"],"picked":"SKIP","floor":22.0},{"not_picked":["Sucker Punch","Doppelganger"],"picked":"Concentrate+1","floor":23.0},{"not_picked":["Setup+1","Eviscerate","Dodge and Roll"],"picked":"SKIP","floor":25.0},{"not_picked":["Bane","Eviscerate"],"picked":"Escape Plan","floor":27.0},{"not_picked":["Accuracy","Quick Slash"],"picked":"Prepared","floor":28.0},{"not_picked":["Blade Dance","Underhanded Strike","Flying Knee"],"picked":"SKIP","floor":29.0},{"not_picked":["Well Laid Plans+1","Dash+1"],"picked":"Acrobatics","floor":30.0},{"not_picked":["Masterful Stab+1","Crippling Poison","Finisher"],"picked":"SKIP","floor":31.0},{"not_picked":["Bullet Time","Malaise"],"picked":"Venomology","floor":33.0},{"not_picked":["Poisoned Stab+1","Sucker Punch","Blade Dance"],"picked":"SKIP","floor":35.0},{"not_picked":["Expertise","Dash"],"picked":"Reflex","floor":36.0},{"not_picked":["Dodge and Roll","Catalyst","Deadly Poison"],"picked":"SKIP","floor":37.0},{"not_picked":["Magnetism","Blind"],"picked":"Finesse","floor":38.0},{"not_picked":["Dagger Spray","Backflip"],"picked":"Acrobatics+1","floor":41.0},{"not_picked":["Accuracy","Infinite Blades"],"picked":"Dagger Throw","floor":44.0},{"not_picked":["Masterful Stab+1","Quick Slash"],"picked":"Dagger Throw","floor":45.0},{"not_picked":["Backstab","Prepared+1"],"picked":"Backflip+1","floor":46.0},{"not_picked":["Leg Sweep+1","Prepared+1"],"picked":"Acrobatics+1","floor":47.0},{"not_picked":["Quick Slash+1","Unload","Bane"],"picked":"SKIP","floor":48.0},{"not_picked":["Accuracy","Dagger Throw","Glass Knife"],"picked":"SKIP","floor":55}],"player_experience":1612337,"relics_obtained":[{"floor":6.0,"key":"Bird Faced Urn"},{"floor":8.0,"key":"CaptainsWheel"},{"floor":9.0,"key":"Bottled Tornado"},{"floor":14.0,"key":"Omamori"},{"floor":23.0,"key":"Dream Catcher"},{"floor":25.0,"key":"Gremlin Horn"},{"floor":26.0,"key":"Matryoshka"},{"floor":27.0,"key":"Paper Crane"},{"floor":30.0,"key":"Bag of Marbles"},{"floor":41.0,"key":"Smiling Mask"},{"floor":43.0,"key":"Toxic Egg 2"},{"floor":44.0,"key":"Girya"},{"floor":47.0,"key":"Ice Cream"},{"floor":48.0,"key":"Regal Pillow"},{"floor":55,"key":"Bag of Preparation"}],"event_choices":[{"damage_healed":0.0,"max_hp_gain":0.0,"max_hp_loss":0.0,"gold_gain":0.0,"event_name":"Big Fish","player_choice":"Box","floor":2.0,"gold_loss":0.0,"damage_taken":0.0,"relics_obtained":["Toy Ornithopter"],"cards_obtained":["Regret"]},{"damage_healed":0.0,"max_hp_gain":0.0,"max_hp_loss":0.0,"gold_gain":0.0,"event_name":"Liars Game","player_choice":"Ignored","floor":7.0,"gold_loss":0.0,"damage_taken":0.0},{"damage_healed":0.0,"max_hp_gain":0.0,"max_hp_loss":0.0,"gold_gain":0.0,"event_name":"Living Wall","player_choice":"Grow","floor":12.0,"gold_loss":0.0,"damage_taken":0.0,"cards_upgraded":["Prepared"]},{"damage_healed":0.0,"max_hp_gain":0.0,"max_hp_loss":33.0,"gold_gain":0.0,"event_name":"Ghosts","player_choice":"Became a Ghost","floor":21.0,"gold_loss":0.0,"damage_taken":0.0,"cards_obtained":["Ghostly","Ghostly","Ghostly"]},{"damage_healed":0.0,"max_hp_gain":0.0,"max_hp_loss":0.0,"gold_gain":0.0,"event_name":"The Joust","player_choice":"Bet on Murderer","floor":24.0,"gold_loss":50.0,"damage_taken":0.0},{"damage_healed":0.0,"max_hp_gain":0.0,"max_hp_loss":0.0,"gold_gain":0.0,"event_name":"SensoryStone","player_choice":"Memory 3","floor":38.0,"gold_loss":0.0,"damage_taken":10.0},{"cards_removed":["Dash"],"damage_healed":0.0,"max_hp_gain":0.0,"max_hp_loss":0.0,"gold_gain":0.0,"event_name":"Falling","player_choice":"Removed Attack","floor":39.0,"gold_loss":0.0,"damage_taken":0.0},{"damage_healed":0.0,"max_hp_gain":0.0,"max_hp_loss":0.0,"gold_gain":0.0,"event_name":"Mysterious Sphere","player_choice":"Fight","floor":47.0,"gold_loss":0.0,"damage_taken":0.0}],"is_beta":false,"boss_relics":[{"not_picked":["Philosopher\u0027s Stone","Tiny House"],"picked":"Pandora\u0027s Box"},{"not_picked":["Busted Crown","Snecko Eye"],"picked":"Fusion Hammer"}],"items_purged_floors":[3,54],"is_endless":false,"potions_floor_spawned":[4,6,11,14,16,23,25,29,33,36,44,45,47],"ascension_level":20}}