{"host":"mydft8i2zzydgggw","time":1612374779,"event":{"mods":["AchievementEnabler","BaseMod","BetterRewards","Colored Map","Colored Powertips","DeckTracker","Keyboard Shortcuts","Minty Spire (QoL Compilation)","Rare Cards Sparkle","StSLib","SuperFastMode","everything is the same but u backflip on backflip"],"gold_per_floor":[117,117,117,117,137,181,199,232,232,232,36,54,54,68,68,68,68],"floor_reached":16,"language":"KOR","playtime":291,"items_purged":["Strike_R"],"score":176,"play_id":"19727039-5730-4a1d-81c8-a336ad6d982a","local_time":"20210204025259","is_ascension_mode":true,"campfire_choices":[{"data":"Corruption","floor":10,"key":"SMITH"},{"data":"True Grit","floor":13,"key":"SMITH"},{"data":"Inflame","floor":15,"key":"SMITH"}],"circlet_count":0,"master_deck":["Strike_R","Strike_R","Strike_R","Strike_R","Defend_R","Defend_R","Defend_R","Defend_R","Bash+1","Inflame+1","Body Slam","Hemokinesis","True Grit+1","Corruption+1","Feel No Pain","Second Wind","Ghostly Armor"],"relics":["Burning Blood","Nunchaku","Golden Idol","Mummified Hand","Unceasing Top","Letter Opener"],"acts_visited":["Exordium"],"potions_floor_usage":[6,6,16,16],"damage_taken":[{"damage":0,"enemies":"2 Louse","floor":1,"turns":2},{"damage":7,"enemies":"Jaw Worm","floor":5,"turns":3},{"damage":0,"enemies":"Gremlin Nob","floor":6,"turns":2},{"damage":5,"enemies":"Small Slimes","floor":7,"turns":3},{"damage":22,"enemies":"3 Sentries","floor":8,"turns":6},{"damage":4,"enemies":"2 Fungi Beasts","floor":12,"turns":3},{"damage":10,"enemies":"3 Louse","floor":14,"turns":4},{"damage":57,"enemies":"The Guardian","floor":16,"turns":10}],"seed_played":"-4441999278276472082","potions_obtained":[{"floor":1,"key":"LiquidMemories"},{"floor":5,"key":"DistilledChaos"},{"floor":6,"key":"LiquidBronze"},{"floor":12,"key":"Swift Potion"}],"is_trial":false,"path_per_floor":["M","?","?","?","M","E","M","E","T","R","$","M","R","M","R","B"],"character_chosen":"IRONCLAD","items_purchased":["Feel No Pain","Second Wind"],"campfire_rested":0,"item_purchase_floors":[11,11],"current_hp_per_floor":[78,71,71,71,70,74,74,58,58,58,58,60,60,56,56,0,0],"gold":68,"neow_bonus":"UPGRADE_CARD","is_daily":false,"chose_seed":false,"campfire_upgraded":3,"win_rate":0.0,"timestamp":1612374779,"path_taken":["M","?","?","?","M","E","M","E","T","R","$","M","R","M","R","BOSS"],"items_purchased_type":["Card","Card"],"build_version":"2020-12-22","purchased_purges":1,"victory":false,"max_hp_per_floor":[80,80,74,74,74,74,74,74,74,74,74,74,74,74,74,74,74],"card_choices":[{"not_picked":["Perfected Strike","Cleave"],"picked":"Inflame","floor":1},{"not_picked":["Reckless Charge","Metallicize"],"picked":"Body Slam","floor":5},{"not_picked":["Wild Strike","Cleave"],"picked":"Hemokinesis","floor":6},{"not_picked":["Cleave","Burning Pact"],"picked":"True Grit","floor":7},{"not_picked":["Warcry","Armaments"],"picked":"Corruption","floor":8},{"not_picked":["Sword Boomerang","Cleave","Warcry"],"picked":"SKIP","floor":12},{"not_picked":["Ghostly Armor","Flex","Rupture"],"picked":"SKIP","floor":14},{"not_picked":["Flex","Rupture"],"picked":"Ghostly Armor","floor":14}],"player_experience":229696,"relics_obtained":[{"floor":6,"key":"Mummified Hand"},{"floor":8,"key":"Unceasing Top"},{"floor":9,"key":"Letter Opener"}],"event_choices":[{"damage_healed":0,"gold_gain":0,"player_choice":"Success","damage_taken":7,"relics_obtained":["Nunchaku"],"max_hp_gain":0,"max_hp_loss":0,"event_name":"Scrap Ooze","floor":2,"gold_loss":0},{"damage_healed":0,"gold_gain":0,"player_choice":"Lose Max HP","damage_taken":0,"relics_obtained":["Golden Idol"],"max_hp_gain":0,"max_hp_loss":6,"event_name":"Golden Idol","floor":3,"gold_loss":0},{"damage_healed":0,"gold_gain":0,"player_choice":"Ignored","damage_taken":0,"max_hp_gain":0,"max_hp_loss":0,"event_name":"Liars Game","floor":4,"gold_loss":0}],"is_beta":false,"boss_relics":[],"items_purged_floors":[11],"is_endless":false,"potions_floor_spawned":[1,5,6,12],"killed_by":"The Guardian","ascension_level":6}}