{"host":"svad1nuufomhazap","time":1612323864,"event":{"mods":["Act Like it!","Aspiration","BaseMod","BetterRewards","Conspire","Custom Start","Downfall","GifTheSpireLib","Minty Spire (QoL Compilation)","Pale of the Ancients","Permanent Neow","Shop Mod","StSLib","The Blackbeard","Unceasing Turn Reminder"],"gold_per_floor":[99,110,166,166,185,185,210,227,237,270,285,313,313,347,357,357,357,357],"floor_reached":16,"language":"ENG","playtime":1321,"items_purged":[],"score":153,"play_id":"5612113b-8ce2-44b1-81af-ae7727ab9570","local_time":"20210202214424","is_ascension_mode":true,"campfire_choices":[{"data":"sneckomod:SnekBite","floor":1,"key":"SMITH"},{"floor":6,"key":"RECALL"}],"circlet_count":0,"master_deck":["sneckomod:Strike","sneckomod:Strike","sneckomod:Defend","sneckomod:Defend","sneckomod:Defend","sneckomod:TailWhip","sneckomod:SnekBite+1","sneckomod:Unknown","sneckomod:Unknown","sneckomod:UnknownVulnerable","sneckomod:UnknownBlock","sneckomod:RainOfDice","sneckomod:UnknownBlock","sneckomod:Unknown1Cost","sneckomod:UnknownUncommonAttack","sneckomod:UnknownBlock","sneckomod:UnknownBlock","Parasite","sneckomod:UnknownRareAttack","sneckomod:UnknownCommonSkill"],"relics":["Philosopher\u0027s Stone","Toy Ornithopter","Du-Vu Doll","aspiration:Lifesprig","Oddly Smooth Stone"],"acts_visited":["Exordium"],"potions_floor_usage":[],"damage_taken":[{"damage":10,"enemies":"Cultist","floor":2,"turns":2},{"damage":17,"enemies":"Lagavulin Event","floor":3,"turns":5},{"damage":0,"enemies":"conspire:RoseBush","floor":5,"turns":3},{"damage":1,"enemies":"2 Louse","floor":8,"turns":2},{"damage":18,"enemies":"Exordium Wildlife","floor":9,"turns":4},{"damage":19,"enemies":"3 Sentries","floor":10,"turns":8},{"damage":12,"enemies":"Lots of Slimes","floor":11,"turns":2},{"damage":20,"enemies":"Lagavulin","floor":12,"turns":6},{"damage":15,"enemies":"Gremlin Nob","floor":14,"turns":4},{"damage":0,"enemies":"Gremlin Gang","floor":15,"turns":3},{"damage":27,"enemies":"SI_SHIV_ARCHETYPE","floor":16,"turns":8}],"seed_played":"1778700596837767225","potions_obtained":[{"floor":2,"key":"DuplicationPotion"},{"floor":8,"key":"LiquidBronze"},{"floor":12,"key":"sneckomod:OffclassReductionPotion"},{"floor":14,"key":"SpeedPotion"}],"is_trial":false,"path_per_floor":["R","M","?","?","M","R","T","M","M","E","M","E","?","E","M","B"],"character_chosen":"THE_SNECKO","items_purchased":[],"campfire_rested":0,"item_purchase_floors":[],"current_hp_per_floor":[90,90,73,73,73,73,73,72,64,45,33,13,35,20,20,0,0,0],"gold":357,"neow_bonus":"BOSS_RELIC","is_daily":false,"chose_seed":false,"campfire_upgraded":1,"win_rate":0.0,"timestamp":1612323864,"path_taken":["R","M","?","?","M","R","T","M","?","E","?","E","?","E","M","BOSS"],"items_purchased_type":[],"build_version":"2020-12-22","purchased_purges":0,"victory":false,"max_hp_per_floor":[90,90,90,90,90,90,90,90,90,90,90,90,90,90,90,90,90,90],"card_choices":[{"not_picked":["sneckomod:Nope","sneckomod:UnknownCommonAttack"],"picked":"sneckomod:UnknownVulnerable","floor":2},{"not_picked":["sneckomod:SoulRoll","sneckomod:Unknown1Cost"],"picked":"sneckomod:UnknownBlock","floor":3},{"not_picked":["sneckomod:UnknownCommonSkill","sneckomod:DefensiveFlair"],"picked":"sneckomod:RainOfDice","floor":5},{"not_picked":["sneckomod:Mudshield","sneckomod:QuickMove"],"picked":"sneckomod:UnknownBlock","floor":8},{"not_picked":["sneckomod:QuickBite","sneckomod:WideSting"],"picked":"sneckomod:Unknown1Cost","floor":9},{"not_picked":["sneckomod:MasterEye","sneckomod:QuickBite"],"picked":"sneckomod:UnknownUncommonAttack","floor":10},{"not_picked":["sneckomod:DiceCrush","sneckomod:WideSting"],"picked":"sneckomod:UnknownBlock","floor":11},{"not_picked":["sneckomod:QuickBite","sneckomod:Memorize"],"picked":"sneckomod:UnknownBlock","floor":12},{"not_picked":["sneckomod:UnknownCommonSkill","sneckomod:UnknownCommonAttack"],"picked":"sneckomod:UnknownRareAttack","floor":14},{"not_picked":["sneckomod:DiceBlock","sneckomod:SoulDraw"],"picked":"sneckomod:UnknownCommonSkill","floor":15}],"player_experience":310994,"relics_obtained":[{"floor":3,"key":"Toy Ornithopter"},{"floor":10,"key":"Du-Vu Doll"},{"floor":12,"key":"aspiration:Lifesprig"},{"floor":14,"key":"Oddly Smooth Stone"}],"event_choices":[{"cards_removed":["sneckomod:Strike"],"damage_healed":0,"gold_gain":0,"player_choice":"Offered Basic","damage_taken":0,"max_hp_gain":0,"max_hp_loss":0,"event_name":"Bonfire Elementals","floor":4,"gold_loss":0},{"damage_healed":22,"gold_gain":0,"player_choice":"Healed and dodged fight","damage_taken":0,"max_hp_gain":0,"max_hp_loss":0,"event_name":"Mushrooms","floor":13,"gold_loss":0,"cards_obtained":["Parasite"]}],"is_beta":false,"boss_relics":[],"items_purged_floors":[],"is_endless":false,"potions_floor_spawned":[2,8,12,14],"killed_by":"SI_SHIV_ARCHETYPE","ascension_level":1}}