{"host":"id3983dklkt9trz7","time":1612313116,"event":{"mods":["AchievementEnabler","BaseMod","Colored Map","Colored Powertips","DeckTracker","HexUI Lib","Minty Spire (QoL Compilation)","Quick Restart","StSLib"],"gold_per_floor":[109,109,124,124,138,163,183,208,234,40,40,57,75,93,93,191,191,210,210,210,230,329,358,358,392,471,501,513,513,523,539,539,539,539],"floor_reached":33,"language":"ENG","playtime":2007,"items_purged":[],"score":504,"play_id":"756b872a-c59a-4338-9e80-c95fd9cefd43","local_time":"20210203014516","is_ascension_mode":true,"campfire_choices":[{"data":"Shockwave","floor":11,"key":"SMITH"},{"data":"Offering","floor":15,"key":"SMITH"},{"floor":24,"key":"REST"},{"floor":29,"key":"REST"},{"data":"Barricade","floor":32,"key":"SMITH"}],"circlet_count":0,"master_deck":["AscendersBane","Strike_R","Strike_R","Strike_R","Defend_R","Defend_R","Bash","Spot Weakness","Iron Wave","Pommel Strike","Barricade+1","Twin Strike","Shockwave+1","Shrug It Off","Armaments","Body Slam","Offering+1","Immolate","Power Through+1","Ghostly","Ghostly","Ghostly","Ghostly","Ghostly","Iron Wave+1","Inflame+1","Pummel","Body Slam+1"],"relics":["Burning Blood","Ancient Tea Set","Omamori","Happy Flower","Anchor","Empty Cage","Pen Nib","PreservedInsect","Self Forming Clay","The Courier"],"acts_visited":["Exordium","TheCity"],"potions_floor_usage":[6,8,25,27,27,33,33],"damage_taken":[{"damage":0,"enemies":"Small Slimes","floor":1,"turns":3},{"damage":3,"enemies":"2 Louse","floor":3,"turns":3},{"damage":1,"enemies":"Cultist","floor":5,"turns":4},{"damage":25,"enemies":"Lagavulin","floor":6,"turns":7},{"damage":18,"enemies":"Exordium Thugs","floor":7,"turns":6},{"damage":20,"enemies":"Gremlin Nob","floor":8,"turns":4},{"damage":3,"enemies":"Looter","floor":12,"turns":3},{"damage":4,"enemies":"2 Fungi Beasts","floor":13,"turns":5},{"damage":0,"enemies":"3 Louse","floor":14,"turns":2},{"damage":48,"enemies":"Slime Boss","floor":16,"turns":12},{"damage":22,"enemies":"Shell Parasite","floor":18,"turns":5},{"damage":8,"enemies":"Chosen","floor":21,"turns":5},{"damage":37,"enemies":"Book of Stabbing","floor":23,"turns":9},{"damage":14,"enemies":"Slavers","floor":25,"turns":6},{"damage":20,"enemies":"Gremlin Leader","floor":27,"turns":7},{"damage":6,"enemies":"Sentry and Sphere","floor":28,"turns":5},{"damage":1,"enemies":"Centurion and Healer","floor":30,"turns":5},{"damage":12,"enemies":"Chosen and Byrds","floor":31,"turns":7},{"damage":35,"enemies":"Champ","floor":33,"turns":11}],"seed_played":"5367212993524726569","potions_obtained":[{"floor":4,"key":"LiquidMemories"},{"floor":4,"key":"BloodPotion"},{"floor":4,"key":"EntropicBrew"},{"floor":5,"key":"AttackPotion"},{"floor":6,"key":"Regen Potion"},{"floor":8,"key":"SteroidPotion"}],"is_trial":false,"path_per_floor":["M","?","M","?","M","E","M","E","T","$","R","M","M","M","R","B",null,"M","?","?","M","?","E","R","E","T","E","M","R","M","M","R","B"],"character_chosen":"IRONCLAD","items_purchased":["Anchor","Shrug It Off"],"campfire_rested":2,"item_purchase_floors":[10,10],"current_hp_per_floor":[78,78,80,80,80,61,49,51,51,51,51,54,56,62,62,20,65,49,40,40,38,38,7,19,26,26,12,12,24,29,23,23,0,0],"gold":539,"neow_bonus":"TRANSFORM_CARD","is_daily":false,"chose_seed":false,"campfire_upgraded":3,"win_rate":0.0,"timestamp":1612313116,"path_taken":["M","?","M","?","?","E","M","E","T","?","R","M","M","M","R","BOSS","M","?","?","M","?","E","R","E","T","E","?","R","M","M","R","BOSS"],"items_purchased_type":["Relic","Card"],"build_version":"2020-12-22","purchased_purges":0,"victory":false,"max_hp_per_floor":[80,80,80,80,80,80,80,80,80,80,80,80,80,80,80,80,80,80,40,40,40,40,40,40,40,40,40,40,40,40,40,40,40,40],"card_choices":[{"not_picked":["Thunderclap","Seeing Red"],"picked":"Iron Wave","floor":1},{"not_picked":["Rampage","Power Through"],"picked":"Pommel Strike","floor":3},{"not_picked":["Body Slam","Thunderclap","Dual Wield"],"picked":"SKIP","floor":5},{"not_picked":["Power Through","Perfected Strike"],"picked":"Barricade","floor":6},{"not_picked":["Sever Soul","True Grit"],"picked":"Twin Strike","floor":7},{"not_picked":["Dark Embrace","Armaments"],"picked":"Shockwave","floor":8},{"not_picked":["Clothesline","Clash"],"picked":"Armaments","floor":12},{"not_picked":["Havoc","Headbutt"],"picked":"Body Slam","floor":13},{"not_picked":["Reckless Charge","Bloodletting"],"picked":"Offering","floor":14},{"not_picked":["Fiend Fire","Brutality"],"picked":"Immolate","floor":16},{"not_picked":["Perfected Strike+1","Rage+1"],"picked":"Power Through+1","floor":18},{"not_picked":["Thunderclap","Rampage"],"picked":"Iron Wave+1","floor":21},{"not_picked":["Spot Weakness+1","Armaments","Searing Blow"],"picked":"SKIP","floor":23},{"not_picked":["Uppercut","Disarm"],"picked":"Inflame+1","floor":25},{"not_picked":["Sentinel","Spot Weakness+1"],"picked":"Pummel","floor":27},{"not_picked":["Whirlwind+1","Clash"],"picked":"Body Slam+1","floor":28},{"not_picked":["Hemokinesis","Iron Wave+1","Body Slam"],"picked":"SKIP","floor":30},{"not_picked":["Havoc","Sword Boomerang","Cleave+1"],"picked":"SKIP","floor":31}],"player_experience":341742,"relics_obtained":[{"floor":6,"key":"Ancient Tea Set"},{"floor":8,"key":"Omamori"},{"floor":9,"key":"Happy Flower"},{"floor":23,"key":"Pen Nib"},{"floor":25,"key":"PreservedInsect"},{"floor":26,"key":"Self Forming Clay"},{"floor":27,"key":"The Courier"}],"event_choices":[{"damage_healed":0,"gold_gain":0,"player_choice":"Ignored","damage_taken":0,"max_hp_gain":0,"max_hp_loss":0,"event_name":"Liars Game","floor":2,"gold_loss":0},{"damage_healed":0,"gold_gain":0,"player_choice":"Got Potions","damage_taken":0,"max_hp_gain":0,"max_hp_loss":0,"event_name":"Lab","floor":4,"gold_loss":0},{"damage_healed":0,"gold_gain":0,"player_choice":"Became a Ghost","damage_taken":0,"max_hp_gain":0,"max_hp_loss":40,"event_name":"Ghosts","floor":19,"gold_loss":0,"cards_obtained":["Ghostly","Ghostly","Ghostly","Ghostly","Ghostly"]},{"cards_removed":["Defend_R"],"damage_healed":0,"gold_gain":0,"player_choice":"Elegance","damage_taken":0,"max_hp_gain":0,"max_hp_loss":0,"event_name":"Back to Basics","floor":20,"gold_loss":0},{"damage_healed":0,"gold_gain":99,"player_choice":"Stole From Cult","damage_taken":0,"max_hp_gain":0,"max_hp_loss":0,"event_name":"Nest","floor":22,"gold_loss":0}],"is_beta":false,"boss_relics":[{"not_picked":["Runic Dome","Busted Crown"],"picked":"Empty Cage"}],"items_purged_floors":[],"is_endless":false,"potions_floor_spawned":[5,6,8,13,14,21,23,28],"killed_by":"Champ","ascension_level":10}}