{"host":"58syw52hqfl22t9m","time":1612329195,"event":{"mods":["2.2 Compatiblity","AchievementEnabler","BaseMod","Better Altar","Better Match","Better Note","Better Sensory Stone","Better Skull","Better Third Choice","BetterRewards","Block Reminder","Colored Map","Colored Powertips","Curses Come First","Dark Map","GifTheSpireLib","Highlight Path","Hubris","Infinite Spire","Minty Spire (QoL Compilation)","Monster B Gone","Permanent Neow","Poor People Problems","Random Character Button","Rare Cards Sparkle","Relic Stats","Reliquary","Replay The Spire","Shop Mod","Spicy Shops","StSLib","The Blue Laboratory"],"gold_per_floor":[118,118,136,9,23,23,62,62,87,105,130,148,1,1,1,120,120,143,163,186,186,210,210,210,210,210,210,210],"floor_reached":27,"language":"ENG","playtime":1875,"items_purged":["Strike_B","Strike_B","Strike_B"],"score":270,"play_id":"cdcefe27-670c-4d0d-b5bd-cc18171131eb","local_time":"20210202211315","is_ascension_mode":true,"campfire_choices":[{"data":"Zap","floor":6,"key":"SMITH"},{"data":"Redo","floor":15,"key":"SMITH"},{"floor":25,"key":"REST"}],"circlet_count":0,"master_deck":["Strike_B","Defend_B","Defend_B+1","Defend_B","Defend_B","Zap+1","Dualcast+1","Sweeping Beam","Gash","Sweeping Beam","Reboot","BootSequence","Redo+1","Sweeping Beam","Leap+1","Redo","Panic Button","Gash","Ball Lightning+1","Gash+1"],"relics":["Cracked Core","reliquary:Stiletto","Pear","MerchantsRug","Golden Idol","War Paint"],"acts_visited":["Exordium","TheCity"],"potions_floor_usage":[22,22,22,22,22,26],"damage_taken":[{"damage":2,"enemies":"Jaw Worm","floor":1,"turns":3},{"damage":10,"enemies":"Small Slimes","floor":3,"turns":2},{"damage":0,"enemies":"Cultist","floor":5,"turns":3},{"damage":25,"enemies":"Lagavulin","floor":7,"turns":5},{"damage":0,"enemies":"Large Slime","floor":10,"turns":3},{"damage":4,"enemies":"2 Fungi Beasts","floor":11,"turns":2},{"damage":0,"enemies":"Looter","floor":12,"turns":2},{"damage":20,"enemies":"Hexaghost","floor":16,"turns":9},{"damage":14,"enemies":"3 Byrds","floor":18,"turns":3},{"damage":27,"enemies":"2 Thieves","floor":19,"turns":4},{"damage":21,"enemies":"Cultist and Chosen","floor":20,"turns":6},{"damage":17,"enemies":"Snecko","floor":22,"turns":5},{"damage":15,"enemies":"Book of Stabbing","floor":26,"turns":3},{"damage":13,"enemies":"Snake Plant","floor":27,"turns":2}],"seed_played":"-2029764413945047733","potions_obtained":[{"floor":5,"key":"blueLaboratory:SystemWipe"},{"floor":11,"key":"EntropicBrew"},{"floor":19,"key":"blueLaboratory:PlasmaFuel"},{"floor":22,"key":"SmokeBomb"}],"is_trial":false,"path_per_floor":["M","?","M","$","M","R","E","?","T","M","M","M","$","?","R","B",null,"M","M","M","AVR","M","PTL","PTL","R","E","M"],"character_chosen":"DEFECT","items_purchased":["reliquary:Stiletto","Pear","Sweeping Beam","MerchantsRug","Gash","BootSequence","Redo","Gash","Ball Lightning+1"],"campfire_rested":1,"item_purchase_floors":[0,0,0,0,0,4,4,13,13],"current_hp_per_floor":[83,79,69,69,69,69,44,44,44,44,40,40,40,66,66,46,79,65,38,17,17,2,2,2,26,11,0,0],"gold":210,"neow_bonus":"","is_daily":false,"chose_seed":false,"campfire_upgraded":2,"win_rate":0.0,"timestamp":1612329195,"path_taken":["M","?","M","$","M","R","E","?","T","?","M","M","$","?","R","BOSS","M","M","M","AVR","M","PTL","PTL","R","E","M"],"items_purchased_type":["Relic","Relic","Card","Relic","Card","Card","Card","Card","Card"],"build_version":"2020-12-22","purchased_purges":3,"victory":false,"max_hp_per_floor":[85,79,79,79,79,79,79,79,79,79,79,79,79,79,79,79,79,79,79,79,79,81,81,81,81,81,81,81],"relic_stats":{"counters":[14,52],"Golden Idol":78,"War Paint":["Defend_B","Dualcast"],"obtain_stats":[{"MerchantsRug":0,"Pear":0,"Golden Idol":2,"reliquary:Stiletto":0,"War Paint":7,"Cracked Core":0,"infinitespire:Freezer":9},{"MerchantsRug":0,"Pear":0,"Golden Idol":1,"reliquary:Stiletto":0,"War Paint":4,"Cracked Core":0,"infinitespire:Freezer":4},{"MerchantsRug":0,"Pear":0,"Golden Idol":3,"reliquary:Stiletto":0,"War Paint":13,"Cracked Core":0,"infinitespire:Freezer":13}]},"card_choices":[{"not_picked":["Hello World","Beam Cell"],"picked":"Sweeping Beam","floor":1},{"not_picked":["BasicCrystalCard","White Noise"],"picked":"Reboot","floor":3},{"not_picked":["Storm","Recycle"],"picked":"Sweeping Beam","floor":5},{"not_picked":["FIFO Queue","hubris:DoWhile"],"picked":"Leap","floor":7},{"not_picked":["Consume","Genetic Algorithm"],"picked":"Redo","floor":10},{"not_picked":["BasicCrystalCard","Force Field","Turbo"],"picked":"SKIP","floor":11},{"not_picked":["Compile Driver","Redo"],"picked":"Panic Button","floor":12},{"not_picked":["Stack","Sweeping Beam+1","Rebound+1"],"picked":"SKIP","floor":18},{"not_picked":["Turbo","Coolheaded+1"],"picked":"Gash+1","floor":19},{"not_picked":["Sweeping Beam","Hello World+1","ReplayTheSpireMod:Reroute Power"],"picked":"SKIP","floor":20},{"not_picked":["Sweeping Beam","Double Energy+1","Sunder+1"],"picked":"SKIP","floor":22}],"player_experience":438392,"relics_obtained":[{"floor":7,"key":"War Paint"},{"floor":9,"key":"infinitespire:Freezer"}],"event_choices":[{"damage_healed":0,"gold_gain":0,"player_choice":"Lose Max HP","damage_taken":0,"relics_obtained":["Golden Idol"],"max_hp_gain":0,"max_hp_loss":6,"event_name":"Golden Idol","floor":2,"gold_loss":0},{"damage_healed":0,"gold_gain":0,"player_choice":"Forge","damage_taken":0,"max_hp_gain":0,"max_hp_loss":0,"event_name":"Accursed Blacksmith","floor":8,"gold_loss":0,"cards_upgraded":["Leap"]},{"damage_healed":26,"gold_gain":0,"player_choice":"Banana","damage_taken":0,"max_hp_gain":0,"max_hp_loss":0,"event_name":"Big Fish","floor":14,"gold_loss":0}],"is_beta":false,"boss_relics":[{"not_picked":["reliquary:Craggleroot","Tiny House","hubris:CrackedHourglass"]}],"items_purged_floors":[0,13,21],"is_endless":false,"potions_floor_spawned":[1,5,10,11,19,22,26],"killed_by":"Snake Plant","ascension_level":3}}