{"host":"v380u9jqfq8325l5","time":1612316046,"event":{"mods":["BaseMod","Bestiary","BetterRewards","Colored Map","Colored Powertips","Curses Come First","Evolution","Halation","Hubris","Infinite Spire","Minty Spire (QoL Compilation)","Reliquary","Spire Arcade","StSLib","SuperFastMode"],"gold_per_floor":[114,114,132,132,151,179,179,206,206,206,206],"floor_reached":10,"language":"ENG","playtime":280,"items_purged":[],"score":80,"play_id":"f1d39db5-cbc1-4fb3-8ad4-2740f64e3c95","local_time":"20210203043406","is_ascension_mode":true,"campfire_choices":[{"floor":7,"key":"REST"}],"circlet_count":0,"master_deck":["Strike_R","Strike_R","Strike_R","Strike_R","Strike_R","Defend_R","Defend_R","Defend_R","Defend_R","Bash","Flex","Cleave","Twin Strike","Shrug It Off"],"relics":["Burning Blood","EVO:Axolotl","Peace Pipe","reliquary:TridentHead","InkBottle","WingedGreaves"],"acts_visited":["Exordium"],"potions_floor_usage":[8],"damage_taken":[{"damage":2,"enemies":"Small Slimes","floor":1,"turns":4},{"damage":6,"enemies":"Jaw Worm","floor":3,"turns":3},{"damage":6,"enemies":"Cultist","floor":5,"turns":3},{"damage":49,"enemies":"Lagavulin","floor":6,"turns":7},{"damage":25,"enemies":"Gremlin Nob","floor":8,"turns":4},{"damage":23,"enemies":"Lagavulin","floor":10,"turns":4}],"seed_played":"4162351873611435754","potions_obtained":[{"floor":1,"key":"Ancient Potion"},{"floor":5,"key":"GamblersBrew"}],"is_trial":false,"path_per_floor":["M","?","M","T","M","E","R","E","T","E"],"character_chosen":"IRONCLAD","items_purchased":[],"campfire_rested":1,"item_purchase_floors":[],"current_hp_per_floor":[60,60,60,60,60,17,41,22,22,0,0],"gold":206,"neow_bonus":"ONE_RARE_RELIC","is_daily":false,"chose_seed":false,"campfire_upgraded":0,"win_rate":0.0,"timestamp":1612316046,"path_taken":["M","?","M","?","M","E","R","E","T","E"],"items_purchased_type":[],"build_version":"2020-12-22","purchased_purges":0,"victory":false,"max_hp_per_floor":[80,80,80,80,80,80,80,80,80,80,80],"card_choices":[{"not_picked":["Shockwave","Blood for Blood"],"picked":"Flex","floor":1},{"not_picked":["Body Slam","Anger"],"picked":"Twin Strike","floor":3},{"not_picked":["Rage","Searing Blow","Flex"],"picked":"SKIP","floor":5},{"not_picked":["Sentinel","Rupture"],"picked":"Shrug It Off","floor":6},{"not_picked":["Flame Barrier","hubris:SharpeningStone","Intimidate"],"picked":"SKIP","floor":8}],"player_experience":213355,"relics_obtained":[{"floor":6,"key":"reliquary:TridentHead"},{"floor":8,"key":"InkBottle"},{"floor":9,"key":"WingedGreaves"}],"event_choices":[],"is_beta":false,"boss_relics":[],"items_purged_floors":[],"is_endless":false,"potions_floor_spawned":[1,5],"killed_by":"Lagavulin","ascension_level":1}}