{"host":"zh52cun1g5egmafn","time":1612322925,"event":{"mods":["AchievementEnabler","Act Like it!","Arknights","BaseMod","DeckTracker","Minty Spire (QoL Compilation)","StSLib"],"gold_per_floor":[110,110,130,145,145,156,187,204,227,237,248,5,5,40,40,139,139,153,166,0,0,0,0],"floor_reached":22,"language":"KOR","playtime":830,"items_purged":["ats:Strike G"],"score":277,"play_id":"961d8e1e-4d5a-4648-b767-444d836b7ad8","local_time":"20210203122845","is_ascension_mode":true,"campfire_choices":[{"floor":13,"key":"REST"},{"data":"ats:Defend Order","floor":15,"key":"SMITH"}],"circlet_count":0,"master_deck":["ats:Strike C","ats:Strike S","ats:Strike V","ats:Armor Crushing Shot","ats:Defend","ats:Defend","ats:Defend","ats:Defend","ats:Emotion Absorption","ats:Closed Bolt Burst Fire+1","ats:Steam Pump","ats:Sword Rain","ats:Defend Order+1","ats:Assault Order","ats:Phantom","ats:Demon Strength","ats:Apocalypse","ats:Chain Hook","ats:Hook Shot","ats:Disruption Kick","ats:Absolute Focus","ats:Support Order"],"relics":["ats:Sanity","NeowsBlessing","PreservedInsect","ats:Originium","Blood Vial","Bag of Marbles","ats:Hidden Killer","Black Star"],"acts_visited":["Exordium","TheCity"],"potions_floor_usage":[7,14,16,16],"damage_taken":[{"damage":0,"enemies":"Jaw Worm","floor":1,"turns":1},{"damage":0,"enemies":"Cultist","floor":3,"turns":1},{"damage":0,"enemies":"Small Slimes","floor":4,"turns":1},{"damage":0,"enemies":"Exordium Wildlife","floor":6,"turns":3},{"damage":5,"enemies":"Gremlin Nob","floor":7,"turns":3},{"damage":34,"enemies":"Large Slime","floor":8,"turns":8},{"damage":1,"enemies":"Gremlin Gang","floor":10,"turns":2},{"damage":7,"enemies":"Looter","floor":11,"turns":4},{"damage":7,"enemies":"3 Sentries","floor":14,"turns":4},{"damage":7,"enemies":"Slime Boss","floor":16,"turns":10},{"damage":35,"enemies":"Shell Parasite","floor":18,"turns":5},{"damage":33,"enemies":"Spheric Guardian","floor":19,"turns":6},{"damage":0,"enemies":"Snake Plant","floor":22,"turns":1}],"seed_played":"8107832366668976083","potions_obtained":[{"floor":1,"key":"Swift Potion"},{"floor":4,"key":"AttackPotion"},{"floor":7,"key":"DistilledChaos"},{"floor":10,"key":"Fire Potion"},{"floor":11,"key":"AttackPotion"}],"is_trial":false,"path_per_floor":["M","?","M","M","?","M","E","M","T","M","M","$","R","E","R","B",null,"M","M","?","?","M"],"character_chosen":"DOCTOR_CLASS","items_purchased":["ats:Demon Strength","ats:Apocalypse","ats:Chain Hook"],"campfire_rested":1,"item_purchase_floors":[12,12,12],"current_hp_per_floor":[65,65,65,65,65,65,60,28,28,29,24,24,45,44,44,47,66,37,10,10,10,12,12],"gold":0,"neow_bonus":"THREE_ENEMY_KILL","is_daily":false,"chose_seed":false,"campfire_upgraded":1,"win_rate":0.0,"timestamp":1612322925,"path_taken":["M","?","M","?","?","?","E","M","T","M","M","$","R","E","R","BOSS","M","M","?","?","M"],"items_purchased_type":["Card","Card","Card"],"build_version":"2020-12-22","purchased_purges":1,"victory":false,"max_hp_per_floor":[72,72,72,72,72,72,72,72,72,72,72,72,72,72,72,72,72,72,72,72,72,72,72],"card_choices":[{"not_picked":["ats:Thermite Blade","ats:Hammer On"],"picked":"ats:Closed Bolt Burst Fire","floor":1},{"not_picked":["ats:Blood Oath","ats:Hammer On","ats:Powerful Strike"],"picked":"SKIP","floor":3},{"not_picked":["ats:Shadow Raid","ats:Sword Rain"],"picked":"ats:Steam Pump","floor":4},{"not_picked":["ats:Closed Bolt Burst Fire","ats:Assault Order"],"picked":"ats:Sword Rain","floor":6},{"not_picked":["ats:Shell Defense","ats:Cat Scratch"],"picked":"ats:Defend Order","floor":7},{"not_picked":["ats:Mental Burst","ats:Shell Defense"],"picked":"ats:Assault Order","floor":8},{"not_picked":["ats:Poison Spread","ats:Burning Ground"],"picked":"ats:Phantom","floor":10},{"not_picked":["ats:Consecutive Shot Auto","ats:Collapsing Strike","ats:Counter Healing Mode"],"picked":"SKIP","floor":11},{"not_picked":["ats:Healing Strengthening","ats:Revitalization"],"picked":"ats:Hook Shot","floor":14},{"not_picked":["ats:Fractured Body","ats:Echo Reverb"],"picked":"ats:Disruption Kick","floor":16},{"not_picked":["ats:Guard Mode","ats:Shadow Raid"],"picked":"ats:Absolute Focus","floor":18},{"not_picked":["ats:Hammer On","ats:Poison Spread"],"picked":"ats:Support Order","floor":19}],"player_experience":223449,"relics_obtained":[{"floor":7,"key":"ats:Originium"},{"floor":7,"key":"Blood Vial"},{"floor":9,"key":"Bag of Marbles"},{"floor":14,"key":"ats:Originium"},{"floor":14,"key":"ats:Hidden Killer"}],"event_choices":[{"damage_healed":0,"gold_gain":0,"player_choice":"Gave Potion","damage_taken":0,"relics_obtained":["PreservedInsect"],"max_hp_gain":0,"max_hp_loss":0,"event_name":"WeMeetAgain","floor":2,"gold_loss":0},{"damage_healed":0,"gold_gain":0,"player_choice":"Forge","damage_taken":0,"max_hp_gain":0,"max_hp_loss":0,"event_name":"Accursed Blacksmith","floor":5,"gold_loss":0,"cards_upgraded":["ats:Closed Bolt Burst Fire"]},{"damage_healed":0,"gold_gain":0,"player_choice":"Paid Fearfully","damage_taken":0,"max_hp_gain":0,"max_hp_loss":0,"event_name":"Masked Bandits","floor":20,"gold_loss":166},{"damage_healed":0,"gold_gain":0,"player_choice":"Leave","damage_taken":0,"max_hp_gain":0,"max_hp_loss":0,"event_name":"FaceTrader","floor":21,"gold_loss":0}],"is_beta":false,"boss_relics":[{"not_picked":["SacredBark","Ectoplasm"],"picked":"Black Star"}],"items_purged_floors":[12],"is_endless":false,"potions_floor_spawned":[1,4,7,10,11],"killed_by":"Snake Plant","ascension_level":8}}