{"host":"Sylvester","time":1612375176,"event":{"mods":["BaseMod","Filter the Spire","Lobotomy","Minty Spire (QoL Compilation)","Replay The Spire","StSLib"],"gold_per_floor":[110,185,185,252,271,305,305,305,357,385,385,201,201,236,236,331,331,342,342,342,358,378,378,405,320,320,355,367,466,466,491,491,591,591,604,103,0,10,30,58,58,58,58,89,104,129,129,139,139,139,139],"floor_reached":50,"language":"ENG","playtime":2640,"items_purged":["WhitesApple"],"score":790,"play_id":"b023b130-7307-43c0-b3a7-3f7f1791b762","local_time":"20210203095936","is_ascension_mode":true,"campfire_choices":[{"data":"SomewhereSpear","floor":15.0,"key":"SMITH"},{"data":"Regret_ego","floor":30.0,"key":"SMITH"},{"floor":47.0,"key":"RECALL"},{"data":"ReplayUltimateDefense","floor":49.0,"key":"SMITH"}],"circlet_count":0,"master_deck":["SpecialBullet","SpecialBullet","SpecialBullet","SpecialBullet","SpecialBullet","SpecialBullet","SpecialBullet","SpecialBullet","InformationCode","CentralCode","ParadiseLost+1","SomewhereSpear+1","LifeForTheDareDevil+1","CENSORED","Midas Touch","TodaysExpression+1","GreedKing","Hypocrisy+1","GoldRush+1","Parasite","NakedNest","Regret_ego+1","WelfareCode","Parasite","GoldRush+1","ReplayUltimateDefense+1","VoidDream","Ecstasy","SpecialBullet","SpecialBullet","Mimicry+1"],"relics":["CogitoBucket","Nunchaku","Ancient Tea Set","PreservedInsect","StoneCalendar","Sozu","BackwardClock","Anchor","Replay:Bottled Eggs","Pet Ghost","Snack Pack","HellTrain","Quantum Egg","Black Star","Replay:Ringing Soul","Red Mask","AtMidnight","Meat on the Bone","Toy Ornithopter","Pen Nib","MealTicket","Golden Egg","InkBottle"],"acts_visited":["Exordium","TheCity","TheBeyond"],"potions_floor_usage":[50],"damage_taken":[{"damage":7.0,"enemies":"2 Louse","floor":1.0,"turns":3.0},{"damage":0.0,"enemies":"Small Slimes","floor":5.0,"turns":2.0},{"damage":15.0,"enemies":"Gremlin Nob","floor":6.0,"turns":4.0},{"damage":1.0,"enemies":"Replay:BlueRogue","floor":10.0,"turns":3.0},{"damage":0.0,"enemies":"Gremlin Nob","floor":14.0,"turns":2.0},{"damage":11.0,"enemies":"Fading Forest","floor":16.0,"turns":11.0},{"damage":40.0,"enemies":"2 Thieves","floor":18.0,"turns":3.0},{"damage":2.0,"enemies":"Chosen","floor":21.0,"turns":2.0},{"damage":4.0,"enemies":"Shelled Parasite and Fungi","floor":22.0,"turns":4.0},{"damage":0.0,"enemies":"Gremlin Leader","floor":24.0,"turns":3.0},{"damage":0.0,"enemies":"Book of Stabbing","floor":27.0,"turns":3.0},{"damage":25.0,"enemies":"3 Cultists","floor":28.0,"turns":5.0},{"damage":0.0,"enemies":"Slavers","floor":31.0,"turns":2.0},{"damage":8.0,"enemies":"Automaton","floor":33.0,"turns":5.0},{"damage":0.0,"enemies":"3 Shapes","floor":35.0,"turns":2.0},{"damage":0.0,"enemies":"Orb Walker","floor":38.0,"turns":2.0},{"damage":13.0,"enemies":"3 Darklings","floor":39.0,"turns":10.0},{"damage":45.0,"enemies":"Nemesis","floor":40.0,"turns":3.0},{"damage":0.0,"enemies":"Reptomancer","floor":44.0,"turns":3.0},{"damage":0.0,"enemies":"Writhing Mass","floor":45.0,"turns":4.0},{"damage":0.0,"enemies":"R_Hoarder","floor":46.0,"turns":2.0},{"damage":0.0,"enemies":"Spire Growth","floor":48.0,"turns":2.0},{"damage":152,"enemies":"Awakened One","floor":50,"turns":4}],"seed_played":"-488792504634802398","potions_obtained":[{"floor":6.0,"key":"FearPotion"},{"floor":10.0,"key":"Reflective Coating"},{"floor":14.0,"key":"SteroidPotion"}],"is_trial":false,"path_per_floor":["M","?","?","?","M","E","R","?","T","E","R","$","?","E","R","B",null,"M","?","?","M","M","R","E","?","T","E","M","?","R","E","R","B",null,"M","$","?","M","M","E","R","?","T","E","M","E","R","M","R","B"],"character_chosen":"Angela","items_purchased":["Midas Touch","ReplayUltimateDefense","Replay:Ringing Soul"],"campfire_rested":0,"item_purchase_floors":[12,36,36],"current_hp_per_floor":[63,52,52,52,52,37,37,37,37,36,36,36,36,36,36,38,70,52,52,52,50,47,47,59,59,59,59,58,58,58,60,60,61,70,70,70,70,73,72,48,48,48,48,69,79,82,82,82,82,0,0],"gold":139,"neow_bonus":"ONE_RANDOM_RARE_CARD","is_daily":false,"chose_seed":false,"campfire_upgraded":3,"win_rate":0.0,"timestamp":1612375176,"path_taken":["M","?","?","?","M","E","R","?","T","E","R","?","?","E","R","BOSS","M","?","?","?","M","R","E","?","T","E","M","?","R","E","R","BOSS","M","$","?","M","M","E","R","?","T","E","M","E","R","M","R","BOSS"],"items_purchased_type":["Card","Card","Relic"],"build_version":"2020-11-17","purchased_purges":1,"victory":false,"max_hp_per_floor":[70,70,70,70,70,70,70,70,70,70,70,70,70,70,70,70,70,70,70,70,70,70,70,70,70,70,70,70,70,70,70,70,70,70,70,70,70,73,73,73,73,73,73,76,79,82,82,82,82,82,82],"card_choices":[{"not_picked":["RapturousDream"],"picked":"SomewhereSpear","floor":1.0},{"not_picked":["Heaven","Amita"],"picked":"SKIP","floor":5.0},{"not_picked":["Horn"],"picked":"LifeForTheDareDevil","floor":6.0},{"not_picked":["Bloodbath","UniverseFragment"],"picked":"Scorched","floor":6.0},{"not_picked":["HeroicMonk","CrumblingArmor"],"picked":"CENSORED","floor":10.0},{"not_picked":["FourthMatchFlame","RedEyes"],"picked":"SKIP","floor":10.0},{"not_picked":["CUTE","SomewhereSpear"],"picked":"SKIP","floor":14.0},{"not_picked":["Twilight"],"picked":"DaCapo","floor":16.0},{"not_picked":["Bloodbath","Freischutz"],"picked":"GreedKing","floor":18.0},{"not_picked":["Heaven"],"picked":"Hypocrisy+1","floor":18.0},{"not_picked":["ShedSkin","Lantern"],"picked":"SKIP","floor":21.0},{"not_picked":["ShedSkin","WristCuter"],"picked":"SKIP","floor":22.0},{"not_picked":["OldLady","CherryBlossoms"],"picked":"WhitesApple","floor":24.0},{"not_picked":["Noise"],"picked":"GoldRush","floor":24.0},{"not_picked":["InTheNameOfLoveAndHate","CUTE"],"picked":"SKIP","floor":27.0},{"not_picked":["Variant","LittleHelper"],"picked":"NakedNest","floor":28.0},{"not_picked":["Spore"],"picked":"Regret_ego","floor":28.0},{"not_picked":["Horn","Wingbeat"],"picked":"SKIP","floor":31.0},{"not_picked":["SoundOfStar"],"picked":"GoldRush","floor":33.0},{"not_picked":["Horn","RedEyes"],"picked":"SKIP","floor":35.0},{"not_picked":["Scorched","BodiesMountain"],"picked":"VoidDream","floor":38.0},{"not_picked":["Penitence+1","RapturousDream"],"picked":"SKIP","floor":38.0},{"not_picked":["Tough+1","RapturousDream"],"picked":"SKIP","floor":39.0},{"not_picked":["RapturousDream+1","Loneliness"],"picked":"SKIP","floor":40.0},{"not_picked":["Tough+1"],"picked":"Ecstasy","floor":44.0},{"not_picked":["CUTE+1","ShedSkin"],"picked":"SKIP","floor":45.0},{"not_picked":["Mimicry","Horn"],"picked":"SKIP","floor":46.0},{"not_picked":["Horn"],"picked":"Mimicry","floor":46.0},{"not_picked":["CUTE+1","Beak"],"picked":"SKIP","floor":48.0}],"player_experience":197694,"relics_obtained":[{"floor":6.0,"key":"Nunchaku"},{"floor":9.0,"key":"Ancient Tea Set"},{"floor":10.0,"key":"PreservedInsect"},{"floor":14.0,"key":"StoneCalendar"},{"floor":24.0,"key":"Anchor"},{"floor":26.0,"key":"Pet Ghost"},{"floor":27.0,"key":"Snack Pack"},{"floor":31.0,"key":"Quantum Egg"},{"floor":39.0,"key":"AtMidnight"},{"floor":40.0,"key":"Meat on the Bone"},{"floor":40.0,"key":"Toy Ornithopter"},{"floor":44.0,"key":"Pen Nib"},{"floor":44.0,"key":"MealTicket"},{"floor":46.0,"key":"Golden Egg"},{"floor":46.0,"key":"InkBottle"}],"event_choices":[{"damage_healed":0.0,"max_hp_gain":0.0,"max_hp_loss":0.0,"gold_gain":75.0,"event_name":"World of Goop","player_choice":"Gather Gold","floor":2.0,"gold_loss":0.0,"damage_taken":11.0},{"damage_healed":0.0,"max_hp_gain":0.0,"max_hp_loss":0.0,"gold_gain":67.0,"event_name":"Golden Wing","player_choice":"Gained Gold","floor":4.0,"gold_loss":0.0,"damage_taken":0.0},{"damage_healed":0.0,"max_hp_gain":0.0,"max_hp_loss":0.0,"gold_gain":0.0,"event_name":"Living Wall","player_choice":"Grow","floor":8.0,"gold_loss":0.0,"damage_taken":0.0,"cards_upgraded":["LifeForTheDareDevil"]},{"damage_healed":0.0,"max_hp_gain":0.0,"max_hp_loss":0.0,"gold_gain":0.0,"event_name":"Vampires","player_choice":"Ignored","floor":19.0,"gold_loss":0.0,"damage_taken":0.0},{"damage_healed":0.0,"max_hp_gain":0.0,"max_hp_loss":0.0,"gold_gain":0.0,"event_name":"The Woman in Blue","player_choice":"Bought 0 Potions","floor":20.0,"gold_loss":0.0,"damage_taken":0.0},{"damage_healed":0.0,"max_hp_gain":0.0,"max_hp_loss":0.0,"gold_gain":0.0,"event_name":"Addict","player_choice":"Obtained Relic","floor":25.0,"gold_loss":85.0,"damage_taken":0.0,"relics_obtained":["Replay:Bottled Eggs"]},{"damage_healed":0.0,"max_hp_gain":0.0,"max_hp_loss":0.0,"gold_gain":99.0,"event_name":"Nest","player_choice":"Stole From Cult","floor":29.0,"gold_loss":0.0,"damage_taken":0.0},{"damage_healed":0.0,"max_hp_gain":0.0,"max_hp_loss":0.0,"gold_gain":0.0,"event_name":"Tomb of Lord Red Mask","player_choice":"Paid","floor":37.0,"gold_loss":103.0,"damage_taken":0.0,"relics_obtained":["Red Mask"]},{"cards_removed":["TrainingCode"],"damage_healed":0.0,"max_hp_gain":0.0,"max_hp_loss":0.0,"gold_gain":0.0,"event_name":"Falling","player_choice":"Removed Skill","floor":42.0,"gold_loss":0.0,"damage_taken":0.0}],"is_beta":true,"boss_relics":[{"not_picked":["Coffee Dripper","Busted Crown"],"picked":"Sozu"},{"not_picked":["SlaversCollar","Empty Cage"],"picked":"Black Star"}],"items_purged_floors":[36],"is_endless":false,"potions_floor_spawned":[6,10,14,18,24,31,39,40,46,48],"killed_by":"Awakened One","ascension_level":1}}