{"host":"adt9pv9dmmkchns7","time":1612379981,"event":{"mods":["AchievementEnabler","BaseMod","Beaked The Cultist","Better Third Choice","Downfall","Energized Spire","Infinite Spire","Minty Spire (QoL Compilation)","Permanent Neow","Potionbrewer","Replay The Spire","Robot Space Explorer","Shade Mod","Spicy Shops","StSLib","The Blackbeard","The Cursed","The Forsaken","The Gatherer","The Necromancer","Wandering Minibosses"],"gold_per_floor":[15,35,46,63,78,111,111,111,111],"floor_reached":8,"language":"ENG","playtime":649,"items_purged":[],"score":94,"play_id":"8c987888-18aa-40da-af04-2315126e3176","local_time":"20210203201941","is_ascension_mode":true,"campfire_choices":[{"data":"Reaper","floor":7,"key":"SMITH"},{"data":"Bash","floor":7,"key":"SMITH"}],"circlet_count":0,"master_deck":["Strike_R","Strike_R","Strike_R","Strike_R","Strike_R","Defend_R","Defend_R","Defend_R","Defend_R","Bash+1","Wild Strike","Fire Breathing","Flex","Flame Barrier","ReplayTheSpireMod:Muscle Training","Reaper+1"],"relics":["Burning Blood","Replay:Arrowhead"],"acts_visited":["Exordium"],"potions_floor_usage":[6,6],"damage_taken":[{"damage":2,"enemies":"2 Louse","floor":1,"turns":3},{"damage":0,"enemies":"Small Slimes","floor":2,"turns":3},{"damage":2,"enemies":"Jaw Worm","floor":3,"turns":3},{"damage":30,"enemies":"Exordium Thugs","floor":4,"turns":5},{"damage":28,"enemies":"Exordium Wildlife","floor":5,"turns":6},{"damage":26,"enemies":"3 Sentries","floor":6,"turns":5},{"damage":43,"enemies":"Gremlin Nob","floor":8,"turns":4}],"seed_played":"3040261523623985335","potions_obtained":[{"floor":2,"key":"FearPotion"},{"floor":4,"key":"potionbrewer:NoxiousPotion"}],"is_trial":false,"path_per_floor":["M","M","M","M","M","E","R","E"],"character_chosen":"IRONCLAD","items_purchased":[],"campfire_rested":0,"item_purchase_floors":[],"current_hp_per_floor":[96,96,96,72,50,30,30,0,0],"gold":111,"neow_bonus":"TWENTY_PERCENT_HP_BONUS","is_daily":false,"chose_seed":false,"campfire_upgraded":2,"win_rate":0.0,"timestamp":1612379981,"path_taken":["M","M","M","M","M","E","R","E"],"items_purchased_type":[],"build_version":"2020-12-22","purchased_purges":0,"victory":false,"max_hp_per_floor":[96,96,96,96,96,96,96,96,96],"card_choices":[{"not_picked":["Cleave","Body Slam"],"picked":"Wild Strike","floor":1},{"not_picked":["Dark Embrace","True Grit"],"picked":"Fire Breathing","floor":2},{"not_picked":["Headbutt","Warcry"],"picked":"Flex","floor":3},{"not_picked":["Feel No Pain","Perfected Strike"],"picked":"Flame Barrier","floor":4},{"not_picked":["Perfected Strike","Warcry"],"picked":"ReplayTheSpireMod:Muscle Training","floor":5},{"not_picked":["ReplayTheSpireMod:Strike From Hell","Twin Strike"],"picked":"Reaper","floor":6}],"player_experience":897861,"relics_obtained":[{"floor":6,"key":"Replay:Arrowhead"}],"event_choices":[],"is_beta":false,"boss_relics":[],"items_purged_floors":[],"is_endless":false,"potions_floor_spawned":[2,4],"killed_by":"Gremlin Nob","ascension_level":3}}