{"host":"takgv9cv6xf64vhq","time":1612375245,"event":{"mods":["BaseMod","Colored Powertips","Conspire","Decade(王小明)","Downfall","Energized Spire","Hermit","Hubris","LagranYue(拉格朗・月)","Marisa（F雨　魔理沙）","Minty Spire (QoL Compilation)","Replay The Spire","StSLib","The Cursed","The Hierophant","The Jungle","The Servant 0.9.4","TheHeartMod"],"gold_per_floor":[116,116,34,44,71,71,84,96,121,121,121],"floor_reached":10,"language":"ZHS","playtime":345,"items_purged":[],"score":96,"play_id":"baf482c0-aad1-4034-8886-4f578024dfa4","local_time":"20210204020045","is_ascension_mode":true,"campfire_choices":[{"data":"Toxin Wave","floor":6.0,"key":"SMITH"}],"circlet_count":0,"master_deck":["AscendersBane","Strike_G","Strike_G","Strike_G","Strike_G","Strike_G","Defend_G","Defend_G","Defend_G","Defend_G","Defend_G","Survivor","Neutralize+1","Dagger Spray","ReplayTheSpireMod:Scrap Shanks","Toxin Wave+1","Concentrate","Draining Mist"],"relics":["hubris:Stopwatch","Boot","Snake Skull"],"acts_visited":["Exordium"],"potions_floor_usage":[10],"damage_taken":[{"damage":4.0,"enemies":"Small Slimes","floor":1.0,"turns":4.0},{"damage":7.0,"enemies":"Cultist","floor":4.0,"turns":4.0},{"damage":10.0,"enemies":"Jaw Worm","floor":7.0,"turns":4.0},{"damage":9.0,"enemies":"2 Fungi Beasts","floor":8.0,"turns":3.0},{"damage":35,"enemies":"Lagavulin","floor":10,"turns":8}],"seed_played":"-1233712674529340518","potions_obtained":[{"floor":4.0,"key":"Strength Potion"},{"floor":7.0,"key":"Swift Potion"}],"is_trial":false,"path_per_floor":["M","?","$","M","T","R","M","M","T","E"],"character_chosen":"THE_SILENT","items_purchased":["ReplayTheSpireMod:Scrap Shanks"],"campfire_rested":0,"item_purchase_floors":[3],"current_hp_per_floor":[59,59,59,52,52,52,42,33,33,0,0],"gold":121,"neow_bonus":"BOSS_RELIC","is_daily":false,"chose_seed":false,"campfire_upgraded":1,"win_rate":0.0,"timestamp":1612375245,"path_taken":["M","?","?","M","?","R","M","M","T","E"],"items_purchased_type":["Card"],"build_version":"2020-12-22","purchased_purges":0,"victory":false,"max_hp_per_floor":[70,70,70,70,70,70,70,70,70,70,70],"card_choices":[{"not_picked":["Deadly Poison","Poisoned Stab"],"picked":"Dagger Spray","floor":1.0},{"not_picked":["Poisoned Stab","Flying Knee"],"picked":"Toxin Wave","floor":4.0},{"not_picked":["Flying Knee","Heel Hook"],"picked":"Concentrate","floor":7.0},{"not_picked":["Skewer","Bane"],"picked":"Draining Mist","floor":8.0}],"player_experience":364196,"relics_obtained":[{"floor":5.0,"key":"Boot"},{"floor":9.0,"key":"Snake Skull"}],"event_choices":[{"damage_healed":0.0,"max_hp_gain":0.0,"max_hp_loss":0.0,"gold_gain":0.0,"event_name":"Upgrade Shrine","player_choice":"Upgraded","floor":2.0,"gold_loss":0.0,"damage_taken":0.0,"cards_upgraded":["Neutralize"]}],"is_beta":false,"boss_relics":[],"items_purged_floors":[],"is_endless":false,"potions_floor_spawned":[4,7],"killed_by":"Lagavulin","ascension_level":13}}