{"host":"sxnl403xm2xmiyj1","time":1612362925,"event":{"mods":["AchievementEnabler","BaseMod","Colored Map","Keyboard Shortcuts","Minty Spire (QoL Compilation)","Quick Restart","StSLib","SuperFastMode"],"gold_per_floor":[111,122,122,132,148,179,179,213,213,246,246,246,256,1,1,103,103,117,130,17,17,31,31,49,49,49,49,49],"floor_reached":27,"language":"KOR","playtime":457,"items_purged":["Strike_R"],"score":368,"play_id":"31c3e8f0-3ade-4908-958d-c28286dd4d23","local_time":"20210203233525","is_ascension_mode":true,"campfire_choices":[{"data":"Uppercut","floor":7.0,"key":"SMITH"},{"data":"1","floor":11.0,"key":"LIFT"},{"floor":15.0,"key":"REST"},{"floor":23.0,"key":"REST"},{"data":"2","floor":25.0,"key":"LIFT"}],"circlet_count":0,"master_deck":["Strike_R","Strike_R","Defend_R","Defend_R","Defend_R","Defend_R","Bash","Immolate","Wild Strike","Uppercut+1","Wild Strike","Wild Strike+1","Havoc","Sever Soul+1","Warcry","True Grit","Metallicize","Corruption","Headbutt+1","Burning Pact+1","Metallicize","Apotheosis","Iron Wave+1","Seeing Red","Warcry"],"relics":["Burning Blood","Molten Egg 2","Unceasing Top","Girya","Letter Opener","Kunai","Membership Card","Mark of Pain","StrikeDummy"],"acts_visited":["Exordium","TheCity"],"potions_floor_usage":[],"damage_taken":[{"damage":6.0,"enemies":"Cultist","floor":1.0,"turns":3.0},{"damage":12.0,"enemies":"Jaw Worm","floor":2.0,"turns":2.0},{"damage":12.0,"enemies":"Small Slimes","floor":4.0,"turns":2.0},{"damage":0.0,"enemies":"Gremlin Gang","floor":5.0,"turns":1.0},{"damage":35.0,"enemies":"Lagavulin","floor":6.0,"turns":5.0},{"damage":12.0,"enemies":"Gremlin Nob","floor":8.0,"turns":3.0},{"damage":10.0,"enemies":"3 Sentries","floor":10.0,"turns":4.0},{"damage":9.0,"enemies":"Blue Slaver","floor":13.0,"turns":3.0},{"damage":0.0,"enemies":"Slime Boss","floor":16.0,"turns":5.0},{"damage":65.0,"enemies":"3 Byrds","floor":18.0,"turns":5.0},{"damage":0.0,"enemies":"Spheric Guardian","floor":19.0,"turns":2.0},{"damage":15.0,"enemies":"Snake Plant","floor":22.0,"turns":5.0},{"damage":18.0,"enemies":"Centurion and Healer","floor":24.0,"turns":7.0},{"damage":19,"enemies":"Slavers","floor":27,"turns":3}],"seed_played":"8644104228639839178","potions_obtained":[{"floor":2.0,"key":"SpeedPotion"},{"floor":10.0,"key":"PowerPotion"},{"floor":13.0,"key":"DistilledChaos"},{"floor":16.0,"key":"DuplicationPotion"},{"floor":22.0,"key":"SteroidPotion"},{"floor":24.0,"key":"BlessingOfTheForge"}],"is_trial":false,"path_per_floor":["M","M","?","M","M","E","R","E","T","E","R","T","M","$","R","B",null,"M","M","$","?","M","R","M","R","T","E"],"character_chosen":"IRONCLAD","items_purchased":["Membership Card","True Grit","Metallicize","Metallicize","Apotheosis"],"campfire_rested":2,"item_purchase_floors":[14,14,14,20,20],"current_hp_per_floor":[72,66,59,53,59,30,30,24,24,20,20,20,17,17,41,47,72,13,19,19,19,10,34,22,22,22,3,3],"gold":49,"neow_bonus":"ONE_RANDOM_RARE_CARD","is_daily":false,"chose_seed":false,"campfire_upgraded":1,"win_rate":0.0,"timestamp":1612362925,"path_taken":["M","M","?","M","M","E","R","E","T","E","R","?","M","$","R","BOSS","M","M","$","?","M","R","M","R","T","E"],"items_purchased_type":["Relic","Card","Card","Card","Card"],"build_version":"2020-12-22","purchased_purges":1,"victory":false,"max_hp_per_floor":[80,80,80,80,80,80,80,80,80,80,80,80,80,80,80,80,80,80,80,80,80,80,80,80,80,80,80,80],"card_choices":[{"not_picked":["Iron Wave","Heavy Blade","Clothesline"],"picked":"SKIP","floor":1.0},{"not_picked":["Combust","Reckless Charge"],"picked":"Wild Strike","floor":2.0},{"not_picked":["Cleave","Sword Boomerang"],"picked":"Uppercut","floor":4.0},{"not_picked":["Havoc","Shrug It Off"],"picked":"Wild Strike","floor":5.0},{"not_picked":["Exhume","Whirlwind+1"],"picked":"Wild Strike+1","floor":6.0},{"not_picked":["Flex","Dropkick+1"],"picked":"Havoc","floor":8.0},{"not_picked":["Combust","Dropkick+1"],"picked":"Sever Soul+1","floor":10.0},{"not_picked":["Armaments","Headbutt+1"],"picked":"Warcry","floor":13.0},{"not_picked":["Impervious","Berserk"],"picked":"Corruption","floor":16.0},{"not_picked":["Iron Wave+1","Headbutt+1","Perfected Strike+1"],"picked":"SKIP","floor":18.0},{"not_picked":["Iron Wave+1","Perfected Strike+1"],"picked":"Headbutt+1","floor":18.0},{"not_picked":["Shrug It Off","Entrench"],"picked":"Burning Pact+1","floor":19.0},{"not_picked":["True Grit","Evolve"],"picked":"Seeing Red","floor":22.0},{"not_picked":["Combust","Iron Wave+1"],"picked":"Warcry","floor":24.0}],"player_experience":185791,"relics_obtained":[{"floor":6.0,"key":"Molten Egg 2"},{"floor":8.0,"key":"Unceasing Top"},{"floor":9.0,"key":"Girya"},{"floor":10.0,"key":"Letter Opener"},{"floor":12.0,"key":"Kunai"},{"floor":26.0,"key":"StrikeDummy"}],"event_choices":[{"cards_removed":["Strike_R"],"damage_healed":0.0,"max_hp_gain":0.0,"max_hp_loss":0.0,"gold_gain":0.0,"event_name":"Golden Wing","player_choice":"Card Removal","floor":3.0,"gold_loss":0.0,"damage_taken":7.0},{"damage_healed":0.0,"max_hp_gain":0.0,"max_hp_loss":0.0,"gold_gain":0.0,"cards_transformed":["Strike_R"],"event_name":"Transmorgrifier","player_choice":"Transformed","floor":21.0,"gold_loss":0.0,"damage_taken":0.0,"cards_obtained":["Iron Wave"]}],"is_beta":false,"boss_relics":[{"not_picked":["Runic Dome","Runic Cube"],"picked":"Mark of Pain"}],"items_purged_floors":[14],"is_endless":false,"potions_floor_spawned":[2,10,13,16,22,24],"killed_by":"Slavers","ascension_level":6}}