{"host":"6azrrw3tf7wb0f4b","time":1612346222,"event":{"mods":["BaseMod","DeckTracker","Minty Spire (QoL Compilation)","SuperFastMode"],"gold_per_floor":[115,17,92,106,106,106,126,126,126,146,179,179,50,61,61,61,61],"floor_reached":16,"language":"KOR","playtime":270,"items_purged":["Strike_P"],"score":165,"play_id":"75a2a25a-d36a-4fcd-ba14-78ad138bf8da","local_time":"20210203185702","is_ascension_mode":true,"campfire_choices":[{"data":"Eruption","floor":6,"key":"SMITH"},{"data":"Devotion","floor":8,"key":"SMITH"},{"floor":15,"key":"REST"}],"circlet_count":0,"master_deck":["AscendersBane","Strike_P","Strike_P","Defend_P","Defend_P","Defend_P","Defend_P","Eruption+1","Vigilance","PathToVictory","MentalFortress","Prostrate","FlurryOfBlows","Devotion+1","EmptyFist","EmptyBody","FlurryOfBlows"],"relics":["PureWater","NeowsBlessing","Mummified Hand","Shuriken"],"acts_visited":["Exordium"],"potions_floor_usage":[16,16],"damage_taken":[{"damage":0,"enemies":"2 Louse","floor":1,"turns":1},{"damage":0,"enemies":"Cultist","floor":4,"turns":1},{"damage":0,"enemies":"Jaw Worm","floor":7,"turns":1},{"damage":7,"enemies":"2 Fungi Beasts","floor":10,"turns":5},{"damage":41,"enemies":"3 Sentries","floor":11,"turns":10},{"damage":3,"enemies":"Blue Slaver","floor":14,"turns":5},{"damage":26,"enemies":"Hexaghost","floor":16,"turns":7}],"seed_played":"8151809441659142068","potions_obtained":[{"floor":4,"key":"Weak Potion"},{"floor":14,"key":"Fire Potion"}],"is_trial":false,"path_per_floor":["M","$","?","M","?","R","M","R","T","M","E","?","$","M","R","B"],"character_chosen":"WATCHER","items_purchased":["MentalFortress","Prostrate","FlurryOfBlows"],"campfire_rested":1,"item_purchase_floors":[2,2,13],"current_hp_per_floor":[65,65,54,54,54,54,54,54,54,47,6,6,6,3,24,0,0],"gold":61,"neow_bonus":"THREE_ENEMY_KILL","is_daily":false,"chose_seed":false,"campfire_upgraded":2,"win_rate":0.0,"timestamp":1612346222,"path_taken":["M","$","?","M","?","R","?","R","T","M","E","?","?","M","R","BOSS"],"items_purchased_type":["Card","Card","Card"],"build_version":"2020-12-22","purchased_purges":1,"victory":false,"max_hp_per_floor":[72,72,72,72,72,72,72,72,72,72,72,72,72,72,72,72,72],"card_choices":[{"not_picked":["BowlingBash","Evaluate"],"picked":"PathToVictory","floor":1},{"not_picked":["MentalFortress","EmptyFist"],"picked":"FlurryOfBlows","floor":4},{"not_picked":["SandsOfTime","DeusExMachina","CutThroughFate"],"picked":"SKIP","floor":7},{"not_picked":["FlurryOfBlows","EmptyBody"],"picked":"EmptyFist","floor":10},{"not_picked":["FlyingSleeves","Omniscience"],"picked":"EmptyBody","floor":11},{"not_picked":["ClearTheMind","BowlingBash","EmptyBody"],"picked":"SKIP","floor":14}],"player_experience":752474,"relics_obtained":[{"floor":9,"key":"Mummified Hand"},{"floor":11,"key":"Shuriken"}],"event_choices":[{"damage_healed":0,"gold_gain":75,"player_choice":"Gather Gold","damage_taken":11,"max_hp_gain":0,"max_hp_loss":0,"event_name":"World of Goop","floor":3,"gold_loss":0},{"damage_healed":0,"gold_gain":0,"cards_transformed":["Strike_P"],"player_choice":"Transformed","damage_taken":0,"max_hp_gain":0,"max_hp_loss":0,"event_name":"Transmorgrifier","floor":5,"gold_loss":0,"cards_obtained":["Devotion"]},{"damage_healed":0,"gold_gain":0,"player_choice":"Ignored","damage_taken":0,"max_hp_gain":0,"max_hp_loss":0,"event_name":"Liars Game","floor":12,"gold_loss":0}],"is_beta":false,"boss_relics":[],"items_purged_floors":[13],"is_endless":false,"potions_floor_spawned":[4,14],"killed_by":"Hexaghost","ascension_level":13}}