{"host":"9d9dhukr2jywmy0f","time":1612364133,"event":{"mods":["2.2 Compatiblity","Alarm Clock","BaseMod","Bestiary","Block Reminder","Colored Map","Colored Powertips","Curses Come First","DeckTracker","Energized Spire","Highlight Path","Key Reminder","Minty Spire (QoL Compilation)","Quick Restart","Rare Cards Sparkle","Relic Sorter","Relic Stats","Reliquary","Spire Birthday Party","StSLib","SuperFastMode","Synergy Search","Unceasing Turn Reminder","Unknown Chances"],"gold_per_floor":[116,116,129,143,143,143,175,194,194,194,229,154,154,188,188,262,262,279,291,291,291,291],"floor_reached":21,"language":"ZHS","playtime":959,"items_purged":[],"score":432,"play_id":"4192b352-9cf0-4790-8dff-286a3882d821","local_time":"20210203225533","is_ascension_mode":true,"campfire_choices":[{"data":"ForeignInfluence","floor":6.0,"key":"SMITH"},{"data":"CrushJoints","floor":10.0,"key":"SMITH"},{"data":"Conclude","floor":13.0,"key":"SMITH"},{"data":"Defend_P","floor":15.0,"key":"PURGE"}],"circlet_count":0,"master_deck":["AscendersBane","Strike_P+1","Strike_P","Strike_P","Strike_P","Defend_P","Defend_P+1","Eruption+1","Vigilance","ForeignInfluence+1","BowlingBash","CrushJoints+1","Conclude+1","LessonLearned","DeusExMachina","Adaptation+1","Indignation"],"relics":["PureWater","NeowsBlessing","reliquary:FeatherDuster","Peace Pipe","Lizard Tail","VioletLotus"],"acts_visited":["Exordium","TheCity"],"potions_floor_usage":[],"damage_taken":[{"damage":0.0,"enemies":"Small Slimes","floor":1.0,"turns":2.0},{"damage":0.0,"enemies":"Cultist","floor":3.0,"turns":1.0},{"damage":0.0,"enemies":"2 Louse","floor":4.0,"turns":1.0},{"damage":0.0,"enemies":"3 Sentries","floor":7.0,"turns":3.0},{"damage":2.0,"enemies":"2 Fungi Beasts","floor":8.0,"turns":2.0},{"damage":3.0,"enemies":"Gremlin Nob","floor":11.0,"turns":3.0},{"damage":0.0,"enemies":"Large Slime","floor":14.0,"turns":1.0},{"damage":52.0,"enemies":"Slime Boss","floor":16.0,"turns":7.0},{"damage":7.0,"enemies":"Shell Parasite","floor":18.0,"turns":2.0},{"damage":26.0,"enemies":"2 Thieves","floor":19.0,"turns":4.0},{"damage":0.0,"enemies":"Cultist and Chosen","floor":20.0,"turns":2.0},{"damage":16,"enemies":"Snake Plant","floor":21,"turns":3}],"seed_played":"-9059817257237310215","potions_obtained":[{"floor":3.0,"key":"SteroidPotion"},{"floor":8.0,"key":"Fire Potion"},{"floor":19.0,"key":"SmokeBomb"}],"is_trial":false,"path_per_floor":["M","?","M","M","?","R","E","M","T","R","E","?","R","M","R","B",null,"M","M","M","M"],"character_chosen":"WATCHER","items_purchased":[],"campfire_rested":0,"item_purchase_floors":[],"current_hp_per_floor":[61,61,61,61,61,61,61,59,59,59,56,56,56,56,56,4,52,45,19,19,3,3],"gold":291,"neow_bonus":"THREE_ENEMY_KILL","is_daily":false,"chose_seed":false,"campfire_upgraded":3,"win_rate":0.0,"timestamp":1612364133,"path_taken":["M","?","?","M","?","R","E","M","T","R","E","?","R","M","R","BOSS","M","M","M","M"],"items_purchased_type":[],"build_version":"2020-12-22","purchased_purges":0,"victory":false,"max_hp_per_floor":[68,68,68,68,68,68,68,68,68,68,68,68,68,68,68,68,68,68,68,68,68,68],"relic_stats":{"Peace Pipe":1,"Lizard Tail":0,"counters":[12,31],"VioletLotus":[1],"obtain_stats":[{"Peace Pipe":9,"reliquary:FeatherDuster":7,"Lizard Tail":11,"NeowsBlessing":0,"VioletLotus":17,"PureWater":0},{"Peace Pipe":5,"reliquary:FeatherDuster":4,"Lizard Tail":6,"NeowsBlessing":0,"VioletLotus":8,"PureWater":0},{"Peace Pipe":9,"reliquary:FeatherDuster":7,"Lizard Tail":12,"NeowsBlessing":0,"VioletLotus":20,"PureWater":0}]},"card_choices":[{"not_picked":["Halt","Protect"],"picked":"ForeignInfluence","floor":1.0},{"not_picked":["Nirvana","Halt","WaveOfTheHand"],"picked":"SKIP","floor":3.0},{"not_picked":["Worship","FlurryOfBlows"],"picked":"BowlingBash","floor":4.0},{"not_picked":["ThirdEye","Crescendo","LikeWater"],"picked":"SKIP","floor":7.0},{"not_picked":["Worship","CutThroughFate"],"picked":"CrushJoints","floor":8.0},{"not_picked":["Sanctity","SashWhip"],"picked":"Conclude","floor":11.0},{"not_picked":["Crescendo","ClearTheMind"],"picked":"LessonLearned","floor":14.0},{"not_picked":["Omniscience","Alpha"],"picked":"DeusExMachina","floor":16.0},{"not_picked":["Consecrate","Conclude"],"picked":"Adaptation+1","floor":18.0},{"not_picked":["PathToVictory","Worship"],"picked":"Indignation","floor":19.0}],"player_experience":876525,"relics_obtained":[{"floor":7.0,"key":"reliquary:FeatherDuster"},{"floor":9.0,"key":"Peace Pipe"},{"floor":11.0,"key":"Lizard Tail"}],"event_choices":[{"damage_healed":0.0,"max_hp_gain":0.0,"max_hp_loss":0.0,"gold_gain":0.0,"event_name":"Upgrade Shrine","player_choice":"Upgraded","floor":2.0,"gold_loss":0.0,"damage_taken":0.0,"cards_upgraded":["Eruption"]},{"damage_healed":0.0,"max_hp_gain":0.0,"max_hp_loss":0.0,"gold_gain":0.0,"event_name":"Scrap Ooze","player_choice":"Fled","floor":5.0,"gold_loss":0.0,"damage_taken":0.0},{"cards_removed":["Defend_P"],"damage_healed":0.0,"max_hp_gain":0.0,"max_hp_loss":0.0,"gold_gain":0.0,"event_name":"The Cleric","player_choice":"Card Removal","floor":12.0,"gold_loss":75.0,"damage_taken":0.0}],"is_beta":false,"boss_relics":[{"not_picked":["energizedSpire:MagnifyingGlass","energizedSpire:EnergizedDie"],"picked":"VioletLotus"}],"items_purged_floors":[],"is_endless":false,"potions_floor_spawned":[3,8,11,19],"killed_by":"Snake Plant","ascension_level":20}}