{"host":"u7y9frlpoazak2mn","time":1612333520,"event":{"mods":["Act Like it!","Aspiration","BaseMod","Beaked The Cultist","Better Altar","Better Match","Better Note","Better Sensory Stone","Better Skull","Better Third Choice","Colored Map","Colored Powertips","Conspire","Downfall","Energized Spire","GifTheSpireLib","Googly Eyes","Halation","Hermit","Hubris","Infinite Spire","Marked Mod","Mimic Mod","Minty Spire (QoL Compilation)","Permanent Neow","Prisma Mod","Rare Cards Sparkle","Replay The Spire","StSLib","Stuff the Spire","The Construct","Waifu the Spire"],"gold_per_floor":[112,112,129,204,6,6,6,6,6,35,46,46,46,46,46,46,46],"floor_reached":16,"language":"ENG","playtime":609,"items_purged":[],"score":101,"play_id":"b674d79b-7c06-4c4a-b623-c69e209aba88","local_time":"20210203012520","is_ascension_mode":true,"campfire_choices":[{"floor":6,"key":"REST"},{"floor":8,"key":"REST"},{"floor":15,"key":"REST"}],"circlet_count":0,"master_deck":["construct:Strike_Gold","construct:Strike_Gold","construct:Strike_Gold","construct:Strike_Gold","construct:Strike_Gold","construct:Defend_Gold","construct:Defend_Gold","construct:Defend_Gold","construct:Defend_Gold","construct:Defend_Gold","construct:AttackMode","construct:Versatility","construct:FlashFreeze+1","construct:Autoturret","construct:GuardCore"],"relics":["construct:ClockworkPhoenix","StuffTheSpire:RunicHypercube","Snecko Eye","Toolbox","hubris:CrystalStatue","Ornamental Fan"],"acts_visited":["Exordium"],"potions_floor_usage":[],"damage_taken":[{"damage":31,"enemies":"Jaw Worm","floor":1,"turns":6},{"damage":49,"enemies":"Cultist","floor":3,"turns":7},{"damage":32,"enemies":"3 Sentries","floor":10,"turns":5},{"damage":27,"enemies":"Small Slimes","floor":11,"turns":13},{"damage":40,"enemies":"Hexaghost","floor":16,"turns":5}],"seed_played":"-97653573473482478","potions_obtained":[{"floor":1,"key":"Swift Potion"},{"floor":3,"key":"LiquidBronze"},{"floor":10,"key":"BlessingOfTheForge"}],"is_trial":false,"path_per_floor":["M","?","M","?","$","R","?","R","T","E","M","$","?","?","R","B"],"character_chosen":"THE_CONSTRUCT_MOD","items_purchased":["Toolbox","construct:Versatility"],"campfire_rested":3,"item_purchase_floors":[5,5],"current_hp_per_floor":[54,85,36,25,25,50,50,75,75,43,16,16,14,14,39,0,0],"gold":46,"neow_bonus":"DOUBLE_BOSS_RELIC","is_daily":false,"chose_seed":false,"campfire_upgraded":0,"win_rate":0.0,"timestamp":1612333520,"path_taken":["M","?","?","?","$","R","?","R","T","E","M","?","?","?","R","BOSS"],"items_purchased_type":["Relic","Card"],"build_version":"2020-12-22","purchased_purges":0,"victory":false,"max_hp_per_floor":[85,85,85,85,85,85,85,85,85,85,85,85,85,85,85,85,85],"card_choices":[{"not_picked":["construct:SaveState","construct:ScrapCannon","construct:PhosphorStorm"],"picked":"SKIP","floor":1},{"not_picked":["construct:VentSteam","construct:ClusterMines","ReplayTheSpireMod:Mirror System"],"picked":"SKIP","floor":3},{"not_picked":["construct:QuickAttack","construct:NuclearCore"],"picked":"construct:Autoturret","floor":10},{"not_picked":["construct:Construct_Overclock","construct:ShiftStrike"],"picked":"construct:GuardCore","floor":11}],"player_experience":391288,"relics_obtained":[{"floor":9,"key":"hubris:CrystalStatue"},{"floor":10,"key":"Ornamental Fan"}],"event_choices":[{"damage_healed":31,"gold_gain":0,"player_choice":"Full Heal","damage_taken":0,"max_hp_gain":0,"max_hp_loss":0,"event_name":"Wheel of Change","floor":2,"gold_loss":0},{"damage_healed":0,"gold_gain":75,"player_choice":"Gold","damage_taken":11,"max_hp_gain":0,"max_hp_loss":0,"event_name":"betterThird:BetterGoop","floor":4,"gold_loss":0},{"damage_healed":0,"gold_gain":1,"player_choice":"LEAVE","damage_taken":2,"max_hp_gain":0,"max_hp_loss":0,"event_name":"betterThird:BetterScrap","floor":13,"gold_loss":0,"cards_obtained":["Envenom"]},{"damage_healed":0,"gold_gain":0,"player_choice":"Got Potions","damage_taken":0,"max_hp_gain":0,"max_hp_loss":0,"event_name":"Lab","floor":14,"gold_loss":0}],"is_beta":false,"boss_relics":[],"items_purged_floors":[],"is_endless":false,"potions_floor_spawned":[1,3,10],"killed_by":"Hexaghost","ascension_level":1}}