{"host":"vyiqbz5w606ur92t","time":1612384072,"event":{"mods":["BaseMod","Downfall","Minty Spire (QoL Compilation)","StSLib"],"gold_per_floor":[0,12,31,31,31,48,71,71,87,87,117,117,144,54,74,169,169,169,169,169,182,192,202,227,252,269,269,269,269],"floor_reached":27,"language":"ENG","playtime":2449,"items_purged":["downfall:Icky"],"score":337,"play_id":"4e9b7e7c-f02f-4755-9e23-25895b3d2243","local_time":"20210203202752","is_ascension_mode":true,"campfire_choices":[{"floor":1,"key":"RECALL"},{"data":"Guardian:ChargeUp","floor":8,"key":"SMITH"},{"data":"Guardian:ChargeCore","floor":10,"key":"SMITH"},{"data":"Guardian:StasisEngine","floor":18,"key":"SMITH"}],"circlet_count":0,"master_deck":["Guardian:Defend_Guardian","Guardian:Defend_Guardian","Guardian:Defend_Guardian","Guardian:Defend_Guardian","Guardian:CurlUp","Guardian:TwinSlam","Guardian:ChargeUp+1","Guardian:VentSteam","Guardian:PrimingBeam","Guardian:ChargeCore+1","Guardian:TemporalShield","Guardian:Reroute","Guardian:Recover","Guardian:RollAttack","Guardian:StasisEngine+1","Guardian:TemporalShield","Guardian:DecasProtection","Guardian:Recover","Guardian:PolyBeam+1","Guardian:Gem_Red","Guardian:BodySlam"],"relics":["Guardian:ModeShifter","Torii","Darkstone Periapt","Pen Nib","Guardian:SackOfGems","Art of War","Coffee Dripper","Guardian:DefensiveModeMoreBlock","bronze:BronzeIdol"],"acts_visited":["Exordium","TheCity"],"potions_floor_usage":[11,16,16,25,26],"damage_taken":[{"damage":8,"enemies":"Jaw Worm","floor":2,"turns":4},{"damage":7,"enemies":"2 Louse","floor":3,"turns":3},{"damage":2,"enemies":"Cultist","floor":6,"turns":5},{"damage":1,"enemies":"2 Fungi Beasts","floor":9,"turns":4},{"damage":18,"enemies":"Gremlin Nob","floor":11,"turns":3},{"damage":13,"enemies":"3 Sentries","floor":13,"turns":14},{"damage":0,"enemies":"downfall:FleeingMerchant","floor":14,"turns":4},{"damage":21,"enemies":"Gremlin Gang","floor":15,"turns":3},{"damage":0,"enemies":"SI_SHIV_ARCHETYPE","floor":16,"turns":6},{"damage":0,"enemies":"Chosen","floor":19,"turns":1},{"damage":14,"enemies":"Shelled Parasite and Fungi","floor":21,"turns":4},{"damage":15,"enemies":"Sentry and Sphere","floor":22,"turns":8},{"damage":18,"enemies":"Snake Plant","floor":23,"turns":5},{"damage":15,"enemies":"Book of Stabbing","floor":25,"turns":6},{"damage":2,"enemies":"Snecko","floor":26,"turns":6},{"damage":22,"enemies":"Gremlin Leader","floor":27,"turns":2}],"seed_played":"-5501925399488902889","potions_obtained":[{"floor":2,"key":"Swift Potion"},{"floor":3,"key":"ColorlessPotion"},{"floor":13,"key":"Strength Potion"},{"floor":21,"key":"Energy Potion"},{"floor":25,"key":"sneckomod:MuddlingPotion"}],"is_trial":false,"path_per_floor":["R","M","M","?","?","M","T","R","M","R","E","?","E","$","M","B",null,"R","M","?","M","M","M","T","E","M","E"],"character_chosen":"GUARDIAN","items_purchased":[],"campfire_rested":0,"item_purchase_floors":[],"current_hp_per_floor":[80,72,65,62,68,66,66,66,65,65,47,47,34,34,13,13,86,86,86,86,72,57,39,39,24,22,0,0,0],"gold":269,"neow_bonus":"ONE_RARE_RELIC","is_daily":false,"chose_seed":false,"campfire_upgraded":3,"win_rate":0.0,"timestamp":1612384072,"path_taken":["R","M","M","?","?","?","T","R","M","R","E","?","E","$","M","BOSS","R","M","?","?","M","M","T","E","M","E"],"items_purchased_type":[],"build_version":"2020-12-22","purchased_purges":1,"victory":false,"max_hp_per_floor":[80,80,80,80,86,86,86,86,86,86,86,86,86,86,86,86,86,86,86,86,86,86,86,86,86,86,86,86,86],"card_choices":[{"not_picked":["Guardian:BodySlam","Guardian:CrystalBeam"],"picked":"Guardian:ChargeUp","floor":2},{"not_picked":["Guardian:TemporalStrike","Guardian:CrystalBeam"],"picked":"Guardian:VentSteam","floor":3},{"not_picked":["Guardian:BronzeArmor","Guardian:TemporalShield"],"picked":"Guardian:PrimingBeam","floor":6},{"not_picked":["Guardian:PrimingBeam","Guardian:ShieldCharger"],"picked":"Guardian:ChargeCore","floor":9},{"not_picked":["Guardian:PrimingBeam","Guardian:Gem_Blue"],"picked":"Guardian:TemporalShield","floor":11},{"not_picked":["Guardian:StasisField","Guardian:RollAttack"],"picked":"Guardian:Reroute","floor":13},{"not_picked":["Guardian:CrystalBeam","Guardian:ShieldCharger"],"picked":"Guardian:Recover","floor":14},{"not_picked":["Guardian:Suspension","Guardian:VentSteam"],"picked":"Guardian:RollAttack","floor":15},{"not_picked":["Guardian:ConstructionForm","Guardian:RevengeProtocol"],"picked":"Guardian:StasisEngine","floor":16},{"not_picked":["Guardian:RollAttack","Guardian:Repulse"],"picked":"Guardian:TemporalShield","floor":19},{"not_picked":["Guardian:RollAttack","Guardian:ChargeUp"],"picked":"Guardian:DecasProtection","floor":21},{"not_picked":["Guardian:TemporalShield","Guardian:Reroute"],"picked":"Guardian:Recover","floor":22},{"not_picked":["Guardian:Gem_Lightblue","Guardian:DecasProtection"],"picked":"Guardian:PolyBeam+1","floor":23},{"not_picked":["Guardian:TemporalStrike","Guardian:Gem_Crimson"],"picked":"Guardian:Gem_Red","floor":25},{"not_picked":["Guardian:TemporalShield","Guardian:Suspension"],"picked":"Guardian:BodySlam","floor":26}],"player_experience":1449373,"relics_obtained":[{"floor":7,"key":"Pen Nib"},{"floor":11,"key":"Guardian:SackOfGems"},{"floor":13,"key":"Art of War"},{"floor":24,"key":"Guardian:DefensiveModeMoreBlock"},{"floor":25,"key":"bronze:BronzeIdol"}],"event_choices":[{"damage_healed":0,"gold_gain":0,"player_choice":"Success","damage_taken":3,"relics_obtained":["Darkstone Periapt"],"max_hp_gain":0,"max_hp_loss":0,"event_name":"Scrap Ooze","floor":4,"gold_loss":0},{"cards_removed":["Guardian:Strike_Guardian"],"damage_healed":0,"gold_gain":0,"player_choice":"Offered Basic","damage_taken":0,"max_hp_gain":0,"max_hp_loss":0,"event_name":"Bonfire Elementals","floor":20,"gold_loss":0}],"is_beta":false,"boss_relics":[{"not_picked":["Pandora\u0027s Box","SlaversCollar"],"picked":"Coffee Dripper"}],"items_purged_floors":[14],"is_endless":false,"potions_floor_spawned":[2,3,13,21,25],"killed_by":"Gremlin Leader","ascension_level":3}}