{"host":"8srk5r1dwtmjotwd","time":1612330830,"event":{"mods":["AchievementEnabler","Act Like it!","BaseMod","Beaked The Cultist","Bestiary","Better Note","Better Third Choice","Colored Map","Colored Powertips","Friendly Minions","GifTheSpireLib","Halation","Hallownest","Hermit","Hubris","Infinite Spire","Mimic Mod","Minty Spire (QoL Compilation)","Morshu Shopkeeper - ENHANCED","Quick Restart","Rare Cards Sparkle","Reliquary","Replay The Spire","Shop Mod","StSLib","SuperFastMode","Synergy Search","The Bug Knight","The Construct","The Cursed","Thieving Mod","Yohane!","everything is the same but u backflip on backflip","slay the spire mod where everything is the same but ironclad has a cowboy hat"],"gold_per_floor":[109,10,10,27,40,40,56,89,143,173,187,187,199,199,199,199,199],"floor_reached":16,"language":"ENG","playtime":691,"items_purged":[],"score":112,"play_id":"1c6eb1a9-7630-48b1-a6e5-cf54139e2fed","local_time":"20210203004030","is_ascension_mode":false,"campfire_choices":[{"data":"Heavy Blade","floor":6,"key":"SMITH"},{"floor":15,"key":"REST"}],"circlet_count":0,"master_deck":["Strike_R","Strike_R","Strike_R","Strike_R","Strike_R","Defend_R","Defend_R","Defend_R","Bash","Replay:Undeath\u0027s Touch","Heavy Blade+1","hubris:ReadiedAction","Anger","Hemogenesis+1","Flex"],"relics":["Burning Blood","NeowsBlessing","reliquary:TridentHead","hubris:SlimyHat","reliquary:Boomerang"],"acts_visited":["Exordium"],"potions_floor_usage":[7,7,8],"damage_taken":[{"damage":0,"enemies":"2 Louse","floor":1,"turns":1},{"damage":0,"enemies":"Cultist","floor":4,"turns":1},{"damage":0,"enemies":"Small Slimes","floor":5,"turns":1},{"damage":0,"enemies":"Red Slaver","floor":7,"turns":1},{"damage":30,"enemies":"3 Sentries","floor":8,"turns":11},{"damage":20,"enemies":"Gremlin Nob","floor":10,"turns":4},{"damage":10,"enemies":"Looter","floor":11,"turns":4},{"damage":0,"enemies":"Lots of Slimes","floor":13,"turns":1},{"damage":83,"enemies":"The Guardian","floor":16,"turns":10}],"seed_played":"-1275096403195999220","potions_obtained":[{"floor":3,"key":"LiquidMemories"},{"floor":4,"key":"SkillPotion"}],"is_trial":false,"path_per_floor":["M","$","?","M","M","R","M","E","T","E","M","?","M","?","R","B"],"character_chosen":"IRONCLAD","items_purchased":["FearPotion","Energy Potion"],"campfire_rested":1,"item_purchase_floors":[2,2],"current_hp_per_floor":[80,80,80,80,80,80,80,56,56,42,38,38,44,44,68,0,0],"gold":199,"neow_bonus":"THREE_ENEMY_KILL","is_daily":false,"chose_seed":false,"campfire_upgraded":1,"win_rate":0.0,"timestamp":1612330830,"path_taken":["M","$","?","?","M","R","M","E","T","E","M","?","?","?","R","BOSS"],"items_purchased_type":["Potion","Potion"],"build_version":"2020-12-22","purchased_purges":0,"victory":false,"max_hp_per_floor":[80,80,80,80,80,80,80,80,80,80,80,80,80,80,80,80,80],"card_choices":[{"not_picked":["True Grit","Warcry","Combust"],"picked":"SKIP","floor":1},{"not_picked":["Anger","Warcry"],"picked":"Replay:Undeath\u0027s Touch","floor":4},{"not_picked":["Shrug It Off","ReplayReversal"],"picked":"Heavy Blade","floor":5},{"not_picked":["Headbutt","Wild Strike"],"picked":"hubris:ReadiedAction","floor":7},{"not_picked":["Disarm","Dual Wield"],"picked":"Anger","floor":8},{"not_picked":["Run Through","Iron Wave"],"picked":"Hemogenesis","floor":10},{"not_picked":["Body Slam","Anger","hubris:ReadiedAction"],"picked":"SKIP","floor":11},{"not_picked":["Feed","Run Through"],"picked":"Flex","floor":13}],"player_experience":96646,"relics_obtained":[{"floor":8,"key":"reliquary:TridentHead"},{"floor":9,"key":"hubris:SlimyHat"},{"floor":10,"key":"reliquary:Boomerang"}],"event_choices":[{"damage_healed":0,"gold_gain":0,"player_choice":"Got Potions","damage_taken":0,"max_hp_gain":0,"max_hp_loss":0,"event_name":"Lab","floor":3,"gold_loss":0},{"cards_removed":["Defend_R"],"damage_healed":0,"gold_gain":0,"player_choice":"Card Removal","damage_taken":0,"max_hp_gain":0,"max_hp_loss":0,"event_name":"Wheel of Change","floor":12,"gold_loss":0},{"damage_healed":0,"gold_gain":0,"player_choice":"Upgraded","damage_taken":0,"max_hp_gain":0,"max_hp_loss":0,"event_name":"Upgrade Shrine","floor":14,"gold_loss":0,"cards_upgraded":["Hemogenesis"]}],"is_beta":false,"boss_relics":[],"items_purged_floors":[],"is_endless":false,"potions_floor_spawned":[4],"killed_by":"The Guardian","ascension_level":0}}