{"host":"92wx9z21c4p52du4","time":1612313513,"event":{"mods":["BaseMod","Downfall","Hermit","Minty Spire (QoL Compilation)","Reliquary","StSLib","The Hierophant"],"gold_per_floor":[99,99,274,274,330,330,330,355,367,377,377,14,14,25,38,135,135,135,148,167,167,52,52,52,52,52,52,52,65,165,6,19,19,19,19],"floor_reached":33,"language":"ENG","playtime":1925,"items_purged":["Doubt","Decay"],"score":268,"play_id":"abbf815e-c12e-43e3-9e02-1f3cd3625996","local_time":"20210202185153","is_ascension_mode":false,"campfire_choices":[{"data":"sneckomod:SnekBite","floor":1,"key":"SMITH"},{"data":"sneckomod:WideSting","floor":6,"key":"SMITH"},{"data":"sneckomod:PureSnecko","floor":11,"key":"SMITH"},{"data":"expansioncontent:QuickStudy","floor":18,"key":"SMITH"},{"data":"sneckomod:DefensiveFlair","floor":25,"key":"SMITH"},{"data":"sneckomod:UnknownRareAttack","floor":28,"key":"SMITH"}],"circlet_count":0,"master_deck":["sneckomod:TailWhip","sneckomod:SnekBite+1","sneckomod:Unknown","sneckomod:Unknown","sneckomod:DefensiveFlair+1","sneckomod:WideSting+1","sneckomod:UnknownVulnerable","sneckomod:ImprovisedAttack","sneckomod:PureSnecko+1","sneckomod:UnknownRareSkill","expansioncontent:QuickStudy+1","sneckomod:SerpentIdol","sneckomod:UnknownUncommonPower","sneckomod:UnknownRareSkill","CurseOfTheBell","sneckomod:UnknownBlock","sneckomod:SerpentIdol","sneckomod:UnknownRareAttack+1","sneckomod:UnknownVulnerable","sneckomod:UnknownBoss","sneckomod:UnknownCommonAttack","sneckomod:UnknownClassGREEN","sneckomod:UnknownBoss","sneckomod:UnknownCommonAttack","sneckomod:SoulCleanse+1","sneckomod:DiceBoulder+1","sneckomod:Unknown2Cost"],"relics":["sneckomod:SneckoSoul","downfall:HeartsMalice","downfall:ShatteredFragment","reliquary:WeakTea","Regal Pillow","Bottled Lightning","Calling Bell","reliquary:SilkGlove","White Beast Statue","Thread and Needle","Nilry\u0027s Codex","Matryoshka","ClockworkSouvenir"],"acts_visited":["Exordium","TheCity"],"potions_floor_usage":[16,16,16,22,27,27,29,31,33],"damage_taken":[{"damage":0,"enemies":"Small Slimes","floor":2,"turns":1},{"damage":0,"enemies":"Gremlin Nob","floor":5,"turns":1},{"damage":0,"enemies":"Gremlin Nob","floor":8,"turns":1},{"damage":0,"enemies":"2 Louse","floor":9,"turns":1},{"damage":0,"enemies":"Jaw Worm","floor":10,"turns":3},{"damage":5,"enemies":"downfall:FleeingMerchant","floor":12,"turns":4},{"damage":0,"enemies":"2 Fungi Beasts","floor":14,"turns":2},{"damage":4,"enemies":"Lots of Slimes","floor":15,"turns":4},{"damage":31,"enemies":"SI_SHIV_ARCHETYPE","floor":16,"turns":7},{"damage":14,"enemies":"3 Byrds","floor":19,"turns":4},{"damage":6,"enemies":"Snecko","floor":20,"turns":6},{"damage":0,"enemies":"downfall:FleeingMerchant","floor":22,"turns":4},{"damage":0,"enemies":"3 Cultists","floor":27,"turns":2},{"damage":0,"enemies":"Centurion and Healer","floor":29,"turns":3},{"damage":16,"enemies":"downfall:FleeingMerchant","floor":31,"turns":4},{"damage":1,"enemies":"Sentry and Sphere","floor":32,"turns":3},{"damage":59,"enemies":"DF_ARCHETYPE_CLAW","floor":33,"turns":5}],"seed_played":"4387477288210044718","potions_obtained":[{"floor":8,"key":"Weak Potion"},{"floor":9,"key":"PowerPotion"},{"floor":13,"key":"CultistPotion"},{"floor":13,"key":"LiquidBronze"},{"floor":16,"key":"SmokeBomb"},{"floor":19,"key":"Explosive Potion"},{"floor":20,"key":"Swift Potion"},{"floor":22,"key":"sneckomod:DiceRollPotion"},{"floor":29,"key":"PowerPotion"},{"floor":31,"key":"SteroidPotion"},{"floor":32,"key":"SneckoOil"}],"is_trial":false,"path_per_floor":["R","M","?","?","?","R","T","E","M","M","R","$","?","M","M","B",null,"R","M","M","?","$","?","T","R","?","M","R","M","?","$","M","B"],"character_chosen":"THE_SNECKO","items_purchased":["expansioncontent:QuickStudy","sneckomod:SerpentIdol","ClockworkSouvenir"],"campfire_rested":0,"item_purchase_floors":[12,12,31],"current_hp_per_floor":[90,90,90,69,69,69,69,69,69,69,69,64,64,64,60,29,90,90,76,70,70,70,54,54,54,54,54,54,54,54,45,44,0,0,0],"gold":19,"neow_bonus":"THREE_ENEMY_KILL","is_daily":false,"chose_seed":false,"campfire_upgraded":6,"win_rate":0.0,"timestamp":1612313513,"path_taken":["R","M","?","?","?","R","T","E","M","M","R","$","?","?","M","BOSS","R","M","M","?","$","?","T","R","?","M","R","M","?","$","M","BOSS"],"items_purchased_type":["Card","Card","Relic"],"build_version":"2020-12-22","purchased_purges":2,"victory":false,"max_hp_per_floor":[90,90,90,90,90,90,90,90,90,90,90,90,90,90,90,90,90,90,90,90,90,90,90,90,90,90,90,90,90,90,90,90,90,90,90],"card_choices":[{"not_picked":["sneckomod:SoulRoll","sneckomod:DiceCrush"],"picked":"sneckomod:DefensiveFlair","floor":2},{"not_picked":["sneckomod:DiceBlock","sneckomod:Nope"],"picked":"sneckomod:WideSting","floor":5},{"not_picked":["sneckomod:WideSting","sneckomod:SoulRoll"],"picked":"sneckomod:UnknownVulnerable","floor":8},{"not_picked":["sneckomod:UnknownStrike","sneckomod:DiceCrush"],"picked":"sneckomod:ImprovisedAttack","floor":9},{"not_picked":["sneckomod:ImprovisedAttack","sneckomod:UnknownDraw"],"picked":"sneckomod:PureSnecko","floor":10},{"not_picked":["sneckomod:DiceCrush","sneckomod:SoulDraw"],"picked":"sneckomod:UnknownRareSkill","floor":12},{"not_picked":["sneckomod:Unknown1Cost","sneckomod:SoulDraw"],"picked":"sneckomod:UnknownUncommonPower","floor":14},{"not_picked":["sneckomod:IronFang","sneckomod:SoulRoll","sneckomod:SoulDraw"],"picked":"SKIP","floor":15},{"not_picked":["sneckomod:SoulExchange","sneckomod:SerpentMind"],"picked":"sneckomod:UnknownRareSkill","floor":16},{"not_picked":["sneckomod:CheapStock+1","sneckomod:QuickBite"],"picked":"sneckomod:UnknownBlock","floor":19},{"not_picked":["sneckomod:UnknownCommonAttack+1","sneckomod:SlitherStrike"],"picked":"sneckomod:SerpentIdol","floor":20},{"not_picked":["sneckomod:SerpentIdol+1","sneckomod:SoulExchange"],"picked":"sneckomod:UnknownRareAttack","floor":22},{"not_picked":["sneckomod:UnknownClassBLUE","sneckomod:UnknownUncommonSkill"],"picked":"sneckomod:SoulCleanse+1","floor":29},{"not_picked":["sneckomod:UnknownClassDEFAULT_GRAY_COLOR+1","sneckomod:UnknownDraw+1"],"picked":"sneckomod:DiceBoulder+1","floor":31},{"not_picked":["sneckomod:MasterEye","sneckomod:UnknownCommonSkill+1"],"picked":"sneckomod:Unknown2Cost","floor":32}],"player_experience":216094,"relics_obtained":[{"floor":5,"key":"reliquary:WeakTea"},{"floor":7,"key":"Regal Pillow"},{"floor":8,"key":"Bottled Lightning"},{"floor":17,"key":"reliquary:SilkGlove"},{"floor":17,"key":"White Beast Statue"},{"floor":17,"key":"Thread and Needle"},{"floor":23,"key":"Nilry\u0027s Codex"},{"floor":24,"key":"Matryoshka"}],"event_choices":[{"damage_healed":0,"gold_gain":0,"player_choice":"Got Potions","damage_taken":0,"max_hp_gain":0,"max_hp_loss":0,"event_name":"Lab","floor":13,"gold_loss":0},{"damage_healed":0,"gold_gain":0,"player_choice":"Cursed","damage_taken":0,"max_hp_gain":0,"max_hp_loss":0,"event_name":"Wheel of Change","floor":21,"gold_loss":0,"cards_obtained":["Decay"]}],"is_beta":false,"boss_relics":[{"not_picked":["SacredBark","Busted Crown"],"picked":"Calling Bell"}],"items_purged_floors":[12,22],"is_endless":false,"potions_floor_spawned":[8,9,14,16,19,20,22,27,29,31,32],"killed_by":"DF_ARCHETYPE_CLAW","ascension_level":0}}