{"host":"8f5cu9y0fpol72qs","time":1612389075,"event":{"mods":["AlwaysNeverKeys","BaseMod","Colored Map","Colored Powertips","Curses Come First","Highlight Path","Key Reminder","Minty Spire (QoL Compilation)","StSLib"],"gold_per_floor":[111,128,146,161,161,196,196,229,229,241,241,252,272,302,302,375,375,389,389],"floor_reached":18,"language":"ENG","playtime":19161,"items_purged":[],"score":326,"play_id":"7ab6f272-5d2b-4d09-9c28-a7155cb69343","local_time":"20210203135115","is_ascension_mode":true,"campfire_choices":[{"data":"Wallop","floor":7.0,"key":"SMITH"},{"data":"CutThroughFate","floor":11.0,"key":"SMITH"},{"data":"LikeWater","floor":15.0,"key":"SMITH"}],"circlet_count":0,"master_deck":["AscendersBane","Strike_P","Strike_P","Strike_P","Strike_P","Defend_P","Defend_P","Defend_P","Defend_P","Eruption","Vigilance","CutThroughFate+1","EmptyMind","Consecrate","Wallop+1","FlurryOfBlows","Tantrum","Wireheading","Alpha","LikeWater+1","Omniscience","Meditate"],"relics":["PureWater","Oddly Smooth Stone","Bottled Flame","Sundial","Question Card","Velvet Choker"],"acts_visited":["Exordium","TheCity"],"potions_floor_usage":[],"damage_taken":[{"damage":0.0,"enemies":"Cultist","floor":1.0,"turns":3.0},{"damage":0.0,"enemies":"Small Slimes","floor":2.0,"turns":3.0},{"damage":2.0,"enemies":"Jaw Worm","floor":3.0,"turns":4.0},{"damage":6.0,"enemies":"Lots of Slimes","floor":4.0,"turns":3.0},{"damage":7.0,"enemies":"Gremlin Nob","floor":6.0,"turns":4.0},{"damage":22.0,"enemies":"Lagavulin","floor":8.0,"turns":6.0},{"damage":0.0,"enemies":"2 Fungi Beasts","floor":10.0,"turns":3.0},{"damage":0.0,"enemies":"Gremlin Gang","floor":12.0,"turns":3.0},{"damage":8.0,"enemies":"Exordium Thugs","floor":13.0,"turns":3.0},{"damage":20.0,"enemies":"3 Sentries","floor":14.0,"turns":6.0},{"damage":19.0,"enemies":"Slime Boss","floor":16.0,"turns":7.0},{"damage":21,"enemies":"Chosen","floor":18,"turns":5}],"seed_played":"-6113467003131026798","potions_obtained":[{"floor":2.0,"key":"Energy Potion"},{"floor":3.0,"key":"AttackPotion"},{"floor":6.0,"key":"ColorlessPotion"},{"floor":8.0,"key":"Block Potion"},{"floor":16.0,"key":"PowerPotion"},{"floor":18,"key":"Block Potion"}],"is_trial":false,"path_per_floor":["M","M","M","M","?","E","R","E","T","M","R","M","M","E","R","B",null,"M"],"character_chosen":"WATCHER","items_purchased":[],"campfire_rested":0,"item_purchase_floors":[],"current_hp_per_floor":[55,55,53,47,80,73,73,51,51,51,51,51,43,23,23,4,61,40,40],"gold":389,"neow_bonus":"TWENTY_PERCENT_HP_BONUS","is_daily":false,"chose_seed":false,"campfire_upgraded":3,"win_rate":0.0,"timestamp":1612389075,"path_taken":["M","?","M","M","?","E","R","E","T","M","R","M","?","E","R","BOSS","M"],"items_purchased_type":[],"build_version":"2020-12-22","purchased_purges":0,"victory":false,"max_hp_per_floor":[80,80,80,80,80,80,80,80,80,80,80,80,80,80,80,80,80,80,80],"card_choices":[{"not_picked":["FearNoEvil","SandsOfTime"],"picked":"CutThroughFate","floor":1.0},{"not_picked":["Vengeance","Prostrate"],"picked":"EmptyMind","floor":2.0},{"not_picked":["FollowUp","WaveOfTheHand"],"picked":"Consecrate","floor":3.0},{"not_picked":["Tantrum","BowlingBash"],"picked":"Wallop","floor":4.0},{"not_picked":["EmptyBody","Halt"],"picked":"FlurryOfBlows","floor":6.0},{"not_picked":["PathToVictory","BowlingBash","Study"],"picked":"SKIP","floor":8.0},{"not_picked":["Weave","SashWhip"],"picked":"Tantrum","floor":10.0},{"not_picked":["SashWhip","FollowUp"],"picked":"Wireheading","floor":12.0},{"not_picked":["CrushJoints","Consecrate"],"picked":"Alpha","floor":13.0},{"not_picked":["FollowUp","Pray"],"picked":"LikeWater","floor":14.0},{"not_picked":["Vault","MasterReality","Blasphemy"],"picked":"Omniscience","floor":16.0},{"not_picked":["FlurryOfBlows","Pray","ClearTheMind"],"picked":"Meditate","floor":18}],"player_experience":954993,"relics_obtained":[{"floor":6.0,"key":"Oddly Smooth Stone"},{"floor":8.0,"key":"Bottled Flame"},{"floor":9.0,"key":"Sundial"},{"floor":14.0,"key":"Question Card"}],"event_choices":[{"damage_healed":33.0,"max_hp_gain":0.0,"max_hp_loss":0.0,"gold_gain":0.0,"event_name":"Wheel of Change","player_choice":"Full Heal","floor":5.0,"gold_loss":0.0,"damage_taken":0.0}],"is_beta":false,"boss_relics":[{"not_picked":["Runic Dome","Pandora\u0027s Box"],"picked":"Velvet Choker"}],"items_purged_floors":[],"is_endless":false,"potions_floor_spawned":[2,3,6,8,16,18],"killed_by":"Chosen","ascension_level":15}}