{"host":"fxrgx7wt2cpkbhka","time":1612324202,"event":{"mods":["AchievementEnabler","BaseMod","Colored Powertips","Minty Spire (QoL Compilation)","Permanent Neow","Quick Restart","Slay-I","StSLib","Waifu the Spire"],"gold_per_floor":[115,134,134,153,153,153,178,253,277,277,21,32,32,43,43,115,115,135,154,154,165,165,192,192,203,203,203,203,223,233,233,233],"floor_reached":31,"language":"ENG","playtime":946,"items_purged":[],"score":408,"play_id":"b96c4ddc-82b5-418e-af70-71cbcff54407","local_time":"20210202195002","is_ascension_mode":true,"campfire_choices":[{"data":"Bash","floor":6,"key":"SMITH"},{"floor":10,"key":"REST"},{"data":"Apotheosis","floor":15,"key":"SMITH"},{"floor":24,"key":"REST"},{"floor":28,"key":"REST"}],"circlet_count":0,"master_deck":["AscendersBane","Strike_R","Strike_R","Strike_R","Strike_R","Strike_R","Defend_R+1","Defend_R","Defend_R","Defend_R+1","Bash+1","Reaper+1","Cleave","Apotheosis+1","Uppercut","Limit Break","Battle Trance"],"relics":["Burning Blood","Tiny Chest","War Paint","Oddly Smooth Stone","Busted Crown","Regal Pillow","Peace Pipe"],"acts_visited":["Exordium","TheCity"],"potions_floor_usage":[16,16,25,31,31],"damage_taken":[{"damage":10,"enemies":"Cultist","floor":1,"turns":5},{"damage":9,"enemies":"Jaw Worm","floor":2,"turns":4},{"damage":12,"enemies":"Small Slimes","floor":4,"turns":4},{"damage":17,"enemies":"Blue Slaver","floor":12,"turns":4},{"damage":15,"enemies":"Large Slime","floor":14,"turns":4},{"damage":38,"enemies":"Slime Boss","floor":16,"turns":13},{"damage":21,"enemies":"Spheric Guardian","floor":18,"turns":5},{"damage":42,"enemies":"2 Thieves","floor":19,"turns":4},{"damage":24,"enemies":"Snake Plant","floor":21,"turns":4},{"damage":84,"enemies":"Slavers","floor":23,"turns":6},{"damage":44,"enemies":"Sentry and Sphere","floor":25,"turns":6},{"damage":17,"enemies":"Centurion and Healer","floor":29,"turns":6},{"damage":24,"enemies":"Snake Plant","floor":30,"turns":6},{"damage":56,"enemies":"Book of Stabbing","floor":31,"turns":7}],"seed_played":"8817843289478554927","potions_obtained":[{"floor":1,"key":"HeartOfIron"},{"floor":2,"key":"SkillPotion"},{"floor":23,"key":"Block Potion"},{"floor":25,"key":"SkillPotion"},{"floor":30,"key":"Swift Potion"}],"is_trial":false,"path_per_floor":["M","M","?","M","?","R","T","?","T","R","$","M","$","M","R","B",null,"M","M","T","M","?","E","R","M","T","$","R","M","M","E"],"character_chosen":"IRONCLAD","items_purchased":["Apotheosis","Uppercut"],"campfire_rested":3,"item_purchase_floors":[11,11],"current_hp_per_floor":[72,69,69,63,38,38,38,27,27,51,51,47,47,48,48,26,67,52,30,30,12,80,18,57,19,19,19,58,55,42,0,0],"gold":233,"neow_bonus":"ONE_RANDOM_RARE_CARD","is_daily":false,"chose_seed":false,"campfire_upgraded":2,"win_rate":0.0,"timestamp":1612324202,"path_taken":["M","M","?","?","?","R","?","?","T","R","$","M","?","M","R","BOSS","M","M","?","M","?","E","R","M","T","$","R","M","?","E"],"items_purchased_type":["Card","Card"],"build_version":"2020-12-22","purchased_purges":0,"victory":false,"max_hp_per_floor":[80,80,80,80,80,80,80,80,80,80,80,80,80,80,80,80,80,80,80,80,80,80,80,80,80,80,80,80,80,80,80,80],"card_choices":[{"not_picked":["Searing Blow","Evolve"],"picked":"Cleave","floor":1},{"not_picked":["Headbutt","Combust","Heavy Blade"],"picked":"SKIP","floor":2},{"not_picked":["Cleave","Warcry","Fire Breathing"],"picked":"SKIP","floor":4},{"not_picked":["Shrug It Off","Pummel","Thunderclap"],"picked":"SKIP","floor":12},{"not_picked":["Rupture","Havoc","Headbutt"],"picked":"SKIP","floor":14},{"not_picked":["Corruption","Immolate"],"picked":"Limit Break","floor":16},{"not_picked":["Heavy Blade"],"picked":"SKIP","floor":18},{"not_picked":["Sever Soul"],"picked":"SKIP","floor":19},{"not_picked":["Evolve"],"picked":"SKIP","floor":21},{"not_picked":["Combust"],"picked":"SKIP","floor":23},{"not_picked":[],"picked":"Battle Trance","floor":25},{"not_picked":["Rampage+1"],"picked":"SKIP","floor":29},{"not_picked":["Entrench"],"picked":"SKIP","floor":30}],"player_experience":739779,"relics_obtained":[{"floor":7,"key":"War Paint"},{"floor":9,"key":"Oddly Smooth Stone"},{"floor":23,"key":"Regal Pillow"},{"floor":26,"key":"Peace Pipe"}],"event_choices":[{"damage_healed":0,"gold_gain":0,"player_choice":"Forge","damage_taken":0,"max_hp_gain":0,"max_hp_loss":0,"event_name":"Accursed Blacksmith","floor":3,"gold_loss":0,"cards_upgraded":["Reaper"]},{"damage_healed":0,"gold_gain":0,"player_choice":"Success","damage_taken":25,"relics_obtained":["Tiny Chest"],"max_hp_gain":0,"max_hp_loss":0,"event_name":"Scrap Ooze","floor":5,"gold_loss":0},{"damage_healed":0,"gold_gain":75,"player_choice":"Gather Gold","damage_taken":11,"max_hp_gain":0,"max_hp_loss":0,"event_name":"World of Goop","floor":8,"gold_loss":0},{"damage_healed":68,"gold_gain":0,"player_choice":"Full Heal","damage_taken":0,"max_hp_gain":0,"max_hp_loss":0,"event_name":"Wheel of Change","floor":22,"gold_loss":0}],"is_beta":false,"boss_relics":[{"not_picked":["Runic Dome","SacredBark"],"picked":"Busted Crown"}],"items_purged_floors":[],"is_endless":false,"potions_floor_spawned":[1,2,12,23,25,30],"killed_by":"Book of Stabbing","ascension_level":13}}