{"host":"2smcgt1ki1qcud40","time":1612353035,"event":{"mods":["BaseMod","Minty Spire (QoL Compilation)"],"gold_per_floor":[115,290,301,301,314,340,340,340,340],"floor_reached":8,"language":"ENG","playtime":206,"items_purged":[],"score":87,"play_id":"6b0aedda-10a3-499a-85fb-d1e2fead4c99","local_time":"20210203125035","is_ascension_mode":true,"campfire_choices":[{"data":"White Noise","floor":7,"key":"SMITH"}],"circlet_count":0,"master_deck":["AscendersBane","Strike_B","Strike_B","Strike_B","Strike_B","Defend_B","Defend_B","Defend_B","Defend_B","Zap","Dualcast","Doom and Gloom","Doubt","Gash","Lockon","White Noise+1"],"relics":["Cracked Core","NeowsBlessing","Calipers"],"acts_visited":["Exordium"],"potions_floor_usage":[8],"damage_taken":[{"damage":0,"enemies":"Small Slimes","floor":1,"turns":1},{"damage":0,"enemies":"2 Louse","floor":3,"turns":1},{"damage":0,"enemies":"Jaw Worm","floor":5,"turns":1},{"damage":40,"enemies":"3 Sentries","floor":6,"turns":7},{"damage":36,"enemies":"Gremlin Nob","floor":8,"turns":3}],"seed_played":"-5117322795658434983","potions_obtained":[{"floor":3,"key":"PotionOfCapacity"},{"floor":5,"key":"SneckoOil"}],"is_trial":false,"path_per_floor":["M","?","M","?","M","E","R","E"],"character_chosen":"DEFECT","items_purchased":[],"campfire_rested":0,"item_purchase_floors":[],"current_hp_per_floor":[68,68,68,73,73,33,33,0,0],"gold":340,"neow_bonus":"THREE_ENEMY_KILL","is_daily":false,"chose_seed":false,"campfire_upgraded":1,"win_rate":0.0,"timestamp":1612353035,"path_taken":["M","?","M","?","M","E","R","E"],"items_purchased_type":[],"build_version":"2020-12-22","purchased_purges":0,"victory":false,"max_hp_per_floor":[75,75,75,80,80,80,80,80,80],"card_choices":[{"not_picked":["Beam Cell","Turbo"],"picked":"Doom and Gloom","floor":1},{"not_picked":["Reprogram","Coolheaded"],"picked":"Gash","floor":3},{"not_picked":["Static Discharge","Beam Cell"],"picked":"Lockon","floor":5},{"not_picked":["Compile Driver","Amplify"],"picked":"White Noise","floor":6}],"player_experience":721038,"relics_obtained":[{"floor":6,"key":"Calipers"}],"event_choices":[{"damage_healed":0,"gold_gain":175,"player_choice":"AGREE","damage_taken":0,"max_hp_gain":0,"max_hp_loss":0,"event_name":"Liars Game","floor":2,"gold_loss":0,"cards_obtained":["Doubt"]},{"damage_healed":0,"gold_gain":0,"player_choice":"Donut","damage_taken":0,"max_hp_gain":5,"max_hp_loss":0,"event_name":"Big Fish","floor":4,"gold_loss":0}],"is_beta":false,"boss_relics":[],"items_purged_floors":[],"is_endless":false,"potions_floor_spawned":[3,5],"killed_by":"Gremlin Nob","ascension_level":11}}