{"host":"1qhzi8r9ejho5yph","time":1612350428,"event":{"mods":["AchievementEnabler","BaseMod","Colored Map","Colored Powertips","Highlight Path","Minty Spire (QoL Compilation)","Permanent Neow","Quick Restart","Random Character Button","StSLib","SuperFastMode"],"gold_per_floor":[117,129,140,155,165,165,184,184,210,98,98,71,21,21,21,119,119,132,132,52,52,52,80,80,20,20],"floor_reached":25,"language":"ENG","playtime":605,"items_purged":["Defend_B"],"score":209,"play_id":"947385a0-db18-4503-9099-d15df5b49e16","local_time":"20210203190708","is_ascension_mode":false,"campfire_choices":[{"data":"Hologram","floor":6,"key":"SMITH"},{"data":"Fusion","floor":8,"key":"SMITH"},{"data":"Hello World","floor":11,"key":"SMITH"},{"data":"Capacitor","floor":15,"key":"SMITH"},{"floor":24,"key":"REST"}],"circlet_count":0,"master_deck":["Strike_B","Defend_B","Zap","Dualcast","BootSequence","Undo","Hologram+1","Fusion+1","Rebound","Capacitor+1","Hello World+1","Ball Lightning","Creative AI","Redo","Compile Driver","Darkness","Melter","Force Field"],"relics":["Cracked Core","Blood Vial","Dead Branch","Empty Cage","InkBottle"],"acts_visited":["Exordium","TheCity"],"potions_floor_usage":[23],"damage_taken":[{"damage":0,"enemies":"2 Louse","floor":1,"turns":2},{"damage":0,"enemies":"Jaw Worm","floor":2,"turns":2},{"damage":0,"enemies":"Small Slimes","floor":3,"turns":3},{"damage":0,"enemies":"Looter","floor":4,"turns":5},{"damage":0,"enemies":"2 Fungi Beasts","floor":5,"turns":5},{"damage":3,"enemies":"Lots of Slimes","floor":7,"turns":6},{"damage":22,"enemies":"Slime Boss","floor":16,"turns":8},{"damage":36,"enemies":"Spheric Guardian","floor":18,"turns":6},{"damage":56,"enemies":"Book of Stabbing","floor":23,"turns":6},{"damage":18,"enemies":"2 Thieves","floor":25,"turns":3}],"seed_played":"1627471613265817273","potions_obtained":[{"floor":3,"key":"SkillPotion"},{"floor":4,"key":"DistilledChaos"},{"floor":16,"key":"Explosive Potion"},{"floor":18,"key":"Weak Potion"}],"is_trial":false,"path_per_floor":["M","M","M","M","M","R","M","R","T","$","R","$","?","T","R","B",null,"M","?","$","?","?","E","R","M"],"character_chosen":"DEFECT","items_purchased":["Hello World","Ball Lightning","Melter"],"campfire_rested":1,"item_purchase_floors":[10,12,20],"current_hp_per_floor":[75,75,75,75,75,75,72,72,72,72,72,72,72,72,72,52,75,39,39,39,39,64,10,32,16,16],"gold":20,"neow_bonus":"THREE_CARDS","is_daily":false,"chose_seed":false,"campfire_upgraded":4,"win_rate":0.0,"timestamp":1612350428,"path_taken":["M","M","M","M","M","R","M","R","T","$","R","$","?","?","R","BOSS","M","?","$","?","?","E","R","M"],"items_purchased_type":["Card","Card","Card"],"build_version":"2020-12-22","purchased_purges":1,"victory":false,"max_hp_per_floor":[75,75,75,75,75,75,75,75,75,75,75,75,75,75,75,75,75,75,75,75,75,75,75,75,75,75],"card_choices":[{"not_picked":["Rebound","Aggregate"],"picked":"BootSequence","floor":0},{"not_picked":["Leap","Force Field"],"picked":"Undo","floor":1},{"not_picked":["Leap","Barrage"],"picked":"Hologram","floor":2},{"not_picked":["Stack","Cold Snap","Glacier"],"picked":"SKIP","floor":3},{"not_picked":["Streamline","Self Repair"],"picked":"Fusion","floor":4},{"not_picked":["Hologram","Double Energy"],"picked":"Rebound","floor":5},{"not_picked":["Reboot","Sweeping Beam"],"picked":"Capacitor","floor":7},{"not_picked":["Reboot","Thunder Strike"],"picked":"Creative AI","floor":16},{"not_picked":["Ball Lightning","Gash"],"picked":"Redo","floor":18},{"not_picked":["Barrage","Chaos"],"picked":"Force Field","floor":23}],"player_experience":357560,"relics_obtained":[{"floor":9,"key":"Blood Vial"},{"floor":14,"key":"Dead Branch"},{"floor":23,"key":"InkBottle"}],"event_choices":[{"cards_removed":["Strike_B"],"damage_healed":0,"gold_gain":0,"player_choice":"Card Removal","damage_taken":0,"max_hp_gain":0,"max_hp_loss":0,"event_name":"The Cleric","floor":13,"gold_loss":50},{"damage_healed":0,"gold_gain":0,"cards_transformed":["Strike_B","Defend_B"],"player_choice":"Became Test Subject","damage_taken":0,"max_hp_gain":0,"max_hp_loss":0,"event_name":"Drug Dealer","floor":19,"gold_loss":0,"cards_obtained":["Compile Driver","Darkness"]},{"damage_healed":0,"gold_gain":0,"player_choice":"Ignored","damage_taken":0,"max_hp_gain":0,"max_hp_loss":0,"event_name":"The Mausoleum","floor":21,"gold_loss":0},{"damage_healed":25,"gold_gain":0,"player_choice":"Heal","damage_taken":0,"max_hp_gain":0,"max_hp_loss":0,"event_name":"The Library","floor":22,"gold_loss":0}],"is_beta":false,"boss_relics":[{"not_picked":["Calling Bell","Fusion Hammer"],"picked":"Empty Cage"}],"items_purged_floors":[10],"is_endless":false,"potions_floor_spawned":[3,4,16,18],"killed_by":"2 Thieves","ascension_level":0}}