{"host":"c52z9ixzgdjttcmx","time":1612382062,"event":{"mods":["BaseMod","Colored Powertips","Downfall","Filter the Spire","Minty Spire (QoL Compilation)","Rare Cards Sparkle","Relic Stats","StSLib"],"gold_per_floor":[99,115,290,290,43,143,225,225,257,274,274,349,349,4,24,127,127,127,127,144,155,173,206,218,263,175,187,38,38,70,70,84,181,181,181,200,219,237,237,237,237],"floor_reached":39,"language":"ENG","playtime":8499,"items_purged":["Doubt"],"score":529,"play_id":"7e7a3965-d973-4060-9c6a-5488b8b1e9ae","local_time":"20210203135422","is_ascension_mode":true,"campfire_choices":[{"data":"Slimebound:CorrosiveSpit","floor":1,"key":"SMITH"},{"data":"Slimebound:SplitMire","floor":8,"key":"SMITH"},{"data":"Slimebound:Repurpose","floor":11,"key":"SMITH"},{"data":"Slimebound:SlimeSlap","floor":13,"key":"SMITH"},{"data":"Slimebound:PrepareCrush","floor":18,"key":"SMITH"},{"floor":26,"key":"REST"},{"floor":35,"key":"REST"}],"circlet_count":0,"master_deck":["Slimebound:Tackle","Slimebound:Defend_Slimebound","Slimebound:Defend_Slimebound","Slimebound:Defend_Slimebound","Slimebound:Defend_Slimebound","Slimebound:Split+1","Slimebound:CorrosiveSpit+1","Slimebound:SlimeSlap+1","Slimebound:Prepare","Slimebound:GrowthPunch","Slimebound:GoopSpray","Slimebound:LivingWall","Slimebound:Schlurp","Slimebound:SpikyOuterGoop","Slimebound:GoopSpray","Slimebound:SplitLeeching","Slimebound:SplitMire+1","Slimebound:Chomp","Slimebound:Repurpose+1","Slimebound:SplitBruiser","expansioncontent:DashGenerateEvil","Slimebound:LevelUp","Slimebound:SlimeSpikes","Slimebound:SplitSpecialist","Slimebound:GoopTackle","Slimebound:PrepareCrush+1","Slimebound:HauntingLick+1","Slimebound:RollThrough","Slimebound:Nibble","Slimebound:PressTheAttack","Slimebound:Equalize","Slimebound:LivingWall","Slimebound:GoopSpray","Slimebound:SlimeTap","Slimebound:DivideAndConquer+1","downfall:Aged","downfall:Icky","Slimebound:SamplingLick","Slimebound:MassRepurpose","Slimebound:PressTheAttack","Slimebound:LeechingTouch+1","Slimebound:FlameTackle+1"],"relics":["Slimebound:AbsorbEndCombat","Orrery","Letter Opener","Strawberry","Black Star","MawBank","Mango","Mercury Hourglass","PreservedInsect","Lantern","downfall:HeartBlessingGreen","Oddly Smooth Stone","downfall:ExtraCursedKey","Bottled Flame","Boot","CaptainsWheel","bronze:MakeshiftBattery"],"acts_visited":["Exordium","TheCity","TheBeyond"],"potions_floor_usage":[23,23,37,37,37],"damage_taken":[{"damage":11,"enemies":"Small Slimes","floor":2,"turns":4},{"damage":0,"enemies":"downfall:FleeingMerchant","floor":5,"turns":4},{"damage":11,"enemies":"downfall:Heads","floor":6,"turns":7},{"damage":9,"enemies":"Lagavulin","floor":9,"turns":5},{"damage":1,"enemies":"2 Louse","floor":10,"turns":2},{"damage":0,"enemies":"downfall:FleeingMerchant","floor":14,"turns":4},{"damage":0,"enemies":"Jaw Worm","floor":15,"turns":2},{"damage":8,"enemies":"SI_SHIV_ARCHETYPE","floor":16,"turns":9},{"damage":0,"enemies":"Chosen","floor":19,"turns":1},{"damage":0,"enemies":"Shell Parasite","floor":20,"turns":4},{"damage":10,"enemies":"Chosen and Byrds","floor":21,"turns":5},{"damage":29,"enemies":"Snake Plant","floor":22,"turns":5},{"damage":34,"enemies":"Book of Stabbing","floor":23,"turns":4},{"damage":43,"enemies":"Slavers","floor":25,"turns":4},{"damage":17,"enemies":"downfall:FleeingMerchant","floor":28,"turns":4},{"damage":9,"enemies":"Book of Stabbing","floor":30,"turns":3},{"damage":0,"enemies":"Sentry and Sphere","floor":32,"turns":3},{"damage":33,"enemies":"IC_MUSHROOM_ARCHETYPE","floor":33,"turns":9},{"damage":24,"enemies":"3 Shapes","floor":36,"turns":3},{"damage":8,"enemies":"Orb Walker","floor":37,"turns":2},{"damage":31,"enemies":"3 Darklings","floor":38,"turns":6},{"damage":62,"enemies":"Jaw Worm Horde","floor":39,"turns":4}],"seed_played":"-4516784848738207112","potions_obtained":[{"floor":9,"key":"champ:CounterPotion"},{"floor":16,"key":"Regen Potion"},{"floor":20,"key":"SpeedPotion"},{"floor":25,"key":"Energy Potion"},{"floor":32,"key":"bronze:BurnAndBuffPotion"}],"is_trial":false,"path_per_floor":["R","M","?","?","$","?","T","R","E","M","R","?","R","$","M","B",null,"R","M","M","M","M","E","T","E","R","?","$","?","E","T","M","B",null,"R","M","M","M","M"],"character_chosen":"SLIMEBOUND","items_purchased":["Orrery","expansioncontent:DashGenerateEvil","Slimebound:LevelUp","Slimebound:SlimeSpikes","Slimebound:SplitSpecialist","Oddly Smooth Stone"],"campfire_rested":2,"item_purchase_floors":[5,14,14,14,14,28],"current_hp_per_floor":[65,56,56,56,60,56,56,56,60,63,63,63,63,71,72,65,72,72,72,72,66,45,43,43,16,41,41,40,40,33,33,35,18,86,86,66,70,55,0,0,0],"gold":237,"neow_bonus":"ONE_RANDOM_RARE_CARD","is_daily":false,"chose_seed":false,"campfire_upgraded":5,"win_rate":0.0,"timestamp":1612382062,"path_taken":["R","M","?","?","$","?","T","R","E","M","R","?","R","?","M","BOSS","R","M","M","M","M","E","T","E","R","?","?","?","E","?","M","BOSS","R","M","M","M","M"],"items_purchased_type":["Relic","Card","Card","Card","Card","Relic"],"build_version":"2020-12-22","purchased_purges":1,"victory":false,"max_hp_per_floor":[65,65,65,65,65,65,65,65,72,72,72,72,72,72,72,72,72,72,72,72,72,72,86,86,86,86,86,86,86,86,86,86,86,86,86,86,86,86,86,86,86],"relic_stats":{"counters":[22,94],"PreservedInsect":41,"Black Star":3,"Letter Opener":[226],"MawBank":60,"Boot":[7],"obtain_stats":[{"Lantern":25,"Oddly Smooth Stone":28,"Mango":23,"downfall:HeartBlessingGreen":26,"PreservedInsect":25,"Letter Opener":7,"MawBank":23,"Boot":30,"Mercury Hourglass":24,"Bottled Flame":30,"CaptainsWheel":31,"downfall:BrokenWingStatue":4,"Strawberry":9,"Orrery":5,"downfall:ExtraCursedKey":29,"Slimebound:AbsorbEndCombat":0,"Black Star":17,"bronze:MakeshiftBattery":34},{"Lantern":14,"Oddly Smooth Stone":15,"Mango":13,"downfall:HeartBlessingGreen":14,"PreservedInsect":14,"Letter Opener":3,"MawBank":13,"Boot":16,"Mercury Hourglass":13,"Bottled Flame":16,"CaptainsWheel":16,"downfall:BrokenWingStatue":1,"Strawberry":4,"Orrery":2,"downfall:ExtraCursedKey":15,"Slimebound:AbsorbEndCombat":0,"Black Star":8,"bronze:MakeshiftBattery":18},{"Lantern":60,"Oddly Smooth Stone":64,"Mango":56,"downfall:HeartBlessingGreen":60,"PreservedInsect":60,"Letter Opener":15,"MawBank":56,"Boot":67,"Mercury Hourglass":56,"Bottled Flame":67,"CaptainsWheel":67,"downfall:BrokenWingStatue":4,"Strawberry":20,"Orrery":8,"downfall:ExtraCursedKey":64,"Slimebound:AbsorbEndCombat":0,"Black Star":37,"bronze:MakeshiftBattery":79}],"Mercury Hourglass":[158]},"card_choices":[{"not_picked":["Slimebound:SlimeBrawl","Slimebound:LeechEnergy"],"picked":"Slimebound:Prepare","floor":2},{"not_picked":["Slimebound:FinishingTackle","Slimebound:SamplingLick"],"picked":"Slimebound:GrowthPunch","floor":5},{"not_picked":["Slimebound:SamplingLick","Slimebound:LeechEnergy"],"picked":"Slimebound:GoopSpray","floor":5},{"not_picked":["Slimebound:LeechEnergy","Slimebound:Schlurp"],"picked":"Slimebound:LivingWall","floor":5},{"not_picked":["Slimebound:SlimeSpikes","Slimebound:SamplingLick"],"picked":"Slimebound:Schlurp","floor":5},{"not_picked":["Slimebound:MassRepurpose","Slimebound:SlimeSpikes"],"picked":"Slimebound:SpikyOuterGoop","floor":5},{"not_picked":["Slimebound:ProtectTheBoss","Slimebound:ItLooksTasty"],"picked":"Slimebound:GoopSpray","floor":5},{"not_picked":["Slimebound:DivideAndConquer","Slimebound:ComboTackle"],"picked":"Slimebound:SplitMire","floor":6},{"not_picked":["Slimebound:DuplicatedForm","Slimebound:DivideAndConquer"],"picked":"Slimebound:Chomp","floor":9},{"not_picked":["Slimebound:GrowthPunch","Slimebound:SplitMire"],"picked":"Slimebound:Repurpose","floor":10},{"not_picked":["Slimebound:Overexert","Slimebound:BestDefense"],"picked":"Slimebound:SplitBruiser","floor":14},{"not_picked":["Slimebound:ComboTackle","Slimebound:Chomp"],"picked":"Slimebound:GoopTackle","floor":15},{"not_picked":["Slimebound:CheckThePlaybook","Slimebound:SlimeSlap"],"picked":"Slimebound:PrepareCrush","floor":16},{"not_picked":["Slimebound:Prepare+1","Slimebound:LeechingTouch"],"picked":"Slimebound:HauntingLick+1","floor":19},{"not_picked":["Slimebound:LeechEnergy","Slimebound:FormOfPuddle+1"],"picked":"Slimebound:RollThrough","floor":20},{"not_picked":["Slimebound:DivideAndConquer","Slimebound:ItLooksTasty"],"picked":"Slimebound:Nibble","floor":21},{"not_picked":["Slimebound:SlimeSpikes","Slimebound:RollThrough"],"picked":"Slimebound:PressTheAttack","floor":22},{"not_picked":["Slimebound:WasteNot","Slimebound:SlimeSpikes"],"picked":"Slimebound:Equalize","floor":23},{"not_picked":["Slimebound:SpikyOuterGoop","Slimebound:Grow"],"picked":"Slimebound:LivingWall","floor":25},{"not_picked":["Slimebound:LeechEnergy+1","Slimebound:HauntingLick"],"picked":"Slimebound:SlimeTap","floor":28},{"not_picked":["Slimebound:DouseInSlime","Slimebound:GoopTackle"],"picked":"Slimebound:DivideAndConquer+1","floor":30},{"not_picked":["Slimebound:SpikyOuterGoop","Slimebound:SplitBruiser"],"picked":"Slimebound:SamplingLick","floor":32},{"not_picked":["Slimebound:WasteNot","Slimebound:FirmFortitude"],"picked":"Slimebound:MassRepurpose","floor":33},{"not_picked":["Slimebound:DisruptingSlam","Slimebound:SamplingLick"],"picked":"Slimebound:PressTheAttack","floor":36},{"not_picked":["Slimebound:SplitMire+1","Slimebound:PressTheAttack"],"picked":"Slimebound:LeechingTouch+1","floor":37},{"not_picked":["Slimebound:SamplingLick","Slimebound:FinishingTackle+1"],"picked":"Slimebound:FlameTackle+1","floor":38}],"player_experience":3583547,"relics_obtained":[{"floor":7,"key":"Letter Opener"},{"floor":9,"key":"Strawberry"},{"floor":23,"key":"MawBank"},{"floor":23,"key":"Mango"},{"floor":24,"key":"Mercury Hourglass"},{"floor":25,"key":"PreservedInsect"},{"floor":25,"key":"Lantern"},{"floor":30,"key":"Bottled Flame"},{"floor":30,"key":"Boot"},{"floor":31,"key":"CaptainsWheel"}],"event_choices":[],"is_beta":false,"boss_relics":[{"not_picked":["SlaversCollar","Velvet Choker"],"picked":"Black Star"},{"not_picked":["Coffee Dripper","Astrolabe"],"picked":"bronze:MakeshiftBattery"}],"items_purged_floors":[5],"is_endless":false,"potions_floor_spawned":[9,16,20,21,25,32],"killed_by":"Jaw Worm Horde","ascension_level":2}}