{"host":"xltl1aroowo69o4n","time":1612311458,"event":{"mods":["BaseMod","Colored Map","Colored Powertips","Downfall","Minty Spire (QoL Compilation)","StSLib","The Cursed","The Hierophant","The Mystic"],"gold_per_floor":[99,99,99,99,162,62,62,62,81,91,104,128,428,440,455,455,455],"floor_reached":16,"language":"ENG","playtime":709,"items_purged":[],"score":90,"play_id":"29b78790-5d3c-444d-aa34-d1c50db88c33","local_time":"20210202191738","is_ascension_mode":false,"campfire_choices":[{"floor":1,"key":"RECALL"},{"floor":6,"key":"REST"},{"data":"champ:Taunt","floor":8,"key":"SMITH"}],"circlet_count":0,"master_deck":["champ:Strike","champ:Strike","champ:Strike","champ:Strike","champ:Defend","champ:Defend","champ:Defend","champ:Defend","champ:Execute","champ:Taunt+1","champ:EnragedBash","champ:DeathBlow","champ:CrookedStrike","champ:AdrenalArmor","champ:UltimateStance","champ:FlashCut","champ:ShieldWall","downfall:Icky","downfall:Icky","champ:SetATrap","champ:StanceDance"],"relics":["champ:ChampionCrown","downfall:HeartsMalice","Regal Pillow","downfall:HeartBlessingRed","MealTicket"],"acts_visited":["Exordium"],"potions_floor_usage":[16,16,16],"damage_taken":[{"damage":0,"enemies":"Jaw Worm","floor":2,"turns":1},{"damage":0,"enemies":"Small Slimes","floor":3,"turns":1},{"damage":0,"enemies":"2 Louse","floor":4,"turns":1},{"damage":44,"enemies":"3 Sentries","floor":5,"turns":6},{"damage":14,"enemies":"2 Fungi Beasts","floor":9,"turns":4},{"damage":46,"enemies":"Red Slaver","floor":10,"turns":5},{"damage":25,"enemies":"Exordium Wildlife","floor":11,"turns":2},{"damage":32,"enemies":"3 Louse","floor":14,"turns":3},{"damage":37,"enemies":"Large Slime","floor":15,"turns":5},{"damage":74,"enemies":"SI_SHIV_ARCHETYPE","floor":16,"turns":8}],"seed_played":"4962336076445082265","potions_obtained":[{"floor":9,"key":"Weak Potion"},{"floor":10,"key":"Explosive Potion"},{"floor":14,"key":"SpeedPotion"}],"is_trial":false,"path_per_floor":["R","M","M","M","?","R","T","R","M","M","M","T","?","M","M","B"],"character_chosen":"THE_CHAMP","items_purchased":[],"campfire_rested":1,"item_purchase_floors":[],"current_hp_per_floor":[90,90,90,90,76,90,90,90,81,75,75,75,75,68,56,0,0],"gold":455,"neow_bonus":"THREE_ENEMY_KILL","is_daily":false,"chose_seed":false,"campfire_upgraded":1,"win_rate":0.0,"timestamp":1612311458,"path_taken":["R","M","M","M","?","R","T","R","M","M","M","?","?","M","M","BOSS"],"items_purchased_type":[],"build_version":"2020-12-13","purchased_purges":0,"victory":false,"max_hp_per_floor":[90,90,90,90,90,90,90,90,90,90,90,90,90,90,90,90,90],"card_choices":[{"not_picked":["champ:CrownThrow","champ:AdrenalArmor"],"picked":"champ:EnragedBash","floor":2},{"not_picked":["champ:EnragedBash","champ:PerfectedStrike"],"picked":"champ:DeathBlow","floor":3},{"not_picked":["champ:Lariat","champ:TornadoPunch"],"picked":"champ:CrookedStrike","floor":4},{"not_picked":["champ:DefensiveShout","champ:CrookedStrike"],"picked":"champ:AdrenalArmor","floor":5},{"not_picked":["champ:PreciseThrust","champ:FanOfKnives"],"picked":"champ:UltimateStance","floor":9},{"not_picked":["champ:CrownThrow","champ:PreemptiveStrike"],"picked":"champ:FlashCut","floor":10},{"not_picked":["champ:FaceSlap","champ:BerserkersShout"],"picked":"champ:ShieldWall","floor":11},{"not_picked":["champ:CrookedStrike","champ:GutPunch"],"picked":"champ:SetATrap","floor":14},{"not_picked":["champ:RisingSlash","champ:CrownThrow"],"picked":"champ:StanceDance","floor":15}],"player_experience":107027,"relics_obtained":[{"floor":5,"key":"Regal Pillow"},{"floor":12,"key":"MealTicket"}],"event_choices":[],"is_beta":false,"boss_relics":[],"items_purged_floors":[],"is_endless":false,"potions_floor_spawned":[9,10,14],"killed_by":"SI_SHIV_ARCHETYPE","ascension_level":0}}