{"host":"0k696jvpnlqjk4gh","time":1612355011,"event":{"mods":["AchievementEnabler","BaseMod","Colored Map","Colored Powertips","Minty Spire (QoL Compilation)","Quick Restart"],"gold_per_floor":[109,184,184,196,211,211,246,246,246,246,23,56,156,175,175,303,303,323,323,253,13,13,54,54,95,95,95,108,23,36,54,54,54,54],"floor_reached":33,"language":"ENG","playtime":6902,"items_purged":[],"score":349,"play_id":"2888404a-9359-4809-a8d4-8935588f0c16","local_time":"20210203122331","is_ascension_mode":true,"campfire_choices":[{"data":"Defragment","floor":6.0,"key":"SMITH"},{"floor":10.0,"key":"REST"},{"data":"Chaos","floor":15.0,"key":"SMITH"},{"floor":24.0,"key":"REST"},{"data":"Creative AI","floor":32,"key":"SMITH"}],"circlet_count":0,"master_deck":["Strike_B","Defend_B","Defend_B","Defend_B","Zap","Dualcast","Ball Lightning","Defragment+1","Cold Snap","Chaos+1","Self Repair","Conserve Battery","Self Repair","Creative AI+1","Reinforced Body+1","Biased Cognition+1","BootSequence+1","Chill","Chaos"],"relics":["Cracked Core","NeowsBlessing","CaptainsWheel","Golden Idol","Mercury Hourglass","Anchor","Art of War","Astrolabe","HornCleat","Turnip","Letter Opener","Toxic Egg 2","MealTicket"],"acts_visited":["Exordium","TheCity"],"potions_floor_usage":[25,30],"damage_taken":[{"damage":0.0,"enemies":"Jaw Worm","floor":1.0,"turns":1.0},{"damage":0.0,"enemies":"Small Slimes","floor":4.0,"turns":1.0},{"damage":0.0,"enemies":"Cultist","floor":5.0,"turns":1.0},{"damage":16.0,"enemies":"3 Sentries","floor":7.0,"turns":5.0},{"damage":6.0,"enemies":"Lagavulin","floor":12.0,"turns":6.0},{"damage":0.0,"enemies":"3 Louse","floor":14.0,"turns":2.0},{"damage":9.0,"enemies":"The Guardian","floor":16.0,"turns":12.0},{"damage":12.0,"enemies":"Shell Parasite","floor":18.0,"turns":5.0},{"damage":53.0,"enemies":"Gremlin Leader","floor":23.0,"turns":8.0},{"damage":26,"enemies":"Slavers","floor":25,"turns":8},{"damage":0,"enemies":"Spheric Guardian","floor":28,"turns":5},{"damage":17,"enemies":"Cultist and Chosen","floor":30,"turns":8},{"damage":0,"enemies":"Snecko","floor":31,"turns":7},{"damage":75,"enemies":"Collector","floor":33,"turns":7}],"seed_played":"-4505319858575809973","potions_obtained":[{"floor":5.0,"key":"Explosive Potion"},{"floor":16.0,"key":"GamblersBrew"},{"floor":18.0,"key":"EssenceOfSteel"},{"floor":23.0,"key":"Weak Potion"},{"floor":31,"key":"SneckoOil"}],"is_trial":false,"path_per_floor":["M","?","?","M","M","R","E","?","T","R","$","E","?","M","R","B",null,"M","?","$","$","?","E","R","E","T","?","M","?","M","M","R","B"],"character_chosen":"DEFECT","items_purchased":["Anchor","Self Repair","Chill","HornCleat"],"campfire_rested":2,"item_purchase_floors":[11,11,20,21],"current_hp_per_floor":[75,64,64,64,64,64,48,30,30,52,52,53,53,60,60,65,75,75,69,69,69,69,30,52,40,40,40,54,54,51,65,65,0,0],"gold":54,"neow_bonus":"THREE_ENEMY_KILL","is_daily":false,"chose_seed":false,"campfire_upgraded":3,"win_rate":0.0,"timestamp":1612355011,"path_taken":["M","?","?","?","M","R","E","?","T","R","$","E","?","?","R","BOSS","M","?","?","$","?","E","R","E","T","?","?","?","M","M","R","BOSS"],"items_purchased_type":["Relic","Card","Card","Relic"],"build_version":"2020-12-22","purchased_purges":0,"victory":false,"max_hp_per_floor":[75,75,75,75,75,75,75,75,75,75,75,75,75,75,75,75,75,75,75,75,75,75,75,75,75,75,75,75,75,75,75,75,75,75],"card_choices":[{"not_picked":["Leap","Reprogram"],"picked":"Ball Lightning","floor":1.0},{"not_picked":["Sweeping Beam","Skim"],"picked":"Defragment","floor":4.0},{"not_picked":["Rebound","Leap"],"picked":"Cold Snap","floor":5.0},{"not_picked":["Rebound","Leap"],"picked":"Chaos","floor":7.0},{"not_picked":["Cold Snap","Go for the Eyes"],"picked":"Conserve Battery","floor":12.0},{"not_picked":["Seek","Chaos"],"picked":"Self Repair","floor":14.0},{"not_picked":["Thunder Strike","Core Surge"],"picked":"Creative AI","floor":16.0},{"not_picked":["Compile Driver+1","Static Discharge","Hello World"],"picked":"SKIP","floor":18.0},{"not_picked":["Darkness","Skim","Aggregate+1"],"picked":"SKIP","floor":23.0},{"not_picked":["Reinforced Body+1","Melter","Barrage"],"picked":"SKIP","floor":25},{"not_picked":["Lockon","Compile Driver+1","Steam+1"],"picked":"SKIP","floor":28},{"not_picked":["Leap+1","Barrage+1","Gash"],"picked":"SKIP","floor":30},{"not_picked":["Hologram+1","Conserve Battery+1","BootSequence+1"],"picked":"SKIP","floor":31}],"player_experience":127393,"relics_obtained":[{"floor":7.0,"key":"CaptainsWheel"},{"floor":9.0,"key":"Mercury Hourglass"},{"floor":12.0,"key":"Art of War"},{"floor":23.0,"key":"Turnip"},{"floor":25,"key":"Letter Opener"}],"event_choices":[{"damage_healed":0.0,"max_hp_gain":0.0,"max_hp_loss":0.0,"gold_gain":75.0,"event_name":"World of Goop","player_choice":"Gather Gold","floor":2.0,"gold_loss":0.0,"damage_taken":11.0},{"cards_removed":["Strike_B"],"damage_healed":0.0,"max_hp_gain":0.0,"max_hp_loss":0.0,"gold_gain":0.0,"event_name":"Purifier","player_choice":"Purged","floor":3.0,"gold_loss":0.0,"damage_taken":0.0},{"damage_healed":0.0,"max_hp_gain":0.0,"max_hp_loss":0.0,"gold_gain":0.0,"event_name":"Golden Idol","player_choice":"Take Damage","floor":8.0,"gold_loss":0.0,"damage_taken":18.0,"relics_obtained":["Golden Idol"]},{"damage_healed":0.0,"max_hp_gain":0.0,"max_hp_loss":0.0,"gold_gain":100.0,"event_name":"Golden Shrine","player_choice":"Pray","floor":13.0,"gold_loss":0.0,"damage_taken":0.0},{"damage_healed":0.0,"max_hp_gain":0.0,"max_hp_loss":0.0,"gold_gain":0.0,"event_name":"Knowing Skull","player_choice":"","floor":19.0,"potions_obtained":[],"gold_loss":0.0,"damage_taken":6.0,"cards_obtained":[]},{"damage_healed":0.0,"max_hp_gain":0.0,"max_hp_loss":0.0,"gold_gain":0.0,"event_name":"The Library","player_choice":"Read","floor":22.0,"gold_loss":0.0,"damage_taken":0.0,"cards_obtained":["Chaos"]},{"damage_healed":0,"gold_gain":0,"player_choice":"Opened","damage_taken":0,"relics_obtained":["Toxic Egg 2"],"max_hp_gain":0,"max_hp_loss":0,"event_name":"The Mausoleum","floor":27,"gold_loss":0},{"damage_healed":0,"gold_gain":0,"player_choice":"Obtained Relic","damage_taken":0,"relics_obtained":["MealTicket"],"max_hp_gain":0,"max_hp_loss":0,"event_name":"Addict","floor":29,"gold_loss":85}],"is_beta":false,"boss_relics":[{"not_picked":["Pandora\u0027s Box","Busted Crown"],"picked":"Astrolabe"}],"items_purged_floors":[],"is_endless":false,"potions_floor_spawned":[5,16,18,23,31],"killed_by":"Collector","ascension_level":4}}