{"host":"7v9t59ze4jbx2rzq","time":1612313712,"event":{"mods":["Ascension Unlocker","BaseMod","Colored Powertips","Dark Map","Ekko","Fox Events","Highlight Path","Minty Spire (QoL Compilation)","Morshu Shopkeeper","Morshu Shopkeeper - ENHANCED","Optimize The Spire","Slay the Relics Exporter","StSLib","The Hydrologist","The Widow","TheSurvivalist"],"gold_per_floor":[109,121,139,66,77,77,109,127,127,158,212,212,244,244,244,348,348,362,277,277,26,26,92,111,111,191,191,201,533,533,558,558,710,710,729,729,4,19,77,77,102,120,144,144,19,19,69,79,79,159],"floor_reached":51,"language":"ENG","playtime":4237,"items_purged":["survmod:Strike","Pain","survmod:Strike"],"score":812,"play_id":"8ec4a502-f6ce-418b-9480-b1ed241690c1","local_time":"20210202195512","is_ascension_mode":true,"campfire_choices":[{"data":"survmod:AcidArrow","floor":6,"key":"SMITH"},{"data":"survmod:FlashbangShot","floor":15,"key":"SMITH"},{"floor":25,"key":"REST"},{"data":"survmod:TwinShot","floor":27,"key":"SMITH"},{"data":"survmod:DuckAndFlare","floor":30,"key":"SMITH"},{"data":"survmod:VersatileDefense","floor":32,"key":"SMITH"},{"floor":40,"key":"REST"},{"data":"survmod:GoForFace","floor":46,"key":"SMITH"},{"data":"survmod:DuckAndFlare","floor":49,"key":"SMITH"}],"circlet_count":0,"master_deck":["survmod:Strike","survmod:Strike","survmod:Defend","survmod:Defend","survmod:Defend","survmod:Defend","survmod:VersatileOffense","survmod:Sprint","survmod:MarkedShot","survmod:TwinShot+1","survmod:AcidArrow+1","survmod:AcidTrap+1","survmod:GoForFace+1","survmod:MarkTrap+1","survmod:FlashbangShot+1","survmod:VersatileDefense+1","survmod:QuickDash","survmod:MarkedShot","Parasite","survmod:ConcussiveShot","survmod:Marksmanship+1","survmod:RobFromTheRich","Writhe","survmod:FlashbangShot+1","survmod:FlashbangTrap+1","survmod:DuckAndFlare+1","survmod:VersatilePower+1","survmod:SimpleMutation+1","Sadistic Nature+1","survmod:NockAnArrow+1","survmod:SurpriseTrap+1","survmod:Hawkeye+1","survmod:DuckAndFlare+1"],"relics":["survmod:InnateMutation","Ornamental Fan","Bottled Tornado","Eternal Feather","Potion Belt","Frozen Egg 2","Snecko Eye","Ancient Tea Set","Enchiridion","Molten Egg 2","Lantern","Old Coin","Pear","SlaversCollar","WarpedTongs","War Paint","Torii","Blue Candle","Dream Catcher","Unceasing Top"],"acts_visited":["Exordium","TheCity","TheBeyond"],"potions_floor_usage":[10,16,16,16,21,23,24,42,42,50],"damage_taken":[{"damage":1,"enemies":"Cultist","floor":1,"turns":5},{"damage":0,"enemies":"2 Louse","floor":2,"turns":4},{"damage":1,"enemies":"Jaw Worm","floor":3,"turns":3},{"damage":1,"enemies":"Blue Slaver","floor":5,"turns":3},{"damage":16,"enemies":"3 Sentries","floor":7,"turns":8},{"damage":2,"enemies":"Large Slime","floor":8,"turns":4},{"damage":10,"enemies":"Lagavulin","floor":10,"turns":6},{"damage":13,"enemies":"3 Sentries","floor":13,"turns":8},{"damage":24,"enemies":"The Guardian","floor":16,"turns":8},{"damage":0,"enemies":"Chosen","floor":18,"turns":4},{"damage":33,"enemies":"Book of Stabbing","floor":23,"turns":11},{"damage":9,"enemies":"3 Byrds","floor":24,"turns":3},{"damage":0,"enemies":"Centurion and Healer","floor":28,"turns":3},{"damage":5,"enemies":"Gremlin Leader","floor":29,"turns":4},{"damage":0,"enemies":"Book of Stabbing","floor":31,"turns":6},{"damage":10,"enemies":"Automaton","floor":33,"turns":8},{"damage":20,"enemies":"3 Darklings","floor":35,"turns":4},{"damage":0,"enemies":"3 Shapes","floor":38,"turns":3},{"damage":14,"enemies":"Maw","floor":39,"turns":7},{"damage":7,"enemies":"Reptomancer","floor":41,"turns":3},{"damage":8,"enemies":"4 Shapes","floor":42,"turns":6},{"damage":1,"enemies":"Mind Bloom Boss Battle","floor":47,"turns":3},{"damage":29,"enemies":"Spire Growth","floor":48,"turns":5},{"damage":11,"enemies":"Awakened One","floor":50,"turns":10}],"seed_played":"-3929430358764920709","potions_obtained":[{"floor":1,"key":"Fire Potion"},{"floor":5,"key":"PowerPotion"},{"floor":7,"key":"GamblersBrew"},{"floor":13,"key":"CultistPotion"},{"floor":18,"key":"Swift Potion"},{"floor":23,"key":"LiquidBronze"},{"floor":28,"key":"Fire Potion"},{"floor":38,"key":"Fire Potion"},{"floor":41,"key":"SkillPotion"},{"floor":48,"key":"LiquidBronze"}],"is_trial":false,"path_per_floor":["M","M","M","$","M","R","E","M","T","E","T","?","E","?","R","B",null,"M","?","?","$","?","E","M","R","T","R","M","E","R","E","R","B",null,"M","?","$","M","M","R","E","M","T","?","$","R","?","M","R","B",null],"character_chosen":"THE_SURVIVOR","items_purchased":["survmod:AcidTrap","survmod:GoForFace","Fruit Juice","survmod:RobFromTheRich","Sadistic Nature+1","War Paint","Torii"],"campfire_rested":2,"item_purchase_floors":[4,4,21,21,37,37,37],"current_hp_per_floor":[54,54,53,53,52,52,36,34,34,24,24,24,11,24,36,12,55,55,55,39,44,44,11,2,35,35,50,50,45,60,70,70,60,70,50,50,50,50,36,70,63,55,55,55,55,66,65,36,54,43],"gold":159,"neow_bonus":"TEN_PERCENT_HP_BONUS","is_daily":false,"chose_seed":false,"campfire_upgraded":7,"win_rate":0.0,"timestamp":1612313712,"path_taken":["M","M","?","$","M","R","E","M","T","E","?","?","E","?","R","BOSS","M","?","?","$","?","E","M","R","T","R","?","E","R","E","R","BOSS","M","?","$","?","M","R","E","?","T","?","$","R","?","M","R","BOSS"],"items_purchased_type":["Card","Card","Potion","Card","Card","Relic","Relic"],"build_version":"2020-12-22","purchased_purges":3,"victory":true,"max_hp_per_floor":[55,55,55,55,55,55,55,55,55,55,55,55,55,55,55,55,55,55,55,55,60,60,60,60,60,60,60,60,60,60,70,70,70,70,70,70,70,70,70,70,70,70,70,66,66,66,66,66,66,66],"card_choices":[{"not_picked":["survmod:WalledOffTraps","survmod:Adaptability"],"picked":"survmod:MarkedShot","floor":1},{"not_picked":["survmod:SimpleMutation","survmod:QuickDash"],"picked":"survmod:TwinShot","floor":2},{"not_picked":["survmod:HiddenTactic","survmod:AimForTheLiver"],"picked":"survmod:AcidArrow","floor":3},{"not_picked":["survmod:PinningSnipe","survmod:TwinShot"],"picked":"survmod:MarkTrap","floor":5},{"not_picked":["survmod:Marksmanship","survmod:SkillfulManeuver"],"picked":"survmod:FlashbangShot","floor":7},{"not_picked":["survmod:UnfortunateEscape","survmod:HiddenTactic"],"picked":"survmod:VersatileDefense","floor":8},{"not_picked":["survmod:PenetratingShot","survmod:ShrapnelTraps"],"picked":"survmod:QuickDash","floor":10},{"not_picked":["survmod:TwinShot","survmod:FocusedFire"],"picked":"survmod:MarkedShot","floor":13},{"not_picked":["survmod:EmptyQuiver","survmod:PerfectPosition"],"picked":"survmod:ConcussiveShot","floor":16},{"not_picked":["survmod:PinningSnipe","survmod:UnfortunateEscape"],"picked":"survmod:Marksmanship+1","floor":18},{"not_picked":["survmod:GoForFace+1","survmod:Adaptability+1"],"picked":"survmod:FlashbangShot+1","floor":23},{"not_picked":["survmod:MarkedShot+1","survmod:GoForFace+1","survmod:SwiftKick+1"],"picked":"SKIP","floor":24},{"not_picked":["survmod:PenetratingShot+1","survmod:QuickDash+1"],"picked":"survmod:FlashbangTrap+1","floor":28},{"not_picked":["survmod:UnleashTheTraps","survmod:MarkedShot+1"],"picked":"survmod:DuckAndFlare","floor":29},{"not_picked":["survmod:AcidTrap+1","survmod:DesperateAmbush+1","survmod:QuickDash+1"],"picked":"SKIP","floor":31},{"not_picked":["survmod:Exploit+1","survmod:ConcussiveShot+1"],"picked":"survmod:VersatilePower+1","floor":33},{"not_picked":["survmod:MarkTrap","survmod:SurpriseTrap+1"],"picked":"survmod:SimpleMutation+1","floor":35},{"not_picked":["survmod:QuickDash+1","survmod:FocusedFire+1"],"picked":"survmod:NockAnArrow+1","floor":38},{"not_picked":["survmod:UnfortunateEscape+1","survmod:QuickDash","survmod:FenceTrap+1"],"picked":"SKIP","floor":39},{"not_picked":["survmod:TwinShot+1","survmod:TacticalManeuver+1"],"picked":"survmod:SurpriseTrap+1","floor":41},{"not_picked":["survmod:SimpleMutation+1","survmod:FindCover","survmod:PenetratingShot+1"],"picked":"SKIP","floor":42},{"not_picked":["survmod:SwiftKick+1","survmod:SurpriseTrap"],"picked":"survmod:Hawkeye+1","floor":47},{"not_picked":["survmod:NeedleShot+1","survmod:AcidArrow"],"picked":"survmod:DuckAndFlare","floor":48}],"player_experience":2192089,"relics_obtained":[{"floor":7,"key":"Ornamental Fan"},{"floor":9,"key":"Bottled Tornado"},{"floor":10,"key":"Eternal Feather"},{"floor":11,"key":"Potion Belt"},{"floor":13,"key":"Frozen Egg 2"},{"floor":20,"key":"Enchiridion"},{"floor":23,"key":"Lantern"},{"floor":29,"key":"Old Coin"},{"floor":31,"key":"Pear"},{"floor":41,"key":"Blue Candle"},{"floor":43,"key":"Dream Catcher"},{"floor":47,"key":"Unceasing Top"}],"event_choices":[{"damage_healed":0,"gold_gain":0,"player_choice":"Ignored","damage_taken":0,"max_hp_gain":0,"max_hp_loss":0,"event_name":"Shining Light","floor":12,"gold_loss":0},{"damage_healed":13,"gold_gain":0,"player_choice":"Healed and dodged fight","damage_taken":0,"max_hp_gain":0,"max_hp_loss":0,"event_name":"Mushrooms","floor":14,"gold_loss":0,"cards_obtained":["Parasite"]},{"damage_healed":0,"gold_gain":0,"player_choice":"Obtained Relic","damage_taken":0,"relics_obtained":["Ancient Tea Set"],"max_hp_gain":0,"max_hp_loss":0,"event_name":"Addict","floor":19,"gold_loss":85},{"damage_healed":0,"gold_gain":0,"player_choice":"Obtained Book","damage_taken":16,"max_hp_gain":0,"max_hp_loss":0,"event_name":"Cursed Tome","floor":20,"gold_loss":0},{"damage_healed":0,"gold_gain":0,"player_choice":"Opened","damage_taken":0,"relics_obtained":["Molten Egg 2"],"max_hp_gain":0,"max_hp_loss":0,"event_name":"The Mausoleum","floor":22,"gold_loss":0,"cards_obtained":["Writhe"]},{"damage_healed":0,"gold_gain":0,"player_choice":"Rummage","damage_taken":0,"relics_obtained":["WarpedTongs"],"max_hp_gain":0,"max_hp_loss":0,"event_name":"Accursed Blacksmith","floor":36,"gold_loss":0,"cards_obtained":["Pain"]},{"damage_healed":0,"gold_gain":0,"player_choice":"Max HP","damage_taken":0,"max_hp_gain":0,"max_hp_loss":4,"event_name":"Winding Halls","floor":44,"gold_loss":0},{"damage_healed":0,"gold_gain":0,"player_choice":"Fight","damage_taken":0,"max_hp_gain":0,"max_hp_loss":0,"event_name":"MindBloom","floor":47,"gold_loss":0}],"is_beta":false,"boss_relics":[{"not_picked":["Black Star","Calling Bell"],"picked":"Snecko Eye"},{"not_picked":["SacredBark","Coffee Dripper"],"picked":"SlaversCollar"}],"items_purged_floors":[21,37,45],"is_endless":false,"potions_floor_spawned":[1,5,7,13,18,23,28,38,41,48],"ascension_level":1}}