{"host":"3498uni0c31c9bdm","time":1612373357,"event":{"mods":["BaseMod","Better Third Choice","Minty Spire (QoL Compilation)","Replay The Spire","StSLib"],"gold_per_floor":[109,109,123,123,137,137,137,166,166,193,1,1,1,0,0,0,0],"floor_reached":16,"language":"ENG","playtime":477,"items_purged":[],"score":180,"play_id":"d893985e-6650-4e02-ab46-f62fbe4421f5","local_time":"20210204042917","is_ascension_mode":true,"campfire_choices":[{"floor":6,"key":"RECALL"},{"floor":12,"key":"REST"},{"data":"ForeignInfluence","floor":13,"key":"SMITH"},{"floor":15,"key":"REST"}],"circlet_count":0,"master_deck":["AscendersBane","Strike_P","Strike_P","Strike_P","Strike_P","Defend_P","Defend_P","Defend_P","Defend_P+1","Eruption","Vigilance","ClearTheMind","Protect","ForeignInfluence+1","Regret","Wish","CarveReality"],"relics":["PureWater","Smiling Mask","StrikeDummy","Happy Flower","The Courier","WingedGreaves","Eternal Feather","betterThird:SlimedRelic"],"acts_visited":["Exordium"],"potions_floor_usage":[8,8,10,16],"damage_taken":[{"damage":0,"enemies":"Small Slimes","floor":1,"turns":3},{"damage":1,"enemies":"Cultist","floor":3,"turns":4},{"damage":4,"enemies":"2 Louse","floor":5,"turns":2},{"damage":11,"enemies":"3 Sentries","floor":8,"turns":8},{"damage":43,"enemies":"Lagavulin","floor":10,"turns":11},{"damage":74,"enemies":"Fading Forest","floor":16,"turns":8}],"seed_played":"2018117304703014995","potions_obtained":[{"floor":2,"key":"Swift Potion"},{"floor":2,"key":"LifebloodPotion"},{"floor":8,"key":"Ancient Potion"},{"floor":10,"key":"DuplicationPotion"}],"is_trial":false,"path_per_floor":["M","?","M","?","M","R","?","E","T","E","$","R","R","?","R","B"],"character_chosen":"WATCHER","items_purchased":["Eternal Feather"],"campfire_rested":2,"item_purchase_floors":[11],"current_hp_per_floor":[61,61,60,60,56,56,56,45,45,2,2,31,40,29,58,0,0],"gold":0,"neow_bonus":"RANDOM_COMMON_RELIC","is_daily":false,"chose_seed":false,"campfire_upgraded":1,"win_rate":0.0,"timestamp":1612373357,"path_taken":["M","?","?","?","M","R","?","E","T","E","$","R","R","?","R","BOSS"],"items_purchased_type":["Relic"],"build_version":"2020-12-22","purchased_purges":0,"victory":false,"max_hp_per_floor":[68,68,68,68,68,68,68,68,68,68,68,68,68,68,68,68,68],"card_choices":[{"not_picked":["Halt","ThirdEye"],"picked":"ClearTheMind","floor":1},{"not_picked":["Crescendo","JustLucky"],"picked":"Protect","floor":3},{"not_picked":["Indignation","Swivel"],"picked":"ForeignInfluence","floor":5},{"not_picked":["Replay:AtTheReady","Swivel"],"picked":"Wish","floor":8},{"not_picked":["Adaptation","Protect"],"picked":"CarveReality","floor":10}],"player_experience":823405,"relics_obtained":[{"floor":8,"key":"Happy Flower"},{"floor":9,"key":"The Courier"},{"floor":10,"key":"WingedGreaves"}],"event_choices":[{"damage_healed":0,"gold_gain":0,"player_choice":"Got Potions","damage_taken":0,"max_hp_gain":0,"max_hp_loss":0,"event_name":"Lab","floor":2,"gold_loss":0},{"damage_healed":0,"gold_gain":0,"player_choice":"Box","damage_taken":0,"relics_obtained":["StrikeDummy"],"max_hp_gain":0,"max_hp_loss":0,"event_name":"Big Fish","floor":7,"gold_loss":0,"cards_obtained":["Regret"]},{"damage_healed":0,"gold_gain":0,"player_choice":"Slimed","damage_taken":11,"max_hp_gain":0,"max_hp_loss":0,"event_name":"betterThird:BetterGoop","floor":14,"gold_loss":1}],"is_beta":false,"boss_relics":[],"items_purged_floors":[],"is_endless":false,"potions_floor_spawned":[8,10],"killed_by":"Fading Forest","ascension_level":14}}