{"host":"ws4mzzemcqsz5e2k","time":1612352147,"event":{"mods":["Act Like it!","BaseMod","Colored Powertips","Minty Spire (QoL Compilation)","Quick Restart","Relic Filter Mod","StSLib","TestMod","【功能Mod】精心准备"],"gold_per_floor":[109,109,121,121,138,138,151,151,175,204,218,248,263,56,56,128,128,140,55,72,72,85,118,118,68,114,114,114],"floor_reached":27,"language":"ZHS","playtime":7109,"items_purged":["FollowUp","FollowUp"],"score":686,"play_id":"b4c11db4-d059-48f1-a38c-aafcbbd5dee2","local_time":"20210203193547","daily_mods":["SealedDeck","Diverse","Colorless Cards","Heirloom","Uncertain Future"],"is_ascension_mode":true,"campfire_choices":[{"data":"Heatsinks","floor":6.0,"key":"SMITH"},{"data":"Inflame","floor":8.0,"key":"SMITH"},{"data":"Inflame","floor":15.0,"key":"SMITH"},{"floor":24,"key":"REST"}],"circlet_count":0,"master_deck":["AscendersBane","Shrug It Off","Seeing Red","Compile Driver","Heatsinks+1","Ball Lightning","Inflame+1","Inflame+1","Coolheaded","Pommel Strike","Limit Break","Finesse+1","Coolheaded"],"relics":["FrozenCore","testmod-TestBox","Peace Pipe","DataDisk","Blood Vial","Smiling Mask","testmod-IndustrialRevolution","Bronze Scales","Enchiridion","Bag of Preparation","Lantern"],"acts_visited":["TheCity"],"potions_floor_usage":[23],"damage_taken":[{"damage":6.0,"enemies":"2 Louse","floor":1.0,"turns":3.0},{"damage":0.0,"enemies":"Cultist","floor":3.0,"turns":2.0},{"damage":12.0,"enemies":"Jaw Worm","floor":5.0,"turns":2.0},{"damage":1.0,"enemies":"2 Fungi Beasts","floor":7.0,"turns":3.0},{"damage":7.0,"enemies":"3 Sentries","floor":10.0,"turns":4.0},{"damage":12.0,"enemies":"Exordium Wildlife","floor":11.0,"turns":2.0},{"damage":8.0,"enemies":"Gremlin Nob","floor":12.0,"turns":3.0},{"damage":8.0,"enemies":"Blue Slaver","floor":13.0,"turns":2.0},{"damage":32.0,"enemies":"The Guardian","floor":16.0,"turns":6.0},{"damage":0.0,"enemies":"Spheric Guardian","floor":18.0,"turns":3.0},{"damage":1.0,"enemies":"3 Byrds","floor":20.0,"turns":3.0},{"damage":29,"enemies":"Snake Plant","floor":22,"turns":3},{"damage":9,"enemies":"Book of Stabbing","floor":23,"turns":3},{"damage":37,"enemies":"Slavers","floor":27,"turns":2}],"seed_played":"-6936618061448658217","potions_obtained":[{"floor":3.0,"key":"BlessingOfTheForge"},{"floor":7.0,"key":"PowerPotion"},{"floor":18.0,"key":"SneckoOil"}],"is_trial":true,"path_per_floor":["M","?","M","$","M","R","M","R","T","E","M","E","M","$","R","B",null,"M","?","M","?","M","E","R","$","T","E"],"character_chosen":"DEFECT","items_purchased":["testmod-IndustrialRevolution"],"campfire_rested":1,"item_purchase_floors":[14],"current_hp_per_floor":[58,81,81,81,69,69,68,68,68,61,51,45,39,39,39,9,63,65,65,66,45,18,11,35,35,35,0,0],"gold":114,"neow_bonus":"","is_daily":false,"chose_seed":false,"campfire_upgraded":3,"win_rate":0.0,"timestamp":1612352147,"path_taken":["M","?","M","$","M","R","M","R","T","E","?","E","M","?","R","BOSS","M","?","M","?","M","E","R","$","T","E"],"items_purchased_type":["Relic"],"build_version":"2020-12-22","purchased_purges":2,"victory":false,"max_hp_per_floor":[71,81,81,81,81,81,81,81,81,81,81,81,81,81,81,81,81,81,81,81,81,81,81,81,81,81,81,81],"card_choices":[{"not_picked":["Sentinel","Cold Snap"],"picked":"Pommel Strike","floor":1.0},{"not_picked":["testmod-PainDetonator","Collect","Indignation"],"picked":"SKIP","floor":3.0},{"not_picked":["Deflect","testmod-ConditionedReflex","CutThroughFate"],"picked":"SKIP","floor":5.0},{"not_picked":["Prostrate","FlurryOfBlows","Turbo"],"picked":"SKIP","floor":7.0},{"not_picked":["WindmillStrike","Turbo","Jack Of All Trades"],"picked":"SKIP","floor":10.0},{"not_picked":["Gash","Halt","Quick Slash"],"picked":"SKIP","floor":11.0},{"not_picked":["Havoc","Conserve Battery","Feel No Pain"],"picked":"SKIP","floor":12.0},{"not_picked":["Flying Knee","Outmaneuver","Footwork"],"picked":"SKIP","floor":13.0},{"not_picked":["Storm of Steel","Reboot"],"picked":"Limit Break","floor":16.0},{"not_picked":["Halt","Poisoned Stab"],"picked":"Finesse+1","floor":18.0},{"not_picked":["Acrobatics","FollowUp"],"picked":"Coolheaded","floor":20.0},{"not_picked":["Deadly Poison","Masterful Stab","Thunderclap+1"],"picked":"SKIP","floor":22},{"not_picked":["testmod-Librarian","Leap+1","All For One"],"picked":"SKIP","floor":23}],"player_experience":1513444,"relics_obtained":[{"floor":9.0,"key":"DataDisk"},{"floor":10.0,"key":"Blood Vial"},{"floor":12.0,"key":"Smiling Mask"},{"floor":21.0,"key":"Enchiridion"},{"floor":23,"key":"Bag of Preparation"},{"floor":26,"key":"Lantern"}],"event_choices":[{"cards_removed":["testmod-Recap"],"damage_healed":13.0,"max_hp_gain":10.0,"max_hp_loss":0.0,"gold_gain":0.0,"event_name":"Bonfire Elementals","player_choice":"Offered Rare","floor":2.0,"gold_loss":0.0,"damage_taken":0.0},{"damage_healed":0.0,"max_hp_gain":0.0,"max_hp_loss":0.0,"gold_gain":0.0,"event_name":"Addict","player_choice":"Obtained Relic","floor":19.0,"gold_loss":85.0,"damage_taken":0.0,"relics_obtained":["Bronze Scales"]},{"damage_healed":0.0,"max_hp_gain":0.0,"max_hp_loss":0.0,"gold_gain":0.0,"event_name":"Cursed Tome","player_choice":"Obtained Book","floor":21.0,"gold_loss":0.0,"damage_taken":21.0}],"is_beta":false,"boss_relics":[{"not_picked":["Fusion Hammer","testmod-BatchProcessingSystem"],"picked":"FrozenCore"}],"items_purged_floors":[14,25],"is_endless":true,"potions_floor_spawned":[3,7,10,18],"killed_by":"Slavers","ascension_level":20}}