{"host":"8srk5r1dwtmjotwd","time":1612320017,"event":{"mods":["AchievementEnabler","Act Like it!","BaseMod","Beaked The Cultist","Bestiary","Better Note","Better Third Choice","Colored Map","Colored Powertips","Friendly Minions","GifTheSpireLib","Halation","Hallownest","Hermit","Hubris","Infinite Spire","Mimic Mod","Minty Spire (QoL Compilation)","Morshu Shopkeeper - ENHANCED","Quick Restart","Rare Cards Sparkle","Reliquary","Replay The Spire","Shop Mod","StSLib","SuperFastMode","Synergy Search","The Bug Knight","The Construct","The Cursed","Thieving Mod","Yohane!","everything is the same but u backflip on backflip","slay the spire mod where everything is the same but ironclad has a cowboy hat"],"gold_per_floor":[112,112,112,126,144,144,157,169,202,213,213,224,236,16,16,114,114,125,139,159,179,179,179,179,194,194,194,194,194,194,194,210,210,322,322,362,362,556,556,556,606,672,699,699,774,774,774,774,785],"floor_reached":53,"language":"ENG","playtime":2758,"items_purged":[],"score":927,"play_id":"166c09b2-46ad-41dd-855b-af646a48ed54","local_time":"20210202214017","is_ascension_mode":false,"campfire_choices":[{"data":"Flex","floor":6.0,"key":"SMITH"},{"floor":11.0,"key":"REST"},{"data":"hubris:Fate","floor":23,"key":"SMITH"},{"floor":32,"key":"REST"},{"data":"ReplayTheSpireMod:??????????????????????","floor":34,"key":"SMITH"},{"data":"ReplayTheSpireMod:LeadingStrike","floor":42,"key":"SMITH"},{"floor":46,"key":"REST"},{"floor":48,"key":"REST"},{"floor":51,"key":"REST"}],"circlet_count":0,"master_deck":["Strike_R","Strike_R","Strike_R","Strike_R","Strike_R","Defend_R","Defend_R","Defend_R+1","Bash","Flex+1","Rampage","Perfected Strike","Anger","Pummel","Offering","Flex","Heavy Blade","Brutality","Infernal Blade","Spot Weakness","hubris:Fate+1","Double Tap","Seeing Red","Replay:Undeath\u0027s Touch","ReplayTheSpireMod:LeadingStrike+1","Inflame+1","hubris:ReadiedAction+1","ReplayTheSpireMod:??????????????????????+1","Languid","Thunderclap","Demonic Infusion","infinitespire:OneForAll+1","Writhe","Inflame+1","Fiend Fire"],"relics":["Black Blood","reliquary:PorcupineQuills","Nloth\u0027s Gift","hubris:Teleporter","reliquary:TatteredRug","Ring of Peace","ReplayTheSpireMod:Ring of Challenge","infinitespire:EvilPickle","Black Star","halation:PinkSoulGem","infinitespire:Lychee Nut","hubris:BottledRain","halation:PromiseList","halation:IllGainedPizza","Bottled Lightning"],"acts_visited":["Exordium","TheCity","TheBeyond"],"potions_floor_usage":[16,16,19,35,35,47,52,52],"damage_taken":[{"damage":1.0,"enemies":"Jaw Worm","floor":1.0,"turns":3.0},{"damage":6.0,"enemies":"Cultist","floor":4.0,"turns":3.0},{"damage":3.0,"enemies":"Small Slimes","floor":5.0,"turns":3.0},{"damage":10.0,"enemies":"Gremlin Gang","floor":7.0,"turns":3.0},{"damage":16.0,"enemies":"Red Slaver","floor":8.0,"turns":3.0},{"damage":13.0,"enemies":"Large Slime","floor":9.0,"turns":5.0},{"damage":6.0,"enemies":"Large Slime","floor":10.0,"turns":2.0},{"damage":7.0,"enemies":"Blue Slaver","floor":12.0,"turns":2.0},{"damage":6.0,"enemies":"Looter","floor":13.0,"turns":1.0},{"damage":53,"enemies":"Fading Forest","floor":16,"turns":11},{"damage":16,"enemies":"2 Thieves","floor":18,"turns":2},{"damage":25,"enemies":"Shell Parasite","floor":19,"turns":3},{"damage":36,"enemies":"Snake Plant","floor":20,"turns":4},{"damage":13,"enemies":"3 Cultists","floor":21,"turns":4},{"damage":29,"enemies":"Cultist and Chosen","floor":25,"turns":4},{"damage":0,"enemies":"Centurion and Healer","floor":33,"turns":1},{"damage":55,"enemies":"Pondfish","floor":35,"turns":5},{"damage":12,"enemies":"Orb Walker","floor":37,"turns":3},{"damage":47,"enemies":"Mind Bloom Boss Battle","floor":43,"turns":5},{"damage":44,"enemies":"Nemesis","floor":44,"turns":7},{"damage":44,"enemies":"3 Shapes","floor":47,"turns":4},{"damage":62,"enemies":"Time Eater","floor":52,"turns":5}],"seed_played":"8768071074834627250","potions_obtained":[{"floor":1.0,"key":"ColorlessPotion"},{"floor":5.0,"key":"Weak Potion"},{"floor":12.0,"key":"Elixir"},{"floor":13.0,"key":"BloodPotion"},{"floor":18,"key":"Explosive Potion"},{"floor":25,"key":"DuplicationPotion"},{"floor":33,"key":"FearPotion"},{"floor":35,"key":"Milkshake"},{"floor":44,"key":"Adrenaline Potion"},{"floor":47,"key":"Weak Potion"}],"is_trial":false,"path_per_floor":["M","?","?","M","M","R","M","M","MIM","M","R","M","M","$","R_BF","B",null,"M","M","M","M","?","R","?","M","T","PTL","PTL","AVR","?","R","M","R","B",null,"M","?","?","?","R","?","E","T","R","M","R","T","R","B",null],"character_chosen":"IRONCLAD","items_purchased":["FairyPotion","Spot Weakness","SkillPotion"],"campfire_rested":5,"item_purchase_floors":[14,14,14],"current_hp_per_floor":[80,80,80,80,80,80,76,66,59,59,80,79,79,79,59,38,80,76,63,39,53,53,53,53,36,36,36,36,36,36,60,72,72,29,80,80,80,80,80,80,45,24,24,42,16,34,34,52,30],"gold":785,"neow_bonus":"RANDOM_COMMON_RELIC","is_daily":false,"chose_seed":false,"campfire_upgraded":4,"win_rate":0.0,"timestamp":1612320017,"path_taken":["M","?","?","?","M","R","M","M","MIM","M","R","?","M","?","R_BF","BOSS","M","?","?","M","?","R","?","?","T","PTL","PTL","AVR","?","R","M","R","BOSS","M","?","?","?","R","?","E","T","R","M","R","?","R","BOSS"],"items_purchased_type":["Potion","Card","Potion"],"build_version":"2020-12-22","purchased_purges":0,"victory":true,"max_hp_per_floor":[80,80,80,80,80,80,80,80,80,80,80,80,80,80,80,80,80,80,80,80,80,80,80,80,80,80,80,80,80,80,80,80,80,80,80,80,80,80,80,80,60,60,60,60,60,60,60,60,60],"card_choices":[{"not_picked":["Sever Soul","Feel No Pain"],"picked":"Flex","floor":1.0},{"not_picked":["Hemokinesis","Reckless Charge"],"picked":"Perfected Strike","floor":4.0},{"not_picked":["Clash","Abandon"],"picked":"Anger","floor":5.0},{"not_picked":["Cleave","Uppercut"],"picked":"Pummel","floor":7.0},{"not_picked":["Headbutt","Sword Boomerang"],"picked":"Offering","floor":8.0},{"not_picked":["Pommel Strike","Armaments"],"picked":"Flex","floor":9.0},{"not_picked":["Uppercut","Sever Soul"],"picked":"Heavy Blade","floor":10.0},{"not_picked":["Entrench","Intimidate"],"picked":"Brutality","floor":12.0},{"not_picked":["Pommel Strike","Wild Strike"],"picked":"Infernal Blade","floor":13.0},{"not_picked":["infinitespire:Execution","infinitespire:DeathsTouch"],"picked":"hubris:Fate","floor":15.0},{"not_picked":["Reaper","Barricade"],"picked":"Double Tap","floor":16},{"not_picked":["Feel No Pain","Heavy Blade+1"],"picked":"Seeing Red","floor":18},{"not_picked":["Hemokinesis","Uppercut"],"picked":"Replay:Undeath\u0027s Touch","floor":19},{"not_picked":["Entrench","Run Through","Shockwave"],"picked":"SKIP","floor":20},{"not_picked":["Abandon","Metallicize"],"picked":"ReplayTheSpireMod:LeadingStrike","floor":21},{"not_picked":["Headbutt","Uppercut"],"picked":"hubris:ReadiedAction+1","floor":25},{"not_picked":["Clothesline","hubris:SharpeningStone"],"picked":"Thunderclap","floor":33},{"not_picked":["Double Tap","Corruption"],"picked":"Demonic Infusion","floor":35},{"not_picked":["Run Through+1","Ghostly Armor"],"picked":"infinitespire:OneForAll+1","floor":37},{"not_picked":["Thunderclap+1","Body Slam+1"],"picked":"Inflame+1","floor":43},{"not_picked":["Uppercut","Wild Strike+1"],"picked":"Fiend Fire","floor":44},{"not_picked":["Exhume","Sever Soul","Clash"],"picked":"SKIP","floor":47}],"player_experience":93888,"relics_obtained":[{"floor":9.0,"key":"reliquary:PorcupineQuills"},{"floor":26,"key":"hubris:Teleporter"},{"floor":31,"key":"Ring of Peace"},{"floor":31,"key":"ReplayTheSpireMod:Ring of Challenge"},{"floor":43,"key":"infinitespire:Lychee Nut"},{"floor":44,"key":"hubris:BottledRain"},{"floor":44,"key":"halation:PromiseList"},{"floor":45,"key":"halation:IllGainedPizza"},{"floor":49,"key":"Bottled Lightning"}],"event_choices":[{"damage_healed":0.0,"max_hp_gain":0.0,"max_hp_loss":0.0,"gold_gain":0.0,"cards_transformed":["Defend_R"],"event_name":"Transmorgrifier","player_choice":"Transformed","floor":3.0,"gold_loss":0.0,"damage_taken":0.0,"cards_obtained":["Rampage"]},{"damage_healed":0,"gold_gain":0,"player_choice":"Traded Relic","damage_taken":0,"relics_obtained":["Nloth\u0027s Gift"],"max_hp_gain":0,"max_hp_loss":0,"event_name":"N\u0027loth","floor":22,"relics_lost":["Smiling Mask"],"gold_loss":0},{"cards_removed":["hubris:Fate"],"damage_healed":0,"gold_gain":0,"player_choice":"Take \u0026 Give","damage_taken":0,"max_hp_gain":0,"max_hp_loss":0,"event_name":"betterNote:BetterNote","floor":24,"gold_loss":0,"cards_obtained":["Inflame"]},{"damage_healed":20,"gold_gain":0,"player_choice":"Writhe","damage_taken":0,"max_hp_gain":0,"max_hp_loss":0,"event_name":"Winding Halls","floor":38,"gold_loss":0,"cards_obtained":["Writhe"]},{"damage_healed":0,"gold_gain":0,"player_choice":"Fight","damage_taken":0,"max_hp_gain":0,"max_hp_loss":0,"event_name":"MindBloom","floor":43,"gold_loss":0}],"is_beta":false,"boss_relics":[{"not_picked":["Snecko Eye","Replay:Bronze Core"],"picked":"Black Blood"},{"not_picked":["hubris:HollowSoul","ReplayTheSpireMod:DimensionalGlitch"],"picked":"Black Star"}],"items_purged_floors":[],"is_endless":false,"potions_floor_spawned":[1,5,12,13,18,25,33,35,44,47],"ascension_level":0}}