{"host":"v5otul0upkhuva9d","time":1612325646,"event":{"mods":["Aspiration","BaseMod","Friendly Minions","Highlight Path","Marisa£¨ìFÓê¡¡Ä§ÀíÉ³£©","Minty Spire (QoL Compilation)","Replay The Spire","Shop Mod","StSLib","Td1madao Mod","The Servant 0.9.4","óô»ðÖ¸ÄÏ"],"gold_per_floor":[116,116,129,145,145,157,232,248,300,300,300],"floor_reached":10,"language":"ZHS","playtime":220,"items_purged":[],"score":75,"play_id":"eb930bd8-bde5-49a9-b13e-140832486298","local_time":"20210203121406","is_ascension_mode":true,"campfire_choices":[],"circlet_count":0,"master_deck":["Strike_S","Strike_S","Strike_S","Strike_S","Defend_S","Defend_S","Defend_S","Defend_S","KidneyShot","Exchange","Rearm"],"relics":["Uniform","NeowsBlessing"],"acts_visited":["Exordium"],"potions_floor_usage":[8],"damage_taken":[{"damage":0,"enemies":"2 Louse","floor":1,"turns":1},{"damage":0,"enemies":"Cultist","floor":3,"turns":1},{"damage":0,"enemies":"Small Slimes","floor":4,"turns":1},{"damage":20,"enemies":"Looter","floor":6,"turns":4},{"damage":43,"enemies":"Gremlin Gang","floor":8,"turns":5},{"damage":35,"enemies":"Lagavulin","floor":10,"turns":3}],"seed_played":"-7926130975899134771","potions_obtained":[{"floor":2,"key":"PowerPotion"},{"floor":2,"key":"FairyPotion"},{"floor":2,"key":"FairyPotion"}],"is_trial":false,"path_per_floor":["M","?","M","M","$","M","?","M","T","E"],"character_chosen":"THE_SERVANT","items_purchased":[],"campfire_rested":0,"item_purchase_floors":[],"current_hp_per_floor":[65,65,65,65,65,45,34,13,13,0,0],"gold":300,"neow_bonus":"THREE_ENEMY_KILL","is_daily":false,"chose_seed":false,"campfire_upgraded":0,"win_rate":0.0,"timestamp":1612325646,"path_taken":["M","?","?","?","$","M","?","M","T","E"],"items_purchased_type":[],"build_version":"2020-12-22","purchased_purges":0,"victory":false,"max_hp_per_floor":[65,65,65,65,65,65,65,65,65,65,65],"card_choices":[{"not_picked":["Rewind","DoubleEdge","Sabotage"],"picked":"SKIP","floor":1},{"not_picked":["Replace","Comet","Potential"],"picked":"SKIP","floor":3},{"not_picked":["Moondial","TimeWarp","Misdirection"],"picked":"SKIP","floor":4},{"not_picked":["Defy","MoonPhase"],"picked":"Rearm","floor":6},{"not_picked":["FastForward","Rewind","Alleviate"],"picked":"SKIP","floor":8}],"player_experience":151216,"relics_obtained":[],"event_choices":[{"damage_healed":0,"gold_gain":0,"player_choice":"Got Potions","damage_taken":0,"max_hp_gain":0,"max_hp_loss":0,"event_name":"Lab","floor":2,"gold_loss":0},{"damage_healed":0,"gold_gain":75,"player_choice":"Gather Gold","damage_taken":11,"max_hp_gain":0,"max_hp_loss":0,"event_name":"World of Goop","floor":7,"gold_loss":0}],"is_beta":false,"boss_relics":[],"items_purged_floors":[],"is_endless":false,"potions_floor_spawned":[3,6],"killed_by":"Lagavulin","ascension_level":5}}