{"host":"7qoz5gmva6til3yp","time":1612369593,"event":{"mods":["AchievementEnabler","BaseMod","Minty Spire (QoL Compilation)","StSLib","SuperFastMode"],"gold_per_floor":[119,133,147,147,157,157,191,191,191,171,190,63,93,52,52,126,126,146,32,42,55,72,72,72,72],"floor_reached":24,"language":"KOR","playtime":751,"items_purged":["Defend_R"],"score":416,"play_id":"33221b3d-a9e2-4c65-92f9-3884923c7bb6","local_time":"20210204012633","is_ascension_mode":true,"campfire_choices":[{"floor":6.0,"key":"REST"},{"data":"Battle Trance","floor":15.0,"key":"SMITH"},{"data":"Dark Embrace","floor":23,"key":"SMITH"}],"circlet_count":0,"master_deck":["AscendersBane","Strike_R","Strike_R","Strike_R","Defend_R","Defend_R","Bash","Brutality","Wild Strike","Feel No Pain","Pommel Strike","Uppercut","Demon Form","Burning Pact","Power Through","Second Wind","Battle Trance+1","Juggernaut","Combust+1","Rage+1","Rupture+1","Shrug It Off","Dark Embrace+1","Body Slam+1"],"relics":["Burning Blood","Molten Egg 2","MealTicket","Astrolabe"],"acts_visited":["Exordium","TheCity"],"potions_floor_usage":[],"damage_taken":[{"damage":18.0,"enemies":"Cultist","floor":1.0,"turns":5.0},{"damage":14.0,"enemies":"Small Slimes","floor":2.0,"turns":5.0},{"damage":9.0,"enemies":"Jaw Worm","floor":3.0,"turns":5.0},{"damage":17.0,"enemies":"Blue Slaver","floor":5.0,"turns":5.0},{"damage":31.0,"enemies":"Gremlin Nob","floor":7.0,"turns":4.0},{"damage":0.0,"enemies":"2 Fungi Beasts","floor":11.0,"turns":2.0},{"damage":53.0,"enemies":"Lagavulin","floor":13.0,"turns":8.0},{"damage":128.0,"enemies":"Slime Boss","floor":16.0,"turns":13.0},{"damage":55.0,"enemies":"Spheric Guardian","floor":18.0,"turns":6.0},{"damage":51.0,"enemies":"Shell Parasite","floor":20.0,"turns":7.0},{"damage":32,"enemies":"Snecko","floor":21,"turns":6},{"damage":72,"enemies":"3 Cultists","floor":22,"turns":6},{"damage":61,"enemies":"Shelled Parasite and Fungi","floor":24,"turns":3}],"seed_played":"-8449641721455202463","potions_obtained":[{"floor":1.0,"key":"ColorlessPotion"},{"floor":2.0,"key":"Explosive Potion"},{"floor":5.0,"key":"DistilledChaos"},{"floor":20,"key":"Block Potion"},{"floor":21,"key":"Block Potion"}],"is_trial":false,"path_per_floor":["M","M","M","?","M","R","E","?","T","?","M","$","E","$","R","B",null,"M","$","M","M","M","R","M"],"character_chosen":"IRONCLAD","items_purchased":["Power Through","Second Wind","Battle Trance","Dark Embrace"],"campfire_rested":1,"item_purchase_floors":[12,12,14,19],"current_hp_per_floor":[56,48,45,45,34,56,31,31,31,31,37,37,58,73,73,21,62,13,28,30,67,59,59,0,0],"gold":72,"neow_bonus":"ONE_RANDOM_RARE_CARD","is_daily":false,"chose_seed":false,"campfire_upgraded":2,"win_rate":0.0,"timestamp":1612369593,"path_taken":["M","?","M","?","?","R","E","?","T","?","M","$","E","$","R","BOSS","M","$","M","M","M","R","M"],"items_purchased_type":["Card","Card","Card","Card"],"build_version":"2020-12-22","purchased_purges":1,"victory":false,"max_hp_per_floor":[75,75,75,75,75,75,75,75,75,75,75,75,75,75,75,75,75,75,75,75,75,75,75,75,75],"card_choices":[{"not_picked":["Shockwave","Iron Wave"],"picked":"Wild Strike","floor":1.0},{"not_picked":["Havoc","Body Slam"],"picked":"Feel No Pain","floor":2.0},{"not_picked":["Havoc","Armaments"],"picked":"Pommel Strike","floor":3.0},{"not_picked":["Intimidate","Clothesline"],"picked":"Demon Form","floor":5.0},{"not_picked":["Thunderclap+1","Intimidate"],"picked":"Burning Pact","floor":7.0},{"not_picked":["Feel No Pain","Perfected Strike+1","Thunderclap+1"],"picked":"SKIP","floor":11.0},{"not_picked":["Clash+1","Iron Wave+1","Perfected Strike+1"],"picked":"SKIP","floor":13.0},{"not_picked":["Bludgeon+1","Fiend Fire+1"],"picked":"Juggernaut","floor":16.0},{"not_picked":["Warcry","Twin Strike+1"],"picked":"Shrug It Off","floor":18.0},{"not_picked":["Rage","Flex"],"picked":"Body Slam+1","floor":20},{"not_picked":["Flame Barrier+1","Intimidate","Searing Blow+1"],"picked":"SKIP","floor":21},{"not_picked":["Sword Boomerang+1","Twin Strike+1","Headbutt+1"],"picked":"SKIP","floor":22}],"player_experience":469602,"relics_obtained":[{"floor":7.0,"key":"Molten Egg 2"},{"floor":13.0,"key":"MealTicket"}],"event_choices":[{"damage_healed":0.0,"max_hp_gain":0.0,"max_hp_loss":0.0,"gold_gain":0.0,"event_name":"Match and Keep!","player_choice":"1 cards matched","floor":4.0,"gold_loss":0.0,"damage_taken":0.0,"cards_obtained":["Uppercut"]},{"damage_healed":0.0,"max_hp_gain":0.0,"max_hp_loss":0.0,"gold_gain":0.0,"event_name":"Liars Game","player_choice":"Ignored","floor":8.0,"gold_loss":0.0,"damage_taken":0.0},{"damage_healed":0.0,"max_hp_gain":0.0,"max_hp_loss":0.0,"gold_gain":0.0,"event_name":"The Woman in Blue","player_choice":"Bought 1 Potion","floor":10.0,"gold_loss":0.0,"damage_taken":0.0}],"is_beta":false,"boss_relics":[{"not_picked":["Philosopher\u0027s Stone","Sozu"],"picked":"Astrolabe"}],"items_purged_floors":[19],"is_endless":false,"potions_floor_spawned":[1,2,5,11,20,21],"killed_by":"Shelled Parasite and Fungi","ascension_level":20}}