{"host":"p0hktren06injwdf","time":1612374645,"event":{"mods":["AchievementEnabler","BaseMod","Colored Map","DeckTracker","Minty Spire (QoL Compilation)","Permanent Neow","StSLib","SuperFastMode"],"gold_per_floor":[114,132,132,145,161,196,196,228,228,258,258,291,291,301,301,380,380,397,413,338,338,338,365,365,398,398,428,442,459,477,222,222,301,301,318,343,262,278,298,298,324,111,136,136,163,163,197,197,197,197,197,197],"floor_reached":51,"language":"KOR","playtime":1999,"items_purged":["Strike_B","Strike_B","Defend_B"],"score":1602,"play_id":"0cf357f3-6b0d-4299-9b75-370a6194828b","local_time":"20210204025045","is_ascension_mode":true,"campfire_choices":[{"data":"Zap","floor":7.0,"key":"SMITH"},{"data":"Ball Lightning","floor":11,"key":"SMITH"},{"data":"Coolheaded","floor":15,"key":"SMITH"},{"floor":24,"key":"REST"},{"floor":32,"key":"REST"},{"data":"Blizzard","floor":40,"key":"SMITH"},{"data":"Creative AI","floor":44,"key":"SMITH"},{"floor":49,"key":"RECALL"}],"circlet_count":0,"master_deck":["AscendersBane","Strike_B+1","Defend_B","Defend_B+1","Zap+1","Dualcast","Ball Lightning+1","BootSequence","Cold Snap","Capacitor+1","Conserve Battery","Coolheaded+1","Coolheaded+1","Chill+1","Creative AI+1","Hologram+1","Ball Lightning","Seek+1","Blizzard+1","FTL","Echo Form","Coolheaded+1","Self Repair","Double Energy+1","Loop","Glacier+1","Force Field+1"],"relics":["Cracked Core","Thread and Needle","Toy Ornithopter","DataDisk","Toxic Egg 2","PreservedInsect","Runic Dome","Lantern","Prayer Wheel","Cables","Red Mask","Empty Cage","Peace Pipe","Pantograph","Anchor","Question Card"],"acts_visited":["Exordium","TheCity","TheBeyond"],"potions_floor_usage":[8,8,12,23,28,33,50,50],"damage_taken":[{"damage":6.0,"enemies":"2 Louse","floor":1.0,"turns":2.0},{"damage":1.0,"enemies":"Cultist","floor":2.0,"turns":3.0},{"damage":0.0,"enemies":"Jaw Worm","floor":4.0,"turns":2.0},{"damage":0.0,"enemies":"3 Louse","floor":5.0,"turns":3.0},{"damage":15.0,"enemies":"Lagavulin","floor":6.0,"turns":7.0},{"damage":0,"enemies":"3 Sentries","floor":8,"turns":4},{"damage":0,"enemies":"Lagavulin","floor":10,"turns":6},{"damage":1,"enemies":"Gremlin Nob","floor":12,"turns":3},{"damage":0,"enemies":"2 Fungi Beasts","floor":14,"turns":3},{"damage":5,"enemies":"The Guardian","floor":16,"turns":11},{"damage":0,"enemies":"Chosen","floor":18,"turns":6},{"damage":1,"enemies":"Spheric Guardian","floor":19,"turns":6},{"damage":20,"enemies":"Book of Stabbing","floor":23,"turns":6},{"damage":22,"enemies":"Slavers","floor":25,"turns":6},{"damage":10,"enemies":"Masked Bandits","floor":27,"turns":6},{"damage":2,"enemies":"Chosen and Byrds","floor":28,"turns":7},{"damage":0,"enemies":"Shelled Parasite and Fungi","floor":29,"turns":8},{"damage":0,"enemies":"3 Cultists","floor":30,"turns":3},{"damage":12,"enemies":"Champ","floor":33,"turns":14},{"damage":22,"enemies":"3 Darklings","floor":35,"turns":6},{"damage":0,"enemies":"Mind Bloom Boss Battle","floor":36,"turns":6},{"damage":0,"enemies":"Orb Walker","floor":38,"turns":5},{"damage":9,"enemies":"4 Shapes","floor":39,"turns":4},{"damage":13,"enemies":"Reptomancer","floor":41,"turns":6},{"damage":16,"enemies":"Giant Head","floor":45,"turns":7},{"damage":18,"enemies":"Reptomancer","floor":47,"turns":6},{"damage":24,"enemies":"Time Eater","floor":50,"turns":11},{"damage":82,"enemies":"Awakened One","floor":51,"turns":8}],"seed_played":"8640288257288187454","potions_obtained":[{"floor":4.0,"key":"EntropicBrew"},{"floor":10,"key":"SneckoOil"},{"floor":12,"key":"SpeedPotion"},{"floor":16,"key":"BlessingOfTheForge"},{"floor":19,"key":"Block Potion"},{"floor":27,"key":"ColorlessPotion"},{"floor":29,"key":"Swift Potion"},{"floor":36,"key":"FearPotion"},{"floor":38,"key":"Block Potion"}],"is_trial":false,"path_per_floor":["M","M","?","M","M","E","R","E","T","E","R","E","?","M","R","B",null,"M","M","$","?","?","E","R","E","T","?","M","M","M","$","R","B",null,"M","?","$","M","M","R","E","$","T","R","E","?","E","?","R","B","B"],"character_chosen":"DEFECT","items_purchased":["Regen Potion","FTL","Self Repair","Loop"],"campfire_rested":2,"item_purchase_floors":[31,31,37,42],"current_hp_per_floor":[58,57,36,36,36,21,21,21,21,21,21,25,25,25,25,20,58,58,57,57,57,37,22,44,22,22,12,15,15,15,15,37,45,68,46,46,46,53,44,44,38,38,38,38,36,36,32,32,32,57,0,0],"gold":197,"neow_bonus":"THREE_CARDS","is_daily":false,"chose_seed":false,"campfire_upgraded":5,"win_rate":0.0,"timestamp":1612374645,"path_taken":["M","M","?","M","M","E","R","E","T","E","R","E","?","?","R","BOSS","M","M","$","?","?","E","R","E","T","?","M","M","M","$","R","BOSS","M","?","$","M","M","R","E","$","T","R","E","?","E","?","R","BOSS","BOSS"],"items_purchased_type":["Potion","Card","Card","Card"],"build_version":"2020-12-22","purchased_purges":3,"victory":false,"max_hp_per_floor":[71,71,71,71,71,71,71,71,71,71,71,71,71,71,71,71,71,71,71,71,71,76,76,76,76,76,76,76,76,76,76,76,76,76,76,76,76,76,76,76,76,76,76,76,76,76,76,76,76,76,76,76],"card_choices":[{"not_picked":["Beam Cell","Static Discharge"],"picked":"Ball Lightning","floor":0.0},{"not_picked":["Compile Driver","Turbo"],"picked":"BootSequence","floor":1.0},{"not_picked":["Coolheaded","Streamline"],"picked":"Cold Snap","floor":2.0},{"not_picked":["Scrape","Steam"],"picked":"Capacitor","floor":4.0},{"not_picked":["Redo","Doom and Gloom","Rebound"],"picked":"SKIP","floor":5.0},{"not_picked":["Beam Cell","Fusion"],"picked":"Conserve Battery","floor":6.0},{"not_picked":["Machine Learning","Sweeping Beam"],"picked":"Coolheaded","floor":8},{"not_picked":["Rainbow+1","Gash"],"picked":"Coolheaded+1","floor":10},{"not_picked":["Sweeping Beam","Barrage","Leap+1"],"picked":"SKIP","floor":12},{"not_picked":["Coolheaded+1","Static Discharge"],"picked":"Chill+1","floor":14},{"not_picked":["Multi-Cast+1","Hyperbeam"],"picked":"Creative AI","floor":16},{"not_picked":["Gash","BootSequence+1","Conserve Battery+1"],"picked":"SKIP","floor":18},{"not_picked":["Fusion+1","Ball Lightning+1","Cold Snap"],"picked":"SKIP","floor":19},{"not_picked":["Rainbow+1","Barrage"],"picked":"Hologram+1","floor":23},{"not_picked":["Conserve Battery+1","Rebound","Thunder Strike"],"picked":"SKIP","floor":25},{"not_picked":["Rebound","Cold Snap"],"picked":"Ball Lightning","floor":28},{"not_picked":["Redo+1","Conserve Battery+1","Coolheaded+1"],"picked":"SKIP","floor":28},{"not_picked":["Sunder","Turbo+1"],"picked":"Seek+1","floor":29},{"not_picked":["Leap+1","Barrage","Steam+1"],"picked":"SKIP","floor":29},{"not_picked":["Streamline+1","Ball Lightning"],"picked":"Blizzard","floor":30},{"not_picked":["Steam Power+1","Rebound","Compile Driver"],"picked":"SKIP","floor":30},{"not_picked":["Reboot+1","Creative AI"],"picked":"Echo Form","floor":33},{"not_picked":["Cold Snap","Conserve Battery+1","Streamline+1"],"picked":"SKIP","floor":35},{"not_picked":["Conserve Battery+1","Blizzard","Ball Lightning"],"picked":"SKIP","floor":35},{"not_picked":["Genetic Algorithm+1","Aggregate+1"],"picked":"Coolheaded+1","floor":36},{"not_picked":["Streamline","Conserve Battery+1","Ball Lightning"],"picked":"SKIP","floor":38},{"not_picked":["Multi-Cast+1","Hologram+1","Stack+1"],"picked":"SKIP","floor":38},{"not_picked":["Conserve Battery+1","Compile Driver+1","Genetic Algorithm+1"],"picked":"SKIP","floor":39},{"not_picked":["Blizzard","Leap+1","Hologram+1"],"picked":"SKIP","floor":39},{"not_picked":["Go for the Eyes+1","Multi-Cast+1"],"picked":"Double Energy+1","floor":41},{"not_picked":["Sunder","Reprogram+1"],"picked":"Glacier+1","floor":45},{"not_picked":["Tempest+1","Chill+1"],"picked":"Force Field+1","floor":47}],"player_experience":984471,"relics_obtained":[{"floor":6.0,"key":"Thread and Needle"},{"floor":8,"key":"Toy Ornithopter"},{"floor":9,"key":"DataDisk"},{"floor":10,"key":"Toxic Egg 2"},{"floor":12,"key":"PreservedInsect"},{"floor":23,"key":"Lantern"},{"floor":25,"key":"Prayer Wheel"},{"floor":26,"key":"Cables"},{"floor":27,"key":"Red Mask"},{"floor":36,"key":"Peace Pipe"},{"floor":41,"key":"Pantograph"},{"floor":45,"key":"Anchor"},{"floor":47,"key":"Question Card"}],"event_choices":[{"damage_healed":0.0,"max_hp_gain":0.0,"max_hp_loss":0.0,"gold_gain":0.0,"event_name":"Shining Light","player_choice":"Entered Light","floor":3.0,"gold_loss":0.0,"damage_taken":21.0,"cards_upgraded":["Strike_B","Defend_B"]},{"damage_healed":0,"gold_gain":0,"player_choice":"Upgraded","damage_taken":0,"max_hp_gain":0,"max_hp_loss":0,"event_name":"Upgrade Shrine","floor":13,"gold_loss":0,"cards_upgraded":["Capacitor"]},{"damage_healed":0,"gold_gain":0,"player_choice":"Ignored","damage_taken":0,"max_hp_gain":0,"max_hp_loss":0,"event_name":"Cursed Tome","floor":21,"gold_loss":0},{"damage_healed":0,"gold_gain":0,"player_choice":"Shed Blood","damage_taken":25,"max_hp_gain":5,"max_hp_loss":0,"event_name":"Forgotten Altar","floor":22,"gold_loss":0},{"damage_healed":0,"gold_gain":0,"player_choice":"Fought Bandits","damage_taken":0,"max_hp_gain":0,"max_hp_loss":0,"event_name":"Masked Bandits","floor":27,"gold_loss":0},{"damage_healed":0,"gold_gain":0,"player_choice":"Fight","damage_taken":0,"max_hp_gain":0,"max_hp_loss":0,"event_name":"MindBloom","floor":36,"gold_loss":0},{"damage_healed":0,"gold_gain":0,"player_choice":"Ignored","damage_taken":0,"max_hp_gain":0,"max_hp_loss":0,"event_name":"Mysterious Sphere","floor":46,"gold_loss":0},{"damage_healed":0,"gold_gain":0,"player_choice":"Ignored","damage_taken":0,"max_hp_gain":0,"max_hp_loss":0,"event_name":"The Moai Head","floor":48,"gold_loss":0}],"is_beta":false,"boss_relics":[{"not_picked":["Pandora\u0027s Box","Astrolabe"],"picked":"Runic Dome"},{"not_picked":["SacredBark","Fusion Hammer"],"picked":"Empty Cage"}],"items_purged_floors":[20,31,42],"is_endless":false,"potions_floor_spawned":[4,10,12,16,19,27,29,30,36,38,47],"killed_by":"Awakened One","ascension_level":20}}