{"host":"yqw1zpryoutrnocq","time":1612390583,"event":{"mods":["2.2 Compatiblity","AchievementEnabler","BaseMod","Colored Map","Custom Start","DeckTracker","Minty Spire (QoL Compilation)","StSLib","SuperFastMode"],"gold_per_floor":[114,114,64,64,26,55,70,70,115,146,159,159,172,183,183,287,287,305,352,277,287,93,93,122,133,160,174,174,186,217,232,232,329,329,339,27,40,0,20,20,39,64,64,64,76,108,127,143,143,143],"floor_reached":51,"language":"KOR","playtime":1823,"items_purged":["Strike_P","Defend_P"],"score":1032,"play_id":"fe511bdc-5816-45fe-b0ea-390c65ca6b55","local_time":"20210203161623","is_ascension_mode":true,"campfire_choices":[{"data":"Eruption","floor":8.0,"key":"SMITH"},{"data":"Adaptation","floor":12.0,"key":"SMITH"},{"data":"Tantrum","floor":15.0,"key":"SMITH"},{"data":"Panacea","floor":23,"key":"SMITH"},{"data":"Adaptation","floor":28,"key":"SMITH"},{"data":"Scrawl","floor":32,"key":"SMITH"},{"data":"1","floor":40,"key":"LIFT"},{"data":"MentalFortress","floor":44,"key":"SMITH"},{"data":"2","floor":49,"key":"LIFT"}],"circlet_count":0,"master_deck":["Eruption+1","Vigilance","Prostrate","DeceiveReality","Tantrum+1","Prostrate","Adaptation+1","JustLucky+1","Prostrate","Tantrum","Scrawl+1","Panacea+1","FollowUp+1","Adaptation+1","FlyingSleeves","InnerPeace","DeusExMachina","Worship","EmptyBody","Vault","SignatureMove","CutThroughFate","InnerPeace","ClearTheMind","MentalFortress+1","Prostrate+1"],"relics":["HolyWater","NeowsBlessing","InkBottle","Kunai","Regal Pillow","Meat on the Bone","Akabeko","Whetstone","Potion Belt","Shuriken","Pandora\u0027s Box","Girya","Red Mask","Blue Candle","Ornamental Fan"],"acts_visited":["Exordium","TheCity","TheBeyond"],"potions_floor_usage":[18,27,33,41,45,50],"damage_taken":[{"damage":0.0,"enemies":"Jaw Worm","floor":1.0,"turns":1.0},{"damage":0.0,"enemies":"Gremlin Nob","floor":6.0,"turns":1.0},{"damage":0.0,"enemies":"2 Louse","floor":7.0,"turns":1.0},{"damage":14.0,"enemies":"Lagavulin","floor":10.0,"turns":7.0},{"damage":0.0,"enemies":"Cultist","floor":11.0,"turns":2.0},{"damage":1.0,"enemies":"Gremlin Gang","floor":13.0,"turns":3.0},{"damage":0.0,"enemies":"3 Louse","floor":14.0,"turns":4.0},{"damage":0.0,"enemies":"Slime Boss","floor":16.0,"turns":4.0},{"damage":7,"enemies":"2 Thieves","floor":18,"turns":5},{"damage":0,"enemies":"Shell Parasite","floor":21,"turns":2},{"damage":0,"enemies":"Gremlin Leader","floor":24,"turns":3},{"damage":1,"enemies":"Chosen and Byrds","floor":25,"turns":3},{"damage":0,"enemies":"Shelled Parasite and Fungi","floor":27,"turns":2},{"damage":1,"enemies":"3 Cultists","floor":29,"turns":3},{"damage":0,"enemies":"Book of Stabbing","floor":30,"turns":2},{"damage":0,"enemies":"Centurion and Healer","floor":31,"turns":3},{"damage":21,"enemies":"Automaton","floor":33,"turns":4},{"damage":2,"enemies":"3 Shapes","floor":35,"turns":2},{"damage":6,"enemies":"3 Darklings","floor":37,"turns":3},{"damage":2,"enemies":"Maw","floor":39,"turns":4},{"damage":2,"enemies":"Sphere and 2 Shapes","floor":41,"turns":3},{"damage":0,"enemies":"Reptomancer","floor":42,"turns":3},{"damage":34,"enemies":"Jaw Worm Horde","floor":45,"turns":4},{"damage":0,"enemies":"Giant Head","floor":46,"turns":4},{"damage":2,"enemies":"Spire Growth","floor":47,"turns":2},{"damage":0,"enemies":"Transient","floor":48,"turns":5},{"damage":16,"enemies":"Donu and Deca","floor":50,"turns":4}],"seed_played":"5642274501012246713","potions_obtained":[{"floor":1.0,"key":"LiquidBronze"},{"floor":4.0,"key":"Fruit Juice"},{"floor":4.0,"key":"Block Potion"},{"floor":4.0,"key":"DistilledChaos"},{"floor":10.0,"key":"DistilledChaos"},{"floor":18,"key":"StancePotion"},{"floor":25,"key":"Ambrosia"},{"floor":27,"key":"BlessingOfTheForge"},{"floor":37,"key":"StancePotion"},{"floor":42,"key":"Swift Potion"},{"floor":46,"key":"StancePotion"},{"floor":47,"key":"FearPotion"}],"is_trial":false,"path_per_floor":["M","?","?","?","$","E","M","R","T","E","M","R","M","M","R","B",null,"M","T","$","M","$","R","E","M","T","M","R","M","E","M","R","B",null,"M","$","M","?","M","R","M","E","T","R","M","E","M","M","R","B",null],"character_chosen":"WATCHER","items_purchased":["DeceiveReality","Panacea","Girya"],"campfire_rested":0,"item_purchase_floors":[5,22,36],"current_hp_per_floor":[72,54,54,59,59,59,59,59,59,45,45,45,44,44,44,44,77,70,70,70,70,70,70,70,69,69,69,69,68,68,68,68,47,77,75,75,69,69,67,67,65,65,65,65,43,43,41,41,41,37],"gold":143,"neow_bonus":"THREE_ENEMY_KILL","is_daily":false,"chose_seed":false,"campfire_upgraded":7,"win_rate":0.0,"timestamp":1612390583,"path_taken":["M","?","?","?","$","E","M","R","T","E","M","R","M","M","R","BOSS","BOSS","M","?","$","M","$","R","E","?","T","M","R","M","E","M","R","BOSS","M","$","?","?","M","R","M","E","T","R","M","E","M","M","R","BOSS"],"items_purchased_type":["Card","Card","Relic"],"build_version":"2020-12-22","purchased_purges":2,"victory":true,"max_hp_per_floor":[72,72,72,77,77,77,77,77,77,77,77,77,77,77,77,77,77,77,77,77,77,77,77,77,77,77,77,77,77,77,77,77,77,77,77,77,77,77,77,77,77,77,77,77,77,77,77,77,77,77],"card_choices":[{"not_picked":["Collect","Vengeance"],"picked":"Prostrate","floor":1.0},{"not_picked":["Evaluate","WheelKick"],"picked":"Tantrum","floor":6.0},{"not_picked":["CutThroughFate","Consecrate"],"picked":"Prostrate","floor":7.0},{"not_picked":["EmptyBody","FlurryOfBlows"],"picked":"Adaptation","floor":10.0},{"not_picked":["WreathOfFlame","Crescendo"],"picked":"JustLucky","floor":11.0},{"not_picked":["WindmillStrike","Vault"],"picked":"Prostrate","floor":13.0},{"not_picked":["Wireheading","Crescendo"],"picked":"Tantrum","floor":14.0},{"not_picked":["DevaForm","Alpha"],"picked":"Scrawl","floor":16},{"not_picked":["SashWhip","Meditate","Protect"],"picked":"SKIP","floor":18},{"not_picked":["SashWhip+1","PathToVictory+1","Pray"],"picked":"SKIP","floor":21},{"not_picked":["ConjureBlade","CrushJoints"],"picked":"FollowUp+1","floor":24},{"not_picked":["Prostrate","EmptyBody"],"picked":"Adaptation","floor":25},{"not_picked":["ThirdEye","Meditate","Consecrate+1"],"picked":"SKIP","floor":27},{"not_picked":["Halt+1","FlurryOfBlows+1","BowlingBash"],"picked":"SKIP","floor":29},{"not_picked":["BowlingBash","Protect"],"picked":"FlyingSleeves","floor":30},{"not_picked":["Perseverance","DeusExMachina"],"picked":"InnerPeace","floor":31},{"not_picked":["SpiritShield","Alpha"],"picked":"DeusExMachina","floor":33},{"not_picked":["PathToVictory","Conclude"],"picked":"InnerPeace","floor":35},{"not_picked":["Meditate","SandsOfTime"],"picked":"ClearTheMind","floor":37},{"not_picked":["SashWhip+1","DeceiveReality+1"],"picked":"MentalFortress","floor":39},{"not_picked":["Vengeance+1","Evaluate","EmptyBody"],"picked":"SKIP","floor":41},{"not_picked":["Consecrate","Collect","Conclude"],"picked":"SKIP","floor":42},{"not_picked":["BowlingBash+1","Wireheading","Indignation"],"picked":"SKIP","floor":45},{"not_picked":["Worship","BattleHymn"],"picked":"Prostrate+1","floor":46},{"not_picked":["SashWhip","LikeWater+1","WreathOfFlame+1"],"picked":"SKIP","floor":47},{"not_picked":["CrushJoints+1","Vengeance","FollowUp"],"picked":"SKIP","floor":48}],"player_experience":272907,"relics_obtained":[{"floor":6.0,"key":"Kunai"},{"floor":9.0,"key":"Regal Pillow"},{"floor":10.0,"key":"Meat on the Bone"},{"floor":19,"key":"Akabeko"},{"floor":24,"key":"Whetstone"},{"floor":26,"key":"Potion Belt"},{"floor":30,"key":"Shuriken"},{"floor":42,"key":"Blue Candle"},{"floor":46,"key":"Ornamental Fan"}],"event_choices":[{"damage_healed":0.0,"max_hp_gain":0.0,"max_hp_loss":0.0,"gold_gain":0.0,"event_name":"Scrap Ooze","player_choice":"Success","floor":2.0,"gold_loss":0.0,"damage_taken":18.0,"relics_obtained":["InkBottle"]},{"cards_removed":["Strike_P"],"damage_healed":0.0,"max_hp_gain":0.0,"max_hp_loss":0.0,"gold_gain":0.0,"event_name":"The Cleric","player_choice":"Card Removal","floor":3.0,"gold_loss":50.0,"damage_taken":0.0},{"damage_healed":0.0,"max_hp_gain":0.0,"max_hp_loss":0.0,"gold_gain":0.0,"event_name":"Lab","player_choice":"Got Potions","floor":4.0,"gold_loss":0.0,"damage_taken":0.0},{"damage_healed":0,"gold_gain":0,"player_choice":"Paid","damage_taken":0,"relics_obtained":["Red Mask"],"max_hp_gain":0,"max_hp_loss":0,"event_name":"Tomb of Lord Red Mask","floor":38,"gold_loss":40}],"is_beta":false,"boss_relics":[{"not_picked":["SacredBark","Tiny House"],"picked":"HolyWater"},{"not_picked":["Black Star","Sozu"],"picked":"Pandora\u0027s Box"}],"items_purged_floors":[20,22],"is_endless":false,"potions_floor_spawned":[1,10,11,18,25,27,37,42,46,47],"ascension_level":1}}