{"host":"Vegetablebread","time":1612377310,"event":{"mods":["BaseMod","Bestiary","Minty Spire (QoL Compilation)","Relic Stats","Slay the Relics Exporter"],"gold_per_floor":[110,130,130,142,217,217,245,259,305,305,325,325,352,352,352,430,430,447,42,56,74,74,105,116,116,116],"floor_reached":25,"language":"ENG","playtime":3145,"items_purged":["Strike_R"],"score":466,"play_id":"141f69ac-d6dc-43fe-b678-4320f4533c8f","local_time":"20210203103510","is_ascension_mode":true,"campfire_choices":[{"data":"Anger","floor":6,"key":"SMITH"},{"data":"Pommel Strike","floor":10,"key":"SMITH"},{"floor":12,"key":"REST"},{"data":"Dark Embrace","floor":15,"key":"SMITH"}],"circlet_count":0,"master_deck":["AscendersBane","Strike_R","Strike_R","Strike_R","Strike_R","Defend_R","Defend_R","Defend_R","Bash","Anger+1","Battle Trance","Feel No Pain","Reckless Charge","Sword Boomerang","Pommel Strike+1","Dark Embrace+1","Demon Form","Immolate","Power Through","Offering","Power Through+1","True Grit","RitualDagger","Whirlwind","Burning Pact"],"relics":["Burning Blood","Nunchaku","Shuriken","Blood Vial","Tiny Chest","InkBottle","Sozu","OrangePellets","The Courier"],"acts_visited":["Exordium","TheCity"],"potions_floor_usage":[8,13,16,21],"damage_taken":[{"damage":15,"enemies":"Small Slimes","floor":1,"turns":4},{"damage":2,"enemies":"2 Louse","floor":2,"turns":3},{"damage":7,"enemies":"Jaw Worm","floor":4,"turns":3},{"damage":26,"enemies":"3 Sentries","floor":7,"turns":12},{"damage":11,"enemies":"Exordium Wildlife","floor":8,"turns":4},{"damage":9,"enemies":"3 Louse","floor":11,"turns":3},{"damage":10,"enemies":"Lagavulin","floor":13,"turns":6},{"damage":27,"enemies":"Hexaghost","floor":16,"turns":6},{"damage":5,"enemies":"3 Byrds","floor":18,"turns":4},{"damage":6,"enemies":"Chosen","floor":20,"turns":2},{"damage":7,"enemies":"Centurion and Healer","floor":21,"turns":5},{"damage":16,"enemies":"Gremlin Leader","floor":23,"turns":6},{"damage":34,"enemies":"Shelled Parasite and Fungi","floor":24,"turns":3},{"damage":32,"enemies":"Slavers","floor":25,"turns":2}],"seed_played":"2228153654890859514","potions_obtained":[{"floor":4,"key":"LiquidMemories"},{"floor":8,"key":"SkillPotion"},{"floor":11,"key":"LiquidMemories"},{"floor":16,"key":"Block Potion"}],"is_trial":false,"path_per_floor":["M","M","?","M","?","R","E","M","T","R","M","R","E","T","R","B",null,"M","$","M","M","?","E","M","E"],"character_chosen":"IRONCLAD","items_purchased":["OrangePellets","Offering"],"campfire_rested":1,"item_purchase_floors":[19,19],"current_hp_per_floor":[59,63,63,62,51,51,31,26,26,26,25,47,45,45,45,26,63,66,66,68,69,63,55,29,0,0],"gold":116,"neow_bonus":"RANDOM_COMMON_RELIC","is_daily":false,"chose_seed":false,"campfire_upgraded":3,"win_rate":0.0,"timestamp":1612377310,"path_taken":["M","M","?","M","?","R","E","M","T","R","?","R","E","?","R","BOSS","M","$","M","M","?","E","M","E"],"items_purchased_type":["Relic","Card"],"build_version":"2020-12-18","purchased_purges":1,"victory":false,"max_hp_per_floor":[75,75,75,75,75,75,75,75,75,75,75,75,75,75,75,75,75,75,75,75,75,75,75,75,75,75],"relic_stats":{"Blood Vial":18,"Sozu":2,"OrangePellets":[3],"Nunchaku":[15],"counters":[14,63],"Shuriken":[24],"Tiny Chest":0,"obtain_stats":[{"Blood Vial":9,"Sozu":17,"OrangePellets":19,"Nunchaku":0,"Shuriken":7,"Tiny Chest":13,"The Courier":23,"Burning Blood":0,"InkBottle":14},{"Blood Vial":5,"Sozu":8,"OrangePellets":9,"Nunchaku":0,"Shuriken":4,"Tiny Chest":7,"The Courier":12,"Burning Blood":0,"InkBottle":7},{"Blood Vial":26,"Sozu":41,"OrangePellets":45,"Nunchaku":0,"Shuriken":22,"Tiny Chest":35,"The Courier":58,"Burning Blood":0,"InkBottle":35}],"Burning Blood":78,"InkBottle":[9]},"card_choices":[{"not_picked":["Cleave","Rupture"],"picked":"Anger","floor":1},{"not_picked":["Wild Strike","Reckless Charge"],"picked":"Battle Trance","floor":2},{"not_picked":["Evolve","Sentinel"],"picked":"Reckless Charge","floor":4},{"not_picked":["Combust","Bludgeon"],"picked":"Sword Boomerang","floor":7},{"not_picked":["Sword Boomerang","Rampage"],"picked":"Pommel Strike","floor":8},{"not_picked":["Armaments","Inflame"],"picked":"Dark Embrace","floor":11},{"not_picked":["Uppercut","Shrug It Off"],"picked":"Demon Form","floor":13},{"not_picked":["Barricade","Exhume"],"picked":"Immolate","floor":16},{"not_picked":["Wild Strike","Havoc"],"picked":"Power Through","floor":18},{"not_picked":["True Grit","Clash"],"picked":"Power Through+1","floor":20},{"not_picked":["Twin Strike","Pommel Strike"],"picked":"True Grit","floor":21},{"not_picked":["Cleave","Heavy Blade"],"picked":"Whirlwind","floor":23},{"not_picked":["Warcry","Inflame"],"picked":"Burning Pact","floor":24}],"player_experience":10423412,"relics_obtained":[{"floor":7,"key":"Shuriken"},{"floor":9,"key":"Blood Vial"},{"floor":13,"key":"Tiny Chest"},{"floor":14,"key":"InkBottle"},{"floor":23,"key":"The Courier"}],"event_choices":[{"damage_healed":0,"gold_gain":0,"cards_transformed":["Defend_R"],"player_choice":"Change","damage_taken":0,"max_hp_gain":0,"max_hp_loss":0,"event_name":"Living Wall","floor":3,"gold_loss":0,"cards_obtained":["Feel No Pain"]},{"damage_healed":0,"gold_gain":75,"player_choice":"Gather Gold","damage_taken":11,"max_hp_gain":0,"max_hp_loss":0,"event_name":"World of Goop","floor":5,"gold_loss":0},{"damage_healed":0,"gold_gain":0,"player_choice":"Joined the Cult","damage_taken":6,"max_hp_gain":0,"max_hp_loss":0,"event_name":"Nest","floor":22,"gold_loss":0,"cards_obtained":["RitualDagger"]}],"is_beta":true,"boss_relics":[{"not_picked":["Busted Crown","Empty Cage"],"picked":"Sozu"}],"items_purged_floors":[19],"is_endless":false,"potions_floor_spawned":[4,8,11,16,18,20],"killed_by":"Slavers","ascension_level":20}}