{"host":"vhvubw4jk4f204qs","time":1612384974,"event":{"mods":["AchievementEnabler","BaseMod","DeckTracker","GifTheSpireLib","Googly Eyes","Minty Spire (QoL Compilation)","Permanent Neow","Quick Restart","StSLib","SuperFastMode","The IronCluck","slay the spire mod where everything is the same but ironclad has a cowboy hat"],"gold_per_floor":[12,30,30,45,45,85,98,98,98,98,113,131,131,145,145,241,241,255,255,270,270,293,293,293],"floor_reached":23,"language":"ENG","playtime":1084,"items_purged":[],"score":390,"play_id":"51683eff-b485-41f8-a28c-499e93d6b9d7","local_time":"20210203154254","is_ascension_mode":true,"campfire_choices":[{"data":"Glass Knife","floor":8,"key":"SMITH"},{"data":"Glass Knife","floor":10,"key":"SMITH"},{"data":"Blade Dance","floor":13,"key":"SMITH"},{"data":"Leg Sweep","floor":15,"key":"SMITH"}],"circlet_count":0,"master_deck":["AscendersBane","Strike_G","Strike_G","Strike_G","Strike_G","Defend_G","Defend_G","Defend_G","Defend_G","Survivor","Neutralize","Predator","Glass Knife+1","Crippling Poison","Leg Sweep","Bouncing Flask","Glass Knife+1","Bouncing Flask","Blade Dance+1","Leg Sweep+1","Quick Slash","Night Terror+1","Dagger Spray","Adrenaline"],"relics":["Ring of the Snake","Golden Idol","MealTicket","Question Card","Sozu"],"acts_visited":["Exordium","TheCity"],"potions_floor_usage":[4,6,16,16],"damage_taken":[{"damage":0,"enemies":"2 Louse","floor":1,"turns":1},{"damage":0,"enemies":"Small Slimes","floor":2,"turns":3},{"damage":0,"enemies":"Jaw Worm","floor":4,"turns":3},{"damage":27,"enemies":"3 Sentries","floor":6,"turns":12},{"damage":6,"enemies":"Lots of Slimes","floor":7,"turns":4},{"damage":0,"enemies":"Large Slime","floor":11,"turns":5},{"damage":1,"enemies":"Blue Slaver","floor":12,"turns":2},{"damage":0,"enemies":"Red Slaver","floor":14,"turns":2},{"damage":15,"enemies":"Slime Boss","floor":16,"turns":7},{"damage":8,"enemies":"Shell Parasite","floor":18,"turns":4},{"damage":0,"enemies":"Spheric Guardian","floor":20,"turns":2},{"damage":22,"enemies":"Chosen and Byrds","floor":22,"turns":6},{"damage":42,"enemies":"Slavers","floor":23,"turns":4}],"seed_played":"1044346831039996787","potions_obtained":[{"floor":1,"key":"Fire Potion"},{"floor":4,"key":"DuplicationPotion"},{"floor":7,"key":"SkillPotion"},{"floor":12,"key":"AttackPotion"}],"is_trial":false,"path_per_floor":["M","M","?","M","?","E","M","R","T","R","M","M","R","M","R","B",null,"M","?","M","$","M","E"],"character_chosen":"THE_SILENT","items_purchased":[],"campfire_rested":0,"item_purchase_floors":[],"current_hp_per_floor":[59,59,59,59,64,37,31,31,31,31,31,30,30,30,30,15,53,45,45,45,60,38,0,0],"gold":293,"neow_bonus":"TRANSFORM_TWO_CARDS","is_daily":false,"chose_seed":false,"campfire_upgraded":4,"win_rate":0.0,"timestamp":1612384974,"path_taken":["M","M","?","M","?","E","M","R","T","R","M","M","R","M","R","BOSS","M","?","M","$","M","E"],"items_purchased_type":[],"build_version":"2020-12-22","purchased_purges":0,"victory":false,"max_hp_per_floor":[66,66,60,60,65,65,65,65,65,65,65,65,65,65,65,65,65,65,65,65,65,65,65,65],"card_choices":[{"not_picked":["Setup","Cloak And Dagger"],"picked":"Crippling Poison","floor":1},{"not_picked":["Deflect","Riddle With Holes"],"picked":"Leg Sweep","floor":2},{"not_picked":["Prepared","Expertise"],"picked":"Bouncing Flask","floor":4},{"not_picked":["Finisher","Infinite Blades"],"picked":"Glass Knife","floor":6},{"not_picked":["Bane","Dagger Spray"],"picked":"Bouncing Flask","floor":7},{"not_picked":["Poisoned Stab","Flechettes","Tactician"],"picked":"Blade Dance","floor":11},{"not_picked":["Caltrops","Heel Hook","Sucker Punch"],"picked":"Leg Sweep","floor":12},{"not_picked":["Finisher","Accuracy","Slice"],"picked":"Quick Slash","floor":14},{"not_picked":["Adrenaline","A Thousand Cuts","Unload"],"picked":"Night Terror","floor":16},{"not_picked":["Underhanded Strike","Dagger Throw","Poisoned Stab+1","Sucker Punch"],"picked":"SKIP","floor":18},{"not_picked":["Quick Slash","Tactician","Acrobatics"],"picked":"Dagger Spray","floor":20},{"not_picked":["Flechettes","Calculated Gamble","Well Laid Plans"],"picked":"Adrenaline","floor":22}],"player_experience":768231,"relics_obtained":[{"floor":6,"key":"MealTicket"},{"floor":9,"key":"Question Card"}],"event_choices":[{"damage_healed":0,"gold_gain":0,"player_choice":"Lose Max HP","damage_taken":0,"relics_obtained":["Golden Idol"],"max_hp_gain":0,"max_hp_loss":6,"event_name":"Golden Idol","floor":3,"gold_loss":0},{"damage_healed":0,"gold_gain":0,"player_choice":"Donut","damage_taken":0,"max_hp_gain":5,"max_hp_loss":0,"event_name":"Big Fish","floor":5,"gold_loss":0},{"damage_healed":0,"gold_gain":0,"player_choice":"Upgraded","damage_taken":0,"max_hp_gain":0,"max_hp_loss":0,"event_name":"Upgrade Shrine","floor":19,"gold_loss":0,"cards_upgraded":["Night Terror"]}],"is_beta":false,"boss_relics":[{"not_picked":["SlaversCollar","HoveringKite"],"picked":"Sozu"}],"items_purged_floors":[],"is_endless":false,"potions_floor_spawned":[1,4,7,12,18],"killed_by":"Slavers","ascension_level":20}}