{"host":"a1eatafr7pisesky","time":1612351055,"event":{"mods":["AchievementEnabler","BaseMod","Colored Map","Keyboard Shortcuts","Minty Spire (QoL Compilation)","Say the Spire","StSLib","SuperFastMode","everything is the same but u backflip on backflip"],"gold_per_floor":[118,138,138,63,83,118,118,153,153,153,153,153,253,283,283,360,360,377,277,277,4,17,17,52,52,76,99,137,167,179,179],"floor_reached":30,"language":"KOR","playtime":478,"items_purged":["Defend_P","Defend_P"],"score":510,"play_id":"6c5d8b0d-6711-4af6-837c-d46d05bcc81e","local_time":"20210203201735","is_ascension_mode":true,"campfire_choices":[{"data":"Eruption","floor":7.0,"key":"SMITH"},{"floor":10.0,"key":"REST"},{"floor":12.0,"key":"REST"},{"data":"1","floor":15.0,"key":"LIFT"},{"data":"2","floor":23.0,"key":"LIFT"},{"floor":25,"key":"REST"}],"circlet_count":0,"master_deck":["AscendersBane","Strike_P+1","Strike_P+1","Strike_P","Strike_P","Defend_P","Defend_P","Eruption+1","Vigilance","Vengeance","SandsOfTime","InnerPeace","DeusExMachina","FlurryOfBlows","Tantrum","FlurryOfBlows"],"relics":["PureWater","NeowsBlessing","Blood Vial","StoneCalendar","Letter Opener","Girya","VioletLotus","Membership Card","Happy Flower","MealTicket","MawBank","Darkstone Periapt"],"acts_visited":["Exordium","TheCity"],"potions_floor_usage":[24,29],"damage_taken":[{"damage":0.0,"enemies":"Small Slimes","floor":1.0,"turns":1.0},{"damage":0.0,"enemies":"Cultist","floor":2.0,"turns":1.0},{"damage":0.0,"enemies":"Jaw Worm","floor":5.0,"turns":1.0},{"damage":10.0,"enemies":"Gremlin Nob","floor":6.0,"turns":3.0},{"damage":39.0,"enemies":"3 Sentries","floor":8.0,"turns":8.0},{"damage":12.0,"enemies":"Lagavulin","floor":14.0,"turns":5.0},{"damage":20.0,"enemies":"Hexaghost","floor":16.0,"turns":7.0},{"damage":17.0,"enemies":"Spheric Guardian","floor":18.0,"turns":3.0},{"damage":4.0,"enemies":"Chosen","floor":22.0,"turns":3.0},{"damage":36,"enemies":"Book of Stabbing","floor":24,"turns":3},{"damage":0,"enemies":"Sentry and Sphere","floor":27,"turns":2},{"damage":0,"enemies":"Gremlin Leader","floor":28,"turns":3},{"damage":0,"enemies":"Snecko","floor":29,"turns":2},{"damage":34,"enemies":"Slavers","floor":30,"turns":2}],"seed_played":"-1972941422588725379","potions_obtained":[{"floor":1.0,"key":"Weak Potion"},{"floor":2.0,"key":"BlessingOfTheForge"},{"floor":3.0,"key":"DistilledChaos"},{"floor":3.0,"key":"EntropicBrew"},{"floor":14.0,"key":"BottledMiracle"},{"floor":24,"key":"AttackPotion"}],"is_trial":false,"path_per_floor":["M","M","?","$","M","E","R","E","T","R","?","R","?","E","R","B",null,"M","$","?","$","M","R","E","R","T","M","E","M","E"],"character_chosen":"WATCHER","items_purchased":["Membership Card","Tantrum","Happy Flower"],"campfire_rested":3,"item_purchase_floors":[21,21,21],"current_hp_per_floor":[65,65,65,65,65,55,55,18,18,39,25,46,46,36,36,18,59,44,44,44,44,42,42,8,29,29,31,33,35,3,3],"gold":179,"neow_bonus":"THREE_ENEMY_KILL","is_daily":false,"chose_seed":false,"campfire_upgraded":1,"win_rate":0.0,"timestamp":1612351055,"path_taken":["M","M","?","$","?","E","R","E","T","R","?","R","?","E","R","BOSS","M","$","?","$","M","R","E","R","T","M","E","M","E"],"items_purchased_type":["Relic","Card","Relic"],"build_version":"2020-12-22","purchased_purges":2,"victory":false,"max_hp_per_floor":[72,72,72,72,72,72,72,72,72,72,72,72,72,72,72,72,72,72,72,72,72,72,72,72,72,72,72,72,72,72,72],"card_choices":[{"not_picked":["Wallop","ThirdEye"],"picked":"Vengeance","floor":1.0},{"not_picked":["Evaluate","FollowUp","PathToVictory"],"picked":"SKIP","floor":2.0},{"not_picked":["Protect","CutThroughFate","FlyingSleeves"],"picked":"SKIP","floor":5.0},{"not_picked":["CarveReality","EmptyMind"],"picked":"SandsOfTime","floor":6.0},{"not_picked":["Sanctity","LikeWater"],"picked":"InnerPeace","floor":8.0},{"not_picked":["DeceiveReality","JustLucky","SignatureMove"],"picked":"SKIP","floor":14.0},{"not_picked":["Devotion","MasterReality"],"picked":"DeusExMachina","floor":16.0},{"not_picked":["SashWhip","BattleHymn"],"picked":"FlurryOfBlows","floor":18.0},{"not_picked":["Indignation","PathToVictory","Halt"],"picked":"SKIP","floor":22.0},{"not_picked":["WindmillStrike","Study"],"picked":"FlurryOfBlows","floor":24},{"not_picked":["ClearTheMind","CrushJoints","Devotion"],"picked":"SKIP","floor":27},{"not_picked":["WreathOfFlame","CutThroughFate","FollowUp"],"picked":"SKIP","floor":28},{"not_picked":["FollowUp","WaveOfTheHand","Sanctity"],"picked":"SKIP","floor":29}],"player_experience":396045,"relics_obtained":[{"floor":6.0,"key":"Blood Vial"},{"floor":8.0,"key":"StoneCalendar"},{"floor":9.0,"key":"Letter Opener"},{"floor":14.0,"key":"Girya"},{"floor":24,"key":"MealTicket"},{"floor":26,"key":"MawBank"},{"floor":28,"key":"Darkstone Periapt"}],"event_choices":[{"damage_healed":0.0,"max_hp_gain":0.0,"max_hp_loss":0.0,"gold_gain":0.0,"event_name":"Lab","player_choice":"Got Potions","floor":3.0,"gold_loss":0.0,"damage_taken":0.0},{"damage_healed":0.0,"max_hp_gain":0.0,"max_hp_loss":0.0,"gold_gain":0.0,"event_name":"Shining Light","player_choice":"Entered Light","floor":11.0,"gold_loss":0.0,"damage_taken":14.0,"cards_upgraded":["Strike_P","Strike_P"]},{"damage_healed":0.0,"max_hp_gain":0.0,"max_hp_loss":0.0,"gold_gain":100.0,"event_name":"Golden Shrine","player_choice":"Pray","floor":13.0,"gold_loss":0.0,"damage_taken":0.0},{"damage_healed":0.0,"max_hp_gain":0.0,"max_hp_loss":0.0,"gold_gain":0.0,"event_name":"Cursed Tome","player_choice":"Ignored","floor":20.0,"gold_loss":0.0,"damage_taken":0.0}],"is_beta":false,"boss_relics":[{"not_picked":["Tiny House","Coffee Dripper"],"picked":"VioletLotus"}],"items_purged_floors":[4,19],"is_endless":false,"potions_floor_spawned":[1,2,14,24,28],"killed_by":"Slavers","ascension_level":13}}