{"host":"pec1bvkeldr5yzx1","time":1612361118,"event":{"mods":["ATMod(°¢èªMod)","AchievementEnabler","Act Like it!","Aspiration","BaseMod","Better Altar","Better Match","Better Sensory Stone","Better Skull","Better Vampires","BetterRewards","Conspire","Dota2Spire","Energized Spire","Friendly Minions","GifTheSpireLib","Hubris","Minty Spire (QoL Compilation)","Replay The Spire","Spicy Shops","StSLib","Stuff the Spire","SuperFastMode","óô»ðÖ¸ÄÏ"],"gold_per_floor":[110,124,143,143,143,176,190,190,190,40,68,84,114,129,129,234,234,253,267,283,303,303,328,407,434,434,434,434,434,448,475,475,578,578,593,605,605,605,605,605,940,940,991,1018,1018,1058,1091,1129,321,331,331,331,35,68,76],"floor_reached":56,"language":"ZHS","playtime":1783,"items_purged":[],"score":1622,"play_id":"f294605d-3e42-4f4e-aa5d-2c9490101818","local_time":"20210203220518","is_ascension_mode":true,"campfire_choices":[{"floor":8,"key":"REST"},{"floor":15,"key":"REST"},{"floor":29,"key":"REST"},{"floor":32,"key":"REST"},{"floor":40,"key":"RECALL"},{"floor":42,"key":"REST"},{"floor":45,"key":"REST"},{"data":"AT_RightCognition","floor":52,"key":"SMITH"}],"circlet_count":0,"master_deck":["conspire:GhostlyStrike+1","conspire:GhostlyStrike+1","conspire:GhostlyStrike+1","conspire:GhostlyStrike+1","conspire:GhostlyDefend+1","conspire:GhostlyDefend+1","conspire:GhostlyDefend+1","conspire:GhostlyDefend+1","Zap","Dualcast","Gash","Go for the Eyes","Chaos","Leap","BasicCrystalCard","Ball Lightning","Ball Lightning","Sweeping Beam","Rebound","hubris:PowerSurge","Auto Shields","Gash","Loop","AT_RightCognition+1","Ball Lightning+1","Genetic Algorithm","aspiration:Polymerization+1","Leap","Redo+1","AT_StudyProgram","Turbo","Gash","Beam Cell","Stack+1","ReplayTheSpireMod:Calculation Training","Beam Cell","AT_RealColorLess+1","Conserve Battery","Redo+1","Time Bomb","Echo Form+1","AT_WarpDrive","Madness","Discovery","Skim","Crystallizer+1","Leap+1","Capacitor+1","Beam Cell+1","Cold Snap+1","BasicCrystalCard","Chill+1","BootSequence+1","StuffTheSpire:Rend+1","Capacitor","Defragment","Chaos"],"relics":["Cracked Core","AT_ATBox","Dota2Spire:DrumOfEndurance","ReplayTheSpireMod:Lightbulb","Dota2Spire:ShivaGuard","Dream Catcher","Runic Capacitor","aspiration:ChemicalBlood","Vajra","Prayer Wheel","energizedSpire:NeverEndingSparkler","aspiration:StickyExplosives_weak","hubris:DisguiseKit","Dota2Spire:BattleFury","StuffTheSpire:Rhapsscallions","Ring of Fury","ReplayTheSpireMod:Ring of Collecting","Dota2Spire:MantaStyle","conspire:SpecialSausage","Prayer Wheel","Old Coin","Ring of Shattering","Akabeko","Replay:Bandana","AT_BladeRuinedKing","StuffTheSpire:ColdMirror","Lee\u0027s Waffle","AT_Kusabimaru","Incense Burner","Guide Book","Replay:Rubber Ducky","Boot"],"acts_visited":["Exordium","TheCity","TheBeyond","TheEnding"],"potions_floor_usage":[13,16,19,19,25,25,25,33,33,33,33,41,41,41,50,50,50,50,55],"damage_taken":[{"damage":0,"enemies":"Cultist","floor":1,"turns":4},{"damage":0,"enemies":"Small Slimes","floor":2,"turns":3},{"damage":0,"enemies":"2 Louse","floor":3,"turns":2},{"damage":18,"enemies":"Lagavulin","floor":6,"turns":5},{"damage":8,"enemies":"Exordium Wildlife","floor":7,"turns":2},{"damage":2,"enemies":"Gremlin Nob","floor":11,"turns":3},{"damage":4,"enemies":"Lots of Slimes","floor":12,"turns":2},{"damage":24,"enemies":"Lagavulin","floor":13,"turns":4},{"damage":0,"enemies":"Gremlin Gang","floor":14,"turns":3},{"damage":12,"enemies":"Slime Boss","floor":16,"turns":5},{"damage":14,"enemies":"Shell Parasite","floor":18,"turns":5},{"damage":4,"enemies":"Spheric Guardian","floor":19,"turns":3},{"damage":0,"enemies":"Chosen and Byrds","floor":20,"turns":4},{"damage":22,"enemies":"3 Cultists","floor":21,"turns":6},{"damage":6,"enemies":"conspire:SneckoGhost","floor":23,"turns":4},{"damage":8,"enemies":"conspire:Head Lice","floor":25,"turns":5},{"damage":2,"enemies":"conspire:HollyBat","floor":30,"turns":6},{"damage":24,"enemies":"Book of Stabbing","floor":31,"turns":5},{"damage":34,"enemies":"Collector","floor":33,"turns":5},{"damage":30,"enemies":"3 Shapes","floor":35,"turns":3},{"damage":3,"enemies":"Orb Walker","floor":36,"turns":3},{"damage":26,"enemies":"Giant Head","floor":41,"turns":7},{"damage":10,"enemies":"Reptomancer","floor":44,"turns":5},{"damage":10,"enemies":"R_Hoarder","floor":46,"turns":4},{"damage":0,"enemies":"Maw","floor":47,"turns":3},{"damage":1,"enemies":"Giant Head","floor":48,"turns":7},{"damage":63,"enemies":"conspire:OrnateMirror","floor":50,"turns":6},{"damage":15,"enemies":"Shield and Spear","floor":54,"turns":7},{"damage":17,"enemies":"The Heart","floor":55,"turns":8}],"seed_played":"-5933640249972236416","potions_obtained":[{"floor":1,"key":"Swift Potion"},{"floor":2,"key":"Energy Potion"},{"floor":12,"key":"Reflective Coating"},{"floor":13,"key":"SkillPotion"},{"floor":14,"key":"DuplicationPotion"},{"floor":16,"key":"LifebloodPotion"},{"floor":19,"key":"Dota2Spire:HealingSalve"},{"floor":19,"key":"PowerPotion"},{"floor":21,"key":"DistilledChaos"},{"floor":30,"key":"Strength Potion"},{"floor":33,"key":"Reflective Coating"},{"floor":35,"key":"ColorlessPotion"},{"floor":41,"key":"FocusPotion"},{"floor":41,"key":"Adrenaline Potion"},{"floor":44,"key":"Strength Potion"},{"floor":50,"key":"Dexterity Potion"}],"is_trial":false,"path_per_floor":["M","M","M","?","?","E","M","R","T","$","E","M","E","M","R","B",null,"M","M","M","M","?","E","T","E","T","?","?","R","M","E","R","B",null,"M","M","?","?","?","R","E","R","T","E","R","E","M","E","R","B",null,"R","$","E","B",null],"character_chosen":"DEFECT","items_purchased":["Dota2Spire:DrumOfEndurance","ReplayTheSpireMod:Lightbulb","Gash","Go for the Eyes","Chaos","Leap","Runic Capacitor","Lee\u0027s Waffle","AT_Kusabimaru","Incense Burner","Capacitor","Guide Book","Replay:Rubber Ducky","Defragment"],"campfire_rested":6,"item_purchase_floors":[0,0,0,0,0,0,10,49,49,49,49,53,53,53],"current_hp_per_floor":[40,40,40,40,40,22,14,36,36,36,34,30,6,6,28,16,75,61,57,57,35,35,29,29,21,22,22,22,44,42,18,40,6,76,46,43,43,43,43,43,26,48,48,38,60,50,50,49,83,20,83,83,83,68,51],"gold":76,"neow_bonus":"","is_daily":false,"chose_seed":false,"campfire_upgraded":1,"win_rate":0.0,"timestamp":1612361118,"path_taken":["M","?","M","?","?","E","M","R","T","?","E","?","E","M","R","BOSS","M","M","?","M","?","E","?","E","T","?","?","R","M","E","R","BOSS","M","M","?","?","?","R","E","R","T","E","R","E","M","E","R","BOSS","R","$","E","BOSS"],"items_purchased_type":["Relic","Relic","Card","Card","Card","Card","Relic","Relic","Relic","Relic","Card","Relic","Relic","Card"],"build_version":"2020-12-22","purchased_purges":0,"victory":true,"max_hp_per_floor":[75,75,75,75,75,75,75,75,75,75,75,75,75,75,75,75,75,75,75,75,75,75,75,75,75,76,76,76,76,76,76,76,76,76,76,76,76,76,76,76,76,76,76,76,76,76,76,76,83,83,83,83,83,83,83],"card_choices":[{"not_picked":["Redo","Compile Driver"],"picked":"BasicCrystalCard","floor":1},{"not_picked":["Consume","Hologram"],"picked":"Ball Lightning","floor":2},{"not_picked":["Barrage","Panic Button"],"picked":"Ball Lightning","floor":3},{"not_picked":["Ball Lightning","Panic Button"],"picked":"Sweeping Beam","floor":6},{"not_picked":["Barrage","Leap"],"picked":"Rebound","floor":7},{"not_picked":["Panic Button","Chill"],"picked":"hubris:PowerSurge","floor":8},{"not_picked":["AT_WarpDrive","StuffTheSpire:LaunchingStrike"],"picked":"Auto Shields","floor":11},{"not_picked":["Ball Lightning","Coolheaded"],"picked":"Gash","floor":12},{"not_picked":["Steam Power","Redo"],"picked":"Loop","floor":13},{"not_picked":["Compile Driver","AT_HeatAcrobatics"],"picked":"StuffTheSpire:LoadUp","floor":14},{"not_picked":["Streamline","FTL"],"picked":"ReplayTheSpireMod:Fabricate Wheel","floor":15},{"not_picked":["Meteor Strike","All For One"],"picked":"AT_RightCognition","floor":16},{"not_picked":["Rebound","StuffTheSpire:SnapShoot"],"picked":"Ball Lightning+1","floor":18},{"not_picked":["Chill","Sweeping Beam"],"picked":"Genetic Algorithm","floor":18},{"not_picked":["conspire:Rain","Gash"],"picked":"aspiration:Polymerization+1","floor":19},{"not_picked":["Streamline","ReplayRNGCard"],"picked":"Leap","floor":19},{"not_picked":["Leap+1","Doom and Gloom"],"picked":"Redo+1","floor":20},{"not_picked":["Reinforced Body+1","Gash"],"picked":"AT_StudyProgram","floor":20},{"not_picked":["Barrage","ReplayTheSpireMod:Calculation Training+1"],"picked":"Turbo","floor":21},{"not_picked":["Steam","Scrape"],"picked":"Gash","floor":21},{"not_picked":["Gash+1","Streamline"],"picked":"Beam Cell","floor":23},{"not_picked":["ReplayRNGCard","StuffTheSpire:GlassShard","Replay:AtTheReady"],"picked":"Stack+1","floor":25},{"not_picked":["Ball Lightning","FIFO Queue","Swivel"],"picked":"ReplayTheSpireMod:Calculation Training","floor":29},{"not_picked":["Barrage","Coolheaded","Steam"],"picked":"Protect","floor":30},{"not_picked":["Steam+1","StuffTheSpire:Plugnplay","SashWhip"],"picked":"Beam Cell","floor":30},{"not_picked":["BootSequence+1","Sweeping Beam","Chill"],"picked":"AT_RealColorLess","floor":31},{"not_picked":["Go for the Eyes","Rebound","Prostrate"],"picked":"Conserve Battery","floor":32},{"not_picked":["StuffTheSpire:LaunchingStrike","Core Surge","AT_IrregularMenstruation"],"picked":"ReplayTheSpireMod:Fabricate Wheel","floor":33},{"not_picked":["AT_HeatAcrobatics+1","Ball Lightning","Replay:Anticipation"],"picked":"Redo+1","floor":35},{"not_picked":["Go for the Eyes","BasicCrystalCard","Indignation"],"picked":"Time Bomb","floor":35},{"not_picked":["Leap+1","Barrage+1","JustLucky"],"picked":"Echo Form","floor":36},{"not_picked":["ReplaySort+1","Steam","Swivel"],"picked":"AT_WarpDrive","floor":36},{"not_picked":["Secret Technique","ReplayTheSpireMod:Trickstab"],"picked":"Madness","floor":38},{"not_picked":["Replay:Bootleg Shield Generator","StuffTheSpire:PlasmaPunch"],"picked":"Discovery","floor":38},{"not_picked":["Fission","Hologram+1","SashWhip"],"picked":"Crystallizer+1","floor":41},{"not_picked":["StuffTheSpire:LoadUp","Stack","Sanctity"],"picked":"Leap+1","floor":42},{"not_picked":["Recycle","Darkness","Crescendo"],"picked":"Capacitor+1","floor":44},{"not_picked":["StuffTheSpire:LaunchingStrike","StuffTheSpire:CleanHardDrive","EmptyMind"],"picked":"Beam Cell+1","floor":45},{"not_picked":["Panic Button","Hologram","InnerPeace"],"picked":"Cold Snap+1","floor":46},{"not_picked":["ReplayTheSpireMod:System Scan+1","Sweeping Beam","MentalFortress"],"picked":"BasicCrystalCard","floor":47},{"not_picked":["StuffTheSpire:LoadUp+1","Hyperbeam","JustLucky"],"picked":"Chill+1","floor":47},{"not_picked":["Beam Cell","Leap+1","WaveOfTheHand"],"picked":"BootSequence+1","floor":47},{"not_picked":["ReplayGash+1","hubris:Prefetch","Perseverance"],"picked":"StuffTheSpire:Rend+1","floor":48},{"not_picked":["Sweeping Beam","hubris:DoWhile","Replay:Anticipation"],"picked":"Chaos","floor":54}],"player_experience":130329,"relics_obtained":[{"floor":6,"key":"Dream Catcher"},{"floor":11,"key":"aspiration:ChemicalBlood"},{"floor":13,"key":"Vajra"},{"floor":23,"key":"aspiration:StickyExplosives_weak"},{"floor":24,"key":"hubris:DisguiseKit"},{"floor":25,"key":"Dota2Spire:BattleFury"},{"floor":26,"key":"StuffTheSpire:Rhapsscallions"},{"floor":27,"key":"Ring of Fury"},{"floor":27,"key":"ReplayTheSpireMod:Ring of Collecting"},{"floor":31,"key":"Dota2Spire:MantaStyle"},{"floor":41,"key":"Old Coin"},{"floor":43,"key":"Ring of Shattering"},{"floor":43,"key":"Akabeko"},{"floor":44,"key":"Replay:Bandana"},{"floor":46,"key":"AT_BladeRuinedKing"},{"floor":48,"key":"StuffTheSpire:ColdMirror"},{"floor":54,"key":"Boot"}],"event_choices":[{"damage_healed":0,"gold_gain":0,"player_choice":"Agree","damage_taken":0,"max_hp_gain":0,"max_hp_loss":0,"event_name":"conspire:LoneGhost","floor":5,"gold_loss":0},{"damage_healed":0,"gold_gain":0,"player_choice":"Simplicity","damage_taken":0,"max_hp_gain":0,"max_hp_loss":0,"event_name":"Back to Basics","floor":28,"gold_loss":0,"cards_upgraded":["conspire:GhostlyStrike","conspire:GhostlyStrike","conspire:GhostlyStrike","conspire:GhostlyDefend","conspire:GhostlyDefend","conspire:GhostlyDefend","conspire:GhostlyDefend"]},{"damage_healed":0,"gold_gain":0,"player_choice":"Leave","damage_taken":0,"max_hp_gain":0,"max_hp_loss":0,"event_name":"conspire:Investor","floor":37,"gold_loss":0},{"damage_healed":0,"gold_gain":3,"player_choice":"1","damage_taken":0,"max_hp_gain":0,"max_hp_loss":0,"event_name":"betterStone:BetterStone","floor":38,"gold_loss":0},{"damage_healed":0,"gold_gain":0,"cards_transformed":["Protect"],"player_choice":"Transformed","damage_taken":0,"max_hp_gain":0,"max_hp_loss":0,"event_name":"Transmorgrifier","floor":39,"gold_loss":0,"cards_obtained":["Skim"]}],"is_beta":false,"boss_relics":[{"not_picked":["SacredBark","Velvet Choker"],"picked":"energizedSpire:NeverEndingSparkler"},{"not_picked":["hubris:RunicObelisk","hubris:GrandSneckoEye"],"picked":"conspire:SpecialSausage"}],"items_purged_floors":[],"is_endless":false,"potions_floor_spawned":[1,2,12,14,18,19,21,30,35,44,46,54],"ascension_level":2}}