{"host":"pletss163z7s8pvv","time":1612322636,"event":{"mods":["AchievementEnabler","BaseMod","Better Altar","Better Match","Better Note","Better Sensory Stone","Better Skull","Better Third Choice","BetterRewards","CapriCore","ChefMod","Colored Map","Colored Powertips","Conspire","Energized Spire","Evolution","GifTheSpireLib","Hermit","Ironclad Rager","Marked Mod","Minty Spire (QoL Compilation)","Retaliation","Spicy Shops","StS++","StSLib","The Alterego","The Blue Laboratory","The Cursed","The Disciple","The Forsaken"],"gold_per_floor":[114,129,144,144,159,189,39,39,64,64,94,5,5,20,20,120,120,135,150,150,0,15,15,45,60,85,109,109,133,133,8,8,117,117,141,165,165,15,39,78,78,153,153,41,50,59,59,92,92,92,92],"floor_reached":50,"language":"ENG","playtime":1287,"items_purged":[],"score":600,"play_id":"4621317f-a027-4b6a-b0d3-7418905d8f47","local_time":"20210202212356","daily_mods":["Allstar","Time Dilation","Lethality"],"is_ascension_mode":false,"campfire_choices":[{"data":"Transmutation","floor":8,"key":"SMITH"},{"data":"hermit:Snapshot","floor":10,"key":"SMITH"},{"floor":15,"key":"REST"},{"data":"Mayhem","floor":23,"key":"SMITH"},{"floor":30,"key":"REST"},{"data":"hermit:Glare","floor":32,"key":"SMITH"},{"data":"hermit:Malice","floor":41,"key":"SMITH"},{"data":"hermit:Horror","floor":49,"key":"SMITH"}],"circlet_count":0,"master_deck":["hermit:Desperado","hermit:Desperado","hermit:Desperado","hermit:Dive","hermit:Defend_Hermit","hermit:Defend_Hermit","hermit:Defend_Hermit","hermit:Snapshot+1","hermit:Covet","Madness","Thinking Ahead","Transmutation+1","Mayhem+1","Master of Strategy","hermit:Ricochet","hermit:CalledShot","hermit:Glare+1","hermit:Glare","hermit:Coalescence","hermit:Combo","hermit:EyeOfTheStorm","hermit:Desperado","hermit:Spite","hermit:Dissolve","hermit:BodyArmor+1","hermit:Ricochet+1","hermit:Horror+1","hermit:Misfire","hermit:TrackingShot","hermit:Deadeye","hermit:Malice+1","hermit:FinalCanter","hermit:Combo+1","hermit:FlashPowder","hermit:Ricochet+1","hermit:CursedWeapon","hermit:Horror+1","Writhe","theForsaken:PlagueCurse","Parasite","hermit:Misfire+1"],"relics":["hermit:Momento","EVO:Axolotl","Matryoshka","conspire:Boomerang","Orichalcum","Boot","Bag of Marbles","energizedSpire:DeadBattery","GremlinMask","Lee\u0027s Waffle","CeramicFish","Smiling Mask","hermit:RyeStalk","White Beast Statue","SacredBark","Bottled Flame","Torii","StSpp:Monolith","conspire:Dentures","theForsaken:PlagueMask","Sundial"],"acts_visited":["Exordium","TheCity","TheBeyond"],"potions_floor_usage":[16,16,50,50,50,50],"damage_taken":[{"damage":0,"enemies":"Cultist","floor":1,"turns":1},{"damage":0,"enemies":"Small Slimes","floor":2,"turns":2},{"damage":0,"enemies":"Jaw Worm","floor":3,"turns":1},{"damage":0,"enemies":"Large Slime","floor":5,"turns":2},{"damage":20,"enemies":"3 Sentries","floor":6,"turns":4},{"damage":0,"enemies":"Gremlin Nob","floor":11,"turns":2},{"damage":0,"enemies":"Red Slaver","floor":14,"turns":1},{"damage":29,"enemies":"Hexaghost","floor":16,"turns":3},{"damage":2,"enemies":"Spheric Guardian","floor":18,"turns":3},{"damage":17,"enemies":"conspire:FuzzyDice","floor":19,"turns":2},{"damage":7,"enemies":"Sentry and Sphere","floor":22,"turns":3},{"damage":2,"enemies":"conspire:Head Lice","floor":24,"turns":2},{"damage":0,"enemies":"3 Cultists","floor":25,"turns":2},{"damage":10,"enemies":"Chosen and Byrds","floor":27,"turns":3},{"damage":10,"enemies":"Cultist and Chosen","floor":29,"turns":3},{"damage":16,"enemies":"conspire:MysteriousRune","floor":33,"turns":5},{"damage":2,"enemies":"3 Shapes","floor":35,"turns":2},{"damage":3,"enemies":"Orb Walker","floor":36,"turns":2},{"damage":0,"enemies":"Spire Growth","floor":39,"turns":2},{"damage":17,"enemies":"Giant Head","floor":40,"turns":5},{"damage":7,"enemies":"Writhing Mass","floor":48,"turns":3},{"damage":157,"enemies":"Time Eater","floor":50,"turns":9}],"seed_played":"4031875728642390749","potions_obtained":[{"floor":2,"key":"Block Potion"},{"floor":3,"key":"blueLaboratory:NullPotion"},{"floor":5,"key":"DuplicationPotion"},{"floor":14,"key":"blueLaboratory:FrostheartPotion"},{"floor":19,"key":"AttackPotion"},{"floor":24,"key":"blueLaboratory:AbyssPotion"},{"floor":27,"key":"FairyPotion"},{"floor":39,"key":"SkillPotion"},{"floor":40,"key":"SkillPotion"}],"is_trial":false,"path_per_floor":["M","M","M","?","M","E","$","R","T","R","E","$","?","M","R","B",null,"M","M","?","$","M","R","E","M","T","M","T","M","R","$","R","B",null,"M","M","?","$","M","E","R","T","T","$","?","?","T","M","R","B"],"character_chosen":"HERMIT","items_purchased":["conspire:Boomerang","hermit:EyeOfTheStorm","hermit:Desperado","Lee\u0027s Waffle","White Beast Statue","Potion Belt","hermit:Horror"],"campfire_rested":2,"item_purchase_floors":[7,12,12,21,31,38,44],"current_hp_per_floor":[75,75,75,80,80,60,60,60,60,60,60,60,60,60,80,51,80,78,61,61,87,80,80,78,78,78,68,68,58,84,84,84,68,87,85,82,82,82,82,65,65,65,65,65,87,87,87,80,80,0,0],"gold":92,"neow_bonus":"","is_daily":true,"chose_seed":false,"campfire_upgraded":6,"win_rate":0.0,"timestamp":1612322636,"path_taken":["M","M","?","?","M","E","?","R","T","R","E","$","?","M","R","BOSS","M","M","?","$","?","R","E","M","T","M","?","M","R","?","R","BOSS","M","M","?","$","M","E","R","?","T","?","?","?","?","M","R","BOSS"],"items_purchased_type":["Relic","Card","Card","Relic","Relic","Relic","Card"],"build_version":"2020-12-22","purchased_purges":0,"victory":false,"max_hp_per_floor":[75,75,75,80,80,80,80,80,80,80,80,80,80,80,80,80,80,80,80,80,87,87,87,87,87,87,87,87,87,87,87,87,87,87,87,87,87,87,87,87,87,87,87,87,87,87,87,87,87,87,87],"card_choices":[{"not_picked":["hermit:Headshot","hermit:CalledShot"],"picked":"hermit:Ricochet","floor":1},{"not_picked":["hermit:Spite","hermit:Feint"],"picked":"hermit:CalledShot","floor":2},{"not_picked":["hermit:Shortfuse","hermit:HighCaliber"],"picked":"hermit:Glare","floor":3},{"not_picked":["hermit:Spite","hermit:LowProfile"],"picked":"hermit:Glare","floor":5},{"not_picked":["hermit:Shortfuse","hermit:GhostlyPresence"],"picked":"hermit:Coalescence","floor":6},{"not_picked":["hermit:Cheat","hermit:Shortfuse"],"picked":"hermit:Combo","floor":11},{"not_picked":["hermit:DeadMansHand","hermit:Coalescence"],"picked":"hermit:Spite","floor":14},{"not_picked":["hermit:HighNoon","hermit:Gambit"],"picked":"hermit:Dissolve","floor":16},{"not_picked":["hermit:LowProfile","hermit:Feint+1"],"picked":"hermit:BodyArmor+1","floor":18},{"not_picked":["hermit:Cheat","hermit:HoleUp"],"picked":"hermit:Ricochet+1","floor":19},{"not_picked":["hermit:ItchyTrigger+1","hermit:GoldenBullet"],"picked":"hermit:Horror+1","floor":22},{"not_picked":["hermit:LowProfile","hermit:Deadeye"],"picked":"hermit:Misfire","floor":24},{"not_picked":["hermit:Snipe","hermit:Ricochet"],"picked":"hermit:TrackingShot","floor":25},{"not_picked":["hermit:WideOpen","hermit:Manifest"],"picked":"hermit:Deadeye","floor":27},{"not_picked":["hermit:LoneWolf","hermit:Roulette"],"picked":"hermit:Malice","floor":29},{"not_picked":["hermit:OverwhelmingPower","hermit:Reprieve"],"picked":"hermit:FinalCanter","floor":33},{"not_picked":["hermit:HoleUp+1","hermit:Roulette+1"],"picked":"hermit:Combo+1","floor":35},{"not_picked":["hermit:Shortfuse","hermit:Enervate"],"picked":"hermit:FlashPowder","floor":36},{"not_picked":["hermit:TakeAim+1","hermit:EyeOfTheStorm+1"],"picked":"hermit:Ricochet+1","floor":39},{"not_picked":["hermit:Ricochet","hermit:Glare"],"picked":"hermit:CursedWeapon","floor":40},{"not_picked":["hermit:WideOpen","hermit:EternalForm"],"picked":"hermit:Misfire+1","floor":48}],"player_experience":479932,"relics_obtained":[{"floor":6,"key":"Matryoshka"},{"floor":9,"key":"Orichalcum"},{"floor":9,"key":"Boot"},{"floor":11,"key":"Bag of Marbles"},{"floor":24,"key":"MealTicket"},{"floor":26,"key":"CeramicFish"},{"floor":26,"key":"Smiling Mask"},{"floor":28,"key":"hermit:RyeStalk"},{"floor":40,"key":"Torii"},{"floor":42,"key":"StSpp:Monolith"},{"floor":43,"key":"conspire:Dentures"},{"floor":47,"key":"Sundial"}],"event_choices":[{"damage_healed":0,"gold_gain":0,"player_choice":"Donut","damage_taken":0,"max_hp_gain":5,"max_hp_loss":0,"event_name":"Big Fish","floor":4,"gold_loss":0},{"cards_removed":["hermit:Desperado"],"damage_healed":0,"gold_gain":0,"player_choice":"Purged","damage_taken":0,"max_hp_gain":0,"max_hp_loss":0,"event_name":"Purifier","floor":13,"gold_loss":0},{"damage_healed":0,"gold_gain":0,"player_choice":"Trade","damage_taken":0,"relics_obtained":["GremlinMask"],"max_hp_gain":0,"max_hp_loss":0,"event_name":"FaceTrader","floor":20,"gold_loss":0},{"damage_healed":22,"gold_gain":0,"player_choice":"Writhe","damage_taken":0,"max_hp_gain":0,"max_hp_loss":0,"event_name":"Winding Halls","floor":45,"gold_loss":0,"cards_obtained":["Writhe"]},{"damage_healed":0,"gold_gain":0,"player_choice":"Obtain Plague Curse","damage_taken":0,"max_hp_gain":0,"max_hp_loss":0,"event_name":"Plague Doctor","floor":46,"gold_loss":0,"cards_obtained":["theForsaken:PlagueCurse"]}],"is_beta":false,"boss_relics":[{"not_picked":["Velvet Choker","energizedSpire:SpiderWeb"],"picked":"energizedSpire:DeadBattery"},{"not_picked":["Coffee Dripper","energizedSpire:StickyHand"],"picked":"SacredBark"}],"items_purged_floors":[],"is_endless":false,"potions_floor_spawned":[2,3,5,14,19,24,27,33,35,36,39,40,48],"killed_by":"Time Eater","ascension_level":0}}