{"host":"iy2a593ihq2f18ts","time":1612338295,"event":{"mods":["2.2 Compatiblity","AchievementEnabler","BaseMod","Bestiary","Better Third Choice","Block Reminder","Card Forge","Curses Come First","Dark Map","Downfall","Energized Spire","Hermit","Marisa????????","Minty Spire (QoL Compilation)","Rare Cards Sparkle","Replay The Spire","StSLib","SuperFastMode","The Bug Knight","The Necromancer","The Runesmith","The Servant 0.9.4"],"gold_per_floor":[117,117,133,133,9,53,72,110,179,195,215,215,66,84,84,205,205,218,65,90,115,115,115,115,159,159,159,175,175,214,233,316,440,440,454,468,468,174,174,174,217,230,257,257,290,305,323,34,34,34],"floor_reached":51,"language":"ENG","playtime":1377,"items_purged":[],"score":932,"play_id":"9b4fead4-68f8-4a50-9e6e-44a48f99aa9b","local_time":"20210202234455","is_ascension_mode":false,"campfire_choices":[{"floor":12,"key":"REST"},{"floor":15,"key":"REST"},{"floor":23,"key":"REST"},{"floor":40,"key":"REST"},{"floor":49,"key":"REST"}],"circlet_count":0,"master_deck":["Survivor+1","Dash+1","Backflip+1","Slice+1","Terror+1","Slice+1","Blur+1","Dagger Throw+1","Sucker Punch+1","Sucker Punch+1","Blade Dance+1","Phantasmal Killer+1","Deflect+1","Hidden Blade+1","Backstab+1","Deflect+1","Prepared+1","Slice+1","Flying Knee+1","Glass Knife+1","Flying Knee+1","Skewer+1","Hidden Blade+1","Slice+1"],"relics":["Hammer of Thor","Seething Fire","Anvil of the Gods","NeowsBlessing","Sizzling Blood","Golden Idol","Gambling Chip","Lantern","Replay:Bottled Steam","HandDrill","energizedSpire:OgreHead","ReplayTheSpireMod:TigerMarble","Enchiridion","Vajra","Onion Ring","ReplayTheSpireMod:Lightbulb","Replay:Ringing Soul","Sozu","InkBottle","TungstenRod","Mango","Bronze Scales","HornCleat","Orichalcum","StoneCalendar"],"acts_visited":["Exordium","TheCity","TheBeyond"],"potions_floor_usage":[16,21,33],"damage_taken":[{"damage":0,"enemies":"Small Slimes","floor":1,"turns":1},{"damage":0,"enemies":"2 Louse","floor":3,"turns":1},{"damage":0,"enemies":"3 Sentries","floor":6,"turns":2},{"damage":0,"enemies":"Jaw Worm","floor":7,"turns":2},{"damage":0,"enemies":"HollowMod:MossKnight","floor":8,"turns":2},{"damage":0,"enemies":"Blue Slaver","floor":10,"turns":2},{"damage":0,"enemies":"Large Slime","floor":11,"turns":2},{"damage":0,"enemies":"Gremlin Gang","floor":14,"turns":3},{"damage":0,"enemies":"Fading Forest","floor":16,"turns":11},{"damage":0,"enemies":"Spheric Guardian","floor":18,"turns":3},{"damage":0,"enemies":"Chosen and Byrds","floor":20,"turns":3},{"damage":0,"enemies":"Snecko","floor":21,"turns":3},{"damage":0,"enemies":"Replay:Snechameleon","floor":25,"turns":2},{"damage":0,"enemies":"Shelled Parasite and Fungi","floor":28,"turns":2},{"damage":1,"enemies":"Book of Stabbing","floor":30,"turns":2},{"damage":0,"enemies":"Snake Plant","floor":31,"turns":1},{"damage":0,"enemies":"Collector","floor":33,"turns":4},{"damage":0,"enemies":"Orb Walker","floor":35,"turns":2},{"damage":13,"enemies":"3 Darklings","floor":36,"turns":3},{"damage":2,"enemies":"Nemesis","floor":41,"turns":3},{"damage":0,"enemies":"Maw","floor":42,"turns":3},{"damage":0,"enemies":"R_Hoarder","floor":45,"turns":2},{"damage":3,"enemies":"4 Shapes","floor":46,"turns":3},{"damage":1,"enemies":"Writhing Mass","floor":47,"turns":2},{"damage":10,"enemies":"Replay:Hell Engine","floor":50,"turns":5}],"seed_played":"46496596789719021","potions_obtained":[{"floor":1,"key":"hexamod:SoulburnPotion"},{"floor":10,"key":"Fruit Juice"},{"floor":14,"key":"Languid Potion"},{"floor":16,"key":"ColorlessPotion"},{"floor":30,"key":"DuplicationPotion"}],"is_trial":false,"path_per_floor":["M","?","M","?","$","E","M","E","T","M","M","R","$","M","R","B",null,"M","$","M","M","?","R","?","E","T","?","M","?","E","M","R","B",null,"M","M","T","$","?","R","E","M","T","T","E","M","M","$","R","B",null],"character_chosen":"THE_SILENT","items_purchased":["Slice","Terror","HandDrill","ReplayTheSpireMod:TigerMarble","TungstenRod","StoneCalendar"],"campfire_rested":5,"item_purchase_floors":[5,5,13,19,38,48],"current_hp_per_floor":[70,74,74,74,74,74,74,74,74,74,74,74,74,74,74,79,79,79,79,79,79,63,79,79,79,79,79,79,79,82,85,85,88,88,91,85,85,85,85,94,111,111,111,111,114,114,117,117,117,111],"gold":34,"neow_bonus":"THREE_ENEMY_KILL","is_daily":false,"chose_seed":false,"campfire_upgraded":0,"win_rate":0.0,"timestamp":1612338295,"path_taken":["M","?","M","?","$","E","M","E","T","M","M","R","$","M","R","BOSS","M","$","M","M","?","R","?","E","T","?","?","?","E","M","R","BOSS","M","?","?","$","?","R","E","M","T","?","E","M","M","$","R","BOSS"],"items_purchased_type":["Card","Card","Relic","Relic","Relic","Relic"],"build_version":"2020-12-22","purchased_purges":0,"victory":true,"max_hp_per_floor":[70,74,74,74,74,74,74,74,74,74,74,74,74,74,74,79,79,79,79,79,79,79,79,79,79,79,79,79,79,82,85,85,88,88,91,94,94,94,94,94,111,111,111,111,114,114,117,117,117,117],"card_choices":[{"not_picked":["Acrobatics","Noxious Fumes"],"picked":"Dash","floor":1},{"not_picked":["Sucker Punch","Deadly Poison"],"picked":"Backflip","floor":3},{"not_picked":["Dodge and Roll","Flying Knee"],"picked":"Slice","floor":6},{"not_picked":["Flechettes","Distraction"],"picked":"Blur","floor":7},{"not_picked":["Infinite Blades","Poisoned Stab"],"picked":"Dagger Throw","floor":8},{"not_picked":["Deadly Poison","Dagger Spray"],"picked":"Sucker Punch","floor":10},{"not_picked":["Expertise","ReplayTheSpireMod:Tripwire"],"picked":"Sucker Punch","floor":11},{"not_picked":["Distraction","Dodge and Roll"],"picked":"Blade Dance","floor":14},{"not_picked":["Atom Bomb","Unload"],"picked":"Phantasmal Killer","floor":16},{"not_picked":["Well Laid Plans","Blade Dance"],"picked":"Predator","floor":18},{"not_picked":["Predator","Caltrops"],"picked":"Deflect","floor":20},{"not_picked":["Backflip","Dodge and Roll+1"],"picked":"Hidden Blade","floor":21},{"not_picked":["ReplayTheSpireMod:Shiv Toss","Leg Sweep"],"picked":"Deflect","floor":25},{"not_picked":["Eviscerate","Draining Mist"],"picked":"Prepared+1","floor":28},{"not_picked":["Wraith Form v2","Dagger Throw"],"picked":"Slice","floor":30},{"not_picked":["Backflip","Predator"],"picked":"Flying Knee","floor":31},{"not_picked":["Poison Darts","Burst"],"picked":"Glass Knife","floor":33},{"not_picked":["Dagger Throw","Terror+1"],"picked":"Flying Knee","floor":35},{"not_picked":["Replay:Poison Smokescreen+1","Poisoned Stab"],"picked":"Skewer+1","floor":36},{"not_picked":["Heel Hook","Replay:Poison Smokescreen"],"picked":"Hidden Blade+1","floor":41},{"not_picked":["Sucker Punch","Prepared","Deflect"],"picked":"SKIP","floor":42},{"not_picked":["Acrobatics","Dodge and Roll+1"],"picked":"Atom Bomb","floor":45},{"not_picked":["Expertise+1","Sucker Punch+1","Blade Dance+1"],"picked":"SKIP","floor":46},{"not_picked":["Prepared+1","Outmaneuver"],"picked":"Slice+1","floor":47}],"player_experience":5564,"relics_obtained":[{"floor":6,"key":"Gambling Chip"},{"floor":8,"key":"Lantern"},{"floor":9,"key":"Replay:Bottled Steam"},{"floor":22,"key":"Enchiridion"},{"floor":25,"key":"Vajra"},{"floor":26,"key":"Onion Ring"},{"floor":30,"key":"Replay:Ringing Soul"},{"floor":37,"key":"InkBottle"},{"floor":41,"key":"Mango"},{"floor":43,"key":"Bronze Scales"},{"floor":44,"key":"HornCleat"},{"floor":45,"key":"Orichalcum"}],"event_choices":[{"damage_healed":0,"gold_gain":0,"player_choice":"Take Wound","damage_taken":0,"relics_obtained":["Golden Idol"],"max_hp_gain":0,"max_hp_loss":0,"event_name":"Golden Idol","floor":4,"gold_loss":0,"cards_obtained":["Injury"]},{"damage_healed":0,"gold_gain":0,"player_choice":"Obtained Book","damage_taken":16,"max_hp_gain":0,"max_hp_loss":0,"event_name":"Cursed Tome","floor":22,"gold_loss":0},{"damage_healed":0,"gold_gain":0,"player_choice":"Read","damage_taken":0,"max_hp_gain":0,"max_hp_loss":0,"event_name":"The Library","floor":24,"gold_loss":0,"cards_obtained":["Backstab"]},{"damage_healed":0,"gold_gain":0,"player_choice":"Gave Potion","damage_taken":0,"relics_obtained":["ReplayTheSpireMod:Lightbulb"],"max_hp_gain":0,"max_hp_loss":0,"event_name":"WeMeetAgain","floor":27,"gold_loss":0},{"damage_healed":0,"gold_gain":0,"player_choice":"Ignored","damage_taken":0,"max_hp_gain":0,"max_hp_loss":0,"event_name":"Upgrade Shrine","floor":29,"gold_loss":0},{"cards_removed":["Predator"],"damage_healed":0,"gold_gain":0,"player_choice":"Removed Attack","damage_taken":0,"max_hp_gain":0,"max_hp_loss":0,"event_name":"Falling","floor":39,"gold_loss":0}],"is_beta":false,"boss_relics":[{"not_picked":["energizedSpire:RedRose","Abe\u0027s Treasure"],"picked":"energizedSpire:OgreHead"},{"not_picked":["Ring of Chaos","energizedSpire:SpiderWeb"],"picked":"Sozu"}],"items_purged_floors":[],"is_endless":false,"potions_floor_spawned":[1,10,14,16,18,30,35,42,47],"ascension_level":0}}