{"host":"l4p18zw33fr8bdc3","time":1612393052,"event":{"mods":["AchievementEnabler","BaseMod","Bestiary","Block Reminder","Colored Map","Colored Powertips","Curses Come First","Minty Spire (QoL Compilation)","Quick Restart","Rare Cards Sparkle","StSLib"],"gold_per_floor":[112,187,204,75,75,108,119,119,119,119,135,135,145,162,162,258,258,272,232,67,81,95,95,130,4,4,4,4,4,38,55,55,55,55],"floor_reached":33,"language":"ENG","playtime":3818,"items_purged":["Whirlwind","Clash"],"score":314,"play_id":"44cdf9a8-8d00-45be-8ab4-1ab0850fbc00","local_time":"20210203175732","is_ascension_mode":true,"campfire_choices":[{"floor":8,"key":"REST"},{"data":"Entrench","floor":12,"key":"SMITH"},{"floor":15,"key":"REST"},{"data":"True Grit","floor":23,"key":"SMITH"},{"floor":27,"key":"REST"},{"floor":29,"key":"REST"},{"data":"Flame Barrier","floor":32,"key":"SMITH"}],"circlet_count":0,"master_deck":["Bash","Pummel","Sentinel+1","Demon Form","Dark Embrace","Bludgeon","Whirlwind","Exhume","Dual Wield","Shrug It Off","Berserk","Pommel Strike","Entrench+1","Pummel","Barricade","Feed","CurseOfTheBell","Seeing Red","Enlightenment","Metallicize","True Grit+1","True Grit+1","Flame Barrier+1","Thunderclap","Shockwave","Rage+1"],"relics":["Pandora\u0027s Box","Singing Bowl","Kunai","Calling Bell","Akabeko","Blue Candle","Incense Burner","Ancient Tea Set","Bag of Marbles","Pantograph"],"acts_visited":["Exordium","TheCity"],"potions_floor_usage":[13,16,16,22,24,33],"damage_taken":[{"damage":12,"enemies":"Small Slimes","floor":1,"turns":3},{"damage":12,"enemies":"Jaw Worm","floor":3,"turns":2},{"damage":14,"enemies":"Gremlin Nob","floor":6,"turns":3},{"damage":0,"enemies":"Cultist","floor":7,"turns":2},{"damage":5,"enemies":"3 Louse","floor":11,"turns":2},{"damage":6,"enemies":"Red Slaver","floor":13,"turns":3},{"damage":32,"enemies":"Gremlin Gang","floor":14,"turns":6},{"damage":31,"enemies":"The Guardian","floor":16,"turns":10},{"damage":26,"enemies":"Chosen","floor":18,"turns":5},{"damage":13,"enemies":"Spheric Guardian","floor":21,"turns":3},{"damage":19,"enemies":"Snake Plant","floor":22,"turns":5},{"damage":16,"enemies":"Gremlin Leader","floor":24,"turns":9},{"damage":4,"enemies":"Slavers","floor":30,"turns":7},{"damage":26,"enemies":"3 Cultists","floor":31,"turns":8},{"damage":58,"enemies":"Collector","floor":33,"turns":6}],"seed_played":"-379971525759603436","potions_obtained":[{"floor":1,"key":"Explosive Potion"},{"floor":7,"key":"SkillPotion"},{"floor":11,"key":"LiquidBronze"},{"floor":19,"key":"Weak Potion"},{"floor":19,"key":"ElixirPotion"},{"floor":19,"key":"BlessingOfTheForge"},{"floor":30,"key":"LiquidBronze"}],"is_trial":false,"path_per_floor":["M","?","M","$","?","E","M","R","T","?","M","R","M","M","R","B",null,"M","?","$","M","M","R","E","$","T","R","?","R","E","M","R","B"],"character_chosen":"IRONCLAD","items_purchased":["Shrug It Off","Enlightenment","Metallicize","Thunderclap"],"campfire_rested":4,"item_purchase_floors":[4,20,20,25],"current_hp_per_floor":[68,57,45,45,45,31,31,55,55,55,50,50,44,12,36,5,80,54,54,54,41,25,25,9,9,9,33,33,57,53,27,27,0,0],"gold":55,"neow_bonus":"BOSS_RELIC","is_daily":false,"chose_seed":false,"campfire_upgraded":3,"win_rate":0.0,"timestamp":1612393052,"path_taken":["M","?","M","$","?","E","M","R","T","?","M","R","M","M","R","BOSS","M","?","$","M","?","R","E","$","T","R","?","R","E","M","R","BOSS"],"items_purchased_type":["Card","Card","Card","Card"],"build_version":"2020-12-22","purchased_purges":2,"victory":false,"max_hp_per_floor":[80,80,80,80,80,80,80,80,80,80,80,80,80,80,80,80,80,80,80,80,80,83,83,83,83,83,83,83,83,83,83,83,83,83],"card_choices":[{"not_picked":["Body Slam","Headbutt"],"picked":"Dual Wield","floor":1},{"not_picked":["Dropkick","Twin Strike","Warcry"],"picked":"SKIP","floor":3},{"not_picked":["Twin Strike","Blood for Blood"],"picked":"Berserk","floor":6},{"not_picked":["Headbutt","Clothesline"],"picked":"Pommel Strike","floor":7},{"not_picked":["Combust","Pommel Strike"],"picked":"Entrench","floor":11},{"not_picked":["Uppercut","Flex"],"picked":"Pummel","floor":13},{"not_picked":["Carnage","Flex"],"picked":"Barricade","floor":14},{"not_picked":["Bludgeon","Demon Form"],"picked":"Feed","floor":16},{"not_picked":["Rampage","Pommel Strike"],"picked":"Seeing Red","floor":18},{"not_picked":["Barricade","Battle Trance"],"picked":"True Grit+1","floor":21},{"not_picked":["Perfected Strike","Havoc"],"picked":"True Grit","floor":22},{"not_picked":["Battle Trance","Double Tap"],"picked":"Flame Barrier","floor":24},{"not_picked":["Sentinel+1","Seeing Red"],"picked":"Shockwave","floor":30},{"not_picked":["Iron Wave","Body Slam"],"picked":"Rage+1","floor":31}],"player_experience":215734,"relics_obtained":[{"floor":6,"key":"Singing Bowl"},{"floor":9,"key":"Kunai"},{"floor":17,"key":"Akabeko"},{"floor":17,"key":"Blue Candle"},{"floor":17,"key":"Incense Burner"},{"floor":24,"key":"Ancient Tea Set"},{"floor":30,"key":"Pantograph"}],"event_choices":[{"damage_healed":0,"gold_gain":75,"player_choice":"Gather Gold","damage_taken":11,"max_hp_gain":0,"max_hp_loss":0,"event_name":"World of Goop","floor":2,"gold_loss":0},{"damage_healed":0,"gold_gain":0,"player_choice":"Grow","damage_taken":0,"max_hp_gain":0,"max_hp_loss":0,"event_name":"Living Wall","floor":5,"gold_loss":0,"cards_upgraded":["Sentinel"]},{"damage_healed":0,"gold_gain":0,"player_choice":"Ignored","damage_taken":0,"max_hp_gain":0,"max_hp_loss":0,"event_name":"Golden Idol","floor":10,"gold_loss":0},{"damage_healed":0,"gold_gain":0,"player_choice":"Bought 3 Potions","damage_taken":0,"max_hp_gain":0,"max_hp_loss":0,"event_name":"The Woman in Blue","floor":19,"gold_loss":0},{"damage_healed":0,"gold_gain":0,"player_choice":"Gave Potion","damage_taken":0,"relics_obtained":["Bag of Marbles"],"max_hp_gain":0,"max_hp_loss":0,"event_name":"WeMeetAgain","floor":28,"gold_loss":0}],"is_beta":false,"boss_relics":[{"not_picked":["Tiny House","Astrolabe"],"picked":"Calling Bell"}],"items_purged_floors":[4,25],"is_endless":false,"potions_floor_spawned":[1,7,11,30],"killed_by":"Collector","ascension_level":2}}