{"host":"6e4d2nejd5141r00","time":1612376810,"event":{"mods":["Act Like it!","BaseMod","Better Synergies","Better Third Choice","BetterRewards","Colored Map","Colored Powertips","Downfall","GifTheSpireLib","Infinite Spire","Minty Spire (QoL Compilation)","Pale of the Ancients","Relic Stats","Replay The Spire","StSLib","Wandering Minibosses"],"gold_per_floor":[114,114,125,125,137,137,137],"floor_reached":6,"language":"ENG","playtime":190,"items_purged":[],"score":36,"play_id":"64661a06-453b-4ba4-9a62-0a599e27a336","local_time":"20210203192650","is_ascension_mode":false,"campfire_choices":[],"circlet_count":0,"master_deck":["Strike_P","Strike_P","Strike_P","Strike_P","Defend_P","Defend_P","Defend_P","Eruption","Vigilance","Worship","Replay:Vibes","downfall:Bewildered","Replay:BasicMightCard","FlurryOfBlows"],"relics":["PureWater","Gremlin Food"],"acts_visited":["Exordium"],"potions_floor_usage":[],"damage_taken":[{"damage":0,"enemies":"Jaw Worm","floor":1,"turns":3},{"damage":3,"enemies":"2 Louse","floor":3,"turns":3},{"damage":12,"enemies":"Cultist","floor":5,"turns":3},{"damage":52,"enemies":"Gremlin Nob","floor":6,"turns":5}],"seed_played":"4750523095254195876","potions_obtained":[],"is_trial":false,"path_per_floor":["M","?","M","?","M","E"],"character_chosen":"WATCHER","items_purchased":[],"campfire_rested":0,"item_purchase_floors":[],"current_hp_per_floor":[72,65,62,62,50,0,0],"gold":137,"neow_bonus":"RANDOM_COMMON_RELIC","is_daily":false,"chose_seed":false,"campfire_upgraded":0,"win_rate":0.0,"timestamp":1612376810,"path_taken":["M","?","M","?","M","E"],"items_purchased_type":[],"build_version":"2020-12-22","purchased_purges":0,"victory":false,"max_hp_per_floor":[72,72,72,72,72,72,72],"relic_stats":{"counters":[4,14],"obtain_stats":[{"Gremlin Food":0,"PureWater":0},{"Gremlin Food":0,"PureWater":0},{"Gremlin Food":0,"PureWater":0}]},"card_choices":[{"not_picked":["Wireheading","JustLucky"],"picked":"Worship","floor":1},{"not_picked":["Worship","Crescendo"],"picked":"Replay:Vibes","floor":3},{"not_picked":["MentalFortress","Replay:BluntJabs"],"picked":"FlurryOfBlows","floor":5}],"player_experience":131938,"relics_obtained":[],"event_choices":[{"cards_removed":["Defend_P"],"damage_healed":0,"gold_gain":0,"player_choice":"Card Removal","damage_taken":7,"max_hp_gain":0,"max_hp_loss":0,"event_name":"Golden Wing","floor":2,"gold_loss":0},{"damage_healed":0,"gold_gain":0,"player_choice":"2 cards matched","damage_taken":0,"max_hp_gain":0,"max_hp_loss":0,"event_name":"Match and Keep!","floor":4,"gold_loss":0,"cards_obtained":["downfall:Bewildered","Replay:BasicMightCard"]}],"is_beta":false,"boss_relics":[],"items_purged_floors":[],"is_endless":false,"potions_floor_spawned":[],"killed_by":"Gremlin Nob","ascension_level":0}}