{"host":"1q02rw1wpi0nrsss","time":1612363187,"event":{"mods":["AchievementEnabler","BaseMod","Better Note","Custom Start","Dark Map","DeckTracker","Disable Question Mark Monsters","Hermit","Minty Spire (QoL Compilation)","Permanent Neow","Quick Restart","Rare Cards Sparkle","Relic Stats","StSLib"],"gold_per_floor":[117,135,135,34,34,34,34],"floor_reached":6,"language":"ENG","playtime":235,"items_purged":[],"score":34,"play_id":"737e5fd3-0f1d-41b9-a35b-699bf532c2be","local_time":"20210203063947","is_ascension_mode":false,"campfire_choices":[],"circlet_count":0,"master_deck":["Strike_G","Strike_G","Strike_G","Strike_G","Defend_G","Defend_G","Defend_G","Defend_G","Defend_G","Survivor","Neutralize","Dodge and Roll","Flechettes","Backflip","Backflip","Dagger Spray"],"relics":["Ring of the Snake","Happy Flower"],"acts_visited":["Exordium"],"potions_floor_usage":[6],"damage_taken":[{"damage":1.0,"enemies":"2 Louse","floor":1.0,"turns":3.0},{"damage":1.0,"enemies":"Cultist","floor":2.0,"turns":4.0},{"damage":39,"enemies":"Lagavulin","floor":6,"turns":11}],"seed_played":"7450879646640229034","potions_obtained":[{"floor":2.0,"key":"FearPotion"}],"is_trial":false,"path_per_floor":["M","M","?","$","T","E"],"character_chosen":"THE_SILENT","items_purchased":["Backflip","Dagger Spray"],"campfire_rested":0,"item_purchase_floors":[4,4],"current_hp_per_floor":[69,68,68,68,68,29,29],"gold":34,"neow_bonus":"THREE_CARDS","is_daily":false,"chose_seed":false,"campfire_upgraded":0,"win_rate":0.0,"timestamp":1612363187,"path_taken":["M","M","?","$","?","E"],"items_purchased_type":["Card","Card"],"build_version":"2020-12-22","purchased_purges":0,"victory":false,"max_hp_per_floor":[70,70,70,70,70,70,70],"relic_stats":{"Happy Flower":[3],"counters":[3,18],"obtain_stats":[{"Happy Flower":5,"Ring of the Snake":0},{"Happy Flower":2,"Ring of the Snake":0},{"Happy Flower":7,"Ring of the Snake":0}],"Ring of the Snake":[6]},"card_choices":[{"not_picked":["Outmaneuver","Underhanded Strike"],"picked":"Dodge and Roll","floor":0.0},{"not_picked":["Acrobatics","Skewer"],"picked":"Flechettes","floor":1.0},{"not_picked":["Underhanded Strike","Masterful Stab","Prepared"],"picked":"SKIP","floor":2.0}],"player_experience":264510,"relics_obtained":[{"floor":5.0,"key":"Happy Flower"}],"event_choices":[{"damage_healed":0.0,"max_hp_gain":0.0,"max_hp_loss":0.0,"gold_gain":0.0,"cards_transformed":["Strike_G"],"event_name":"Transmorgrifier","player_choice":"Transformed","floor":3.0,"gold_loss":0.0,"damage_taken":0.0,"cards_obtained":["Backflip"]}],"is_beta":false,"boss_relics":[],"items_purged_floors":[],"is_endless":false,"potions_floor_spawned":[2],"killed_by":"Lagavulin","ascension_level":0}}