{"host":"4rvk26w7t08d5zdj","time":1612388820,"event":{"mods":["AchievementEnabler","BaseMod","Challenge The Spire","Colored Powertips","Conspire","Energized Spire","GifTheSpireLib","Minty Spire (QoL Compilation)","Rare Cards Sparkle","Relic Filter Mod","Reliquary","Spire Arcade","StSLib","The Animator","The Blue Laboratory"],"gold_per_floor":[363,16,44,72,100,100,100,100,135,164,198,198,198,198,227,254,154,154,154],"floor_reached":18,"language":"ENG","playtime":1564,"items_purged":[],"score":453,"play_id":"77cb0f68-4e97-4b53-91d4-ac95d19a4845","local_time":"20210203134700","daily_mods":["challengethespire:Gold Difficulty","challengethespire:Elite Rush","Uncertain Future"],"is_ascension_mode":true,"campfire_choices":[{"data":"animator:Archer","floor":7.0,"key":"SMITH"},{"data":"animator:Chung","floor":8.0,"key":"SMITH"},{"floor":13,"key":"REST"},{"data":"animator:Eris","floor":14,"key":"SMITH"}],"circlet_count":0,"master_deck":["AscendersBane","animator:Strike_Elsword","animator:Defend_Elsword+1","animator:Strike","animator:Strike","animator:Defend","animator:Defend","animator:Chung+1","animator:Raven","animator:Millim+2","animator:Canti","animator:ChaikaBohdan","animator:Ciel","animator:Eris+1","animator:Archer+1","CurseOfTheBell","animator:Ara","animator:Rena","animator:Kaijin+1","animator:Benimaru"],"relics":["animator:LivingPicture","animator:TheMissingPiece","Black Star","Sling","PreservedInsect","animator:PurgingStone","Strawberry","Ice Cream","reliquary:BoilingFlask","Lantern","Ginger","CaptainsWheel","Vajra","Lantern","Calling Bell","reliquary:Stiletto","Blue Candle","Thread and Needle","animator:HeavyHalberd","animator:OldCoffin","Letter Opener","Omamori","Akabeko","Frozen Egg 2","Empty Cage","reliquary:SharkskinSheath","Dead Branch","Toy Ornithopter","conspire:GiftBox"],"acts_visited":["Exordium"],"potions_floor_usage":[9,9,18,18],"damage_taken":[{"damage":0.0,"enemies":"Lagavulin","floor":3.0,"turns":5.0},{"damage":0.0,"enemies":"3 Sentries","floor":4.0,"turns":7.0},{"damage":4.0,"enemies":"Gremlin Nob","floor":5.0,"turns":3.0},{"damage":2,"enemies":"Gremlin Leader","floor":9,"turns":5},{"damage":36,"enemies":"Slavers","floor":10,"turns":5},{"damage":7,"enemies":"Book of Stabbing","floor":11,"turns":4},{"damage":13,"enemies":"Nemesis","floor":15,"turns":5},{"damage":40,"enemies":"Giant Head","floor":16,"turns":8},{"damage":3,"enemies":"Reptomancer","floor":17,"turns":3},{"damage":30,"enemies":"Shield and Spear","floor":18,"turns":5}],"seed_played":"-34650267666498370","potions_obtained":[{"floor":3.0,"key":"FearPotion"},{"floor":5.0,"key":"animator:GrowthPotion"},{"floor":11,"key":"blueLaboratory:ImpenetrablePotion"},{"floor":16,"key":"blueLaboratory:ArtificerPotion"}],"is_trial":true,"path_per_floor":["$","$","E","E","E","T","R","R","E","E","E","T","R","R","E","E","E","E"],"character_chosen":"THE_ANIMATOR","items_purchased":["animator:Millim","Strawberry","animator:Canti","animator:ChaikaBohdan","animator:FalseLifePotion","Ice Cream","animator:Ciel"],"campfire_rested":1,"item_purchase_floors":[1,1,1,1,1,2,2],"current_hp_per_floor":[61,61,61,64,63,63,63,63,64,31,27,27,47,47,40,10,20,0,0],"gold":154,"neow_bonus":"","is_daily":false,"chose_seed":false,"campfire_upgraded":3,"win_rate":0.0,"timestamp":1612388820,"path_taken":["$","$","E","E","E","T","R","R","E","E","E","T","R","R","E","E","E","E"],"items_purchased_type":["Card","Relic","Card","Card","Potion","Relic","Card"],"build_version":"2020-12-22","purchased_purges":0,"victory":false,"max_hp_per_floor":[67,67,67,67,67,67,67,67,67,67,67,67,67,67,67,67,67,67,67],"card_choices":[{"not_picked":["animator:Shiro+1","animator:Wiz"],"picked":"animator:Eris","floor":16}],"player_experience":1074890,"relics_obtained":[{"floor":3.0,"key":"reliquary:BoilingFlask"},{"floor":3.0,"key":"Lantern"},{"floor":4.0,"key":"Ginger"},{"floor":4.0,"key":"CaptainsWheel"},{"floor":5.0,"key":"Vajra"},{"floor":5.0,"key":"reliquary:SculptingSteel"},{"floor":6.0,"key":"reliquary:Stiletto"},{"floor":6.0,"key":"Blue Candle"},{"floor":6.0,"key":"Thread and Needle"},{"floor":9,"key":"animator:HeavyHalberd"},{"floor":9,"key":"animator:OldCoffin"},{"floor":10,"key":"Letter Opener"},{"floor":10,"key":"Omamori"},{"floor":11,"key":"Akabeko"},{"floor":11,"key":"Frozen Egg 2"},{"floor":15,"key":"reliquary:SharkskinSheath"},{"floor":15,"key":"Dead Branch"},{"floor":16,"key":"Toy Ornithopter"},{"floor":16,"key":"conspire:GiftBox"}],"event_choices":[],"is_beta":false,"boss_relics":[{"not_picked":["Fusion Hammer","reliquary:Ember"],"picked":"Calling Bell"},{"not_picked":["conspire:RunicOctahedron","SacredBark"],"picked":"Empty Cage"}],"items_purged_floors":[],"is_endless":false,"potions_floor_spawned":[3,5,11,16,17],"killed_by":"Shield and Spear","ascension_level":15}}