{"host":"yqw1zpryoutrnocq","time":1612392822,"event":{"mods":["2.2 Compatiblity","AchievementEnabler","BaseMod","Colored Map","Custom Start","DeckTracker","Minty Spire (QoL Compilation)","StSLib","SuperFastMode"],"gold_per_floor":[118,9,26,101,170,195,270,304,304,339,350,350,380,396,396,493,493,508,23,42,57,7,7,23,52,52,72,105,139,139,152,152,250,550,563,578,597,21,37,37,37,37,60,110,141,141,156,191,191,191,191,191,20,52,52],"floor_reached":56,"language":"KOR","playtime":1732,"items_purged":["Strike_B","Strike_B"],"score":1633,"play_id":"53700927-a2b5-4e66-b6cb-288296148ee0","local_time":"20210203165342","is_ascension_mode":true,"campfire_choices":[{"data":"Double Energy","floor":12.0,"key":"SMITH"},{"data":"Zap","floor":15.0,"key":"SMITH"},{"data":"Electrodynamics","floor":23.0,"key":"SMITH"},{"floor":32.0,"key":"RECALL"},{"data":"1","floor":40.0,"key":"LIFT"},{"data":"2","floor":42.0,"key":"LIFT"},{"data":"3","floor":46.0,"key":"LIFT"},{"data":"Double Energy","floor":49.0,"key":"SMITH"},{"data":"Seek","floor":52.0,"key":"SMITH"}],"circlet_count":0,"master_deck":["Strike_B","Strike_B","Defend_B","Defend_B","Defend_B","Defend_B","Zap+1","Dualcast","Ball Lightning","Glacier","Self Repair","Gash","Double Energy+1","Barrage","Electrodynamics+1","Cold Snap","Gash","Cold Snap","Echo Form","BootSequence","Sunder+1","Steam","Stack","Coolheaded","Genetic Algorithm+1","Coolheaded","Creative AI+1","Blizzard+1","White Noise+1","Machine Learning+1","CurseOfTheBell","Stack+1","Redo+1","Defragment+1","Turbo","Seek+1","White Noise+1","Double Energy+1","Chill+1","Coolheaded","Capacitor+1"],"relics":["Cracked Core","NeowsBlessing","Matryoshka","Happy Flower","Potion Belt","HornCleat","Ornamental Fan","Gambling Chip","Anchor","SacredBark","Frozen Egg 2","Runic Capacitor","Vajra","Akabeko","Girya","Bottled Lightning","Red Mask","Calling Bell","Bronze Scales","StrikeDummy","Old Coin","Bottled Tornado","HandDrill","CaptainsWheel","PreservedInsect","Centennial Puzzle","Art of War"],"acts_visited":["Exordium","TheCity","TheBeyond","TheEnding"],"potions_floor_usage":[55,55,55],"damage_taken":[{"damage":0.0,"enemies":"Cultist","floor":1.0,"turns":1.0},{"damage":0.0,"enemies":"Jaw Worm","floor":3.0,"turns":1.0},{"damage":0.0,"enemies":"Gremlin Nob","floor":6.0,"turns":1.0},{"damage":16.0,"enemies":"3 Sentries","floor":8.0,"turns":8.0},{"damage":11.0,"enemies":"Gremlin Nob","floor":10.0,"turns":4.0},{"damage":10.0,"enemies":"Small Slimes","floor":11.0,"turns":2.0},{"damage":10.0,"enemies":"3 Sentries","floor":13.0,"turns":3.0},{"damage":0.0,"enemies":"Blue Slaver","floor":14.0,"turns":3.0},{"damage":6.0,"enemies":"Slime Boss","floor":16.0,"turns":8.0},{"damage":5.0,"enemies":"Shell Parasite","floor":18.0,"turns":5.0},{"damage":19.0,"enemies":"Chosen","floor":20.0,"turns":5.0},{"damage":6.0,"enemies":"3 Cultists","floor":21.0,"turns":4.0},{"damage":4.0,"enemies":"Cultist and Chosen","floor":24.0,"turns":5.0},{"damage":6.0,"enemies":"Gremlin Leader","floor":25.0,"turns":5.0},{"damage":19.0,"enemies":"Shelled Parasite and Fungi","floor":27.0,"turns":5.0},{"damage":19.0,"enemies":"Book of Stabbing","floor":28.0,"turns":5.0},{"damage":0.0,"enemies":"Masked Bandits","floor":29.0,"turns":4.0},{"damage":0.0,"enemies":"Centurion and Healer","floor":31.0,"turns":6.0},{"damage":30.0,"enemies":"Collector","floor":33.0,"turns":8.0},{"damage":1.0,"enemies":"3 Shapes","floor":35.0,"turns":6.0},{"damage":0.0,"enemies":"Orb Walker","floor":36.0,"turns":3.0},{"damage":27.0,"enemies":"Spire Growth","floor":37.0,"turns":6.0},{"damage":18.0,"enemies":"Transient","floor":39.0,"turns":5.0},{"damage":0.0,"enemies":"Mind Bloom Boss Battle","floor":44.0,"turns":6.0},{"damage":0.0,"enemies":"Reptomancer","floor":45.0,"turns":4.0},{"damage":0.0,"enemies":"Sphere and 2 Shapes","floor":47.0,"turns":4.0},{"damage":0.0,"enemies":"Giant Head","floor":48.0,"turns":4.0},{"damage":82.0,"enemies":"Awakened One","floor":50.0,"turns":8.0},{"damage":9.0,"enemies":"Shield and Spear","floor":54.0,"turns":5.0},{"damage":13,"enemies":"The Heart","floor":55,"turns":8}],"seed_played":"-3202600811211025511","potions_obtained":[{"floor":1.0,"key":"EssenceOfDarkness"},{"floor":13.0,"key":"DistilledChaos"},{"floor":14.0,"key":"Fruit Juice"},{"floor":16.0,"key":"SteroidPotion"},{"floor":18.0,"key":"DistilledChaos"},{"floor":25.0,"key":"Swift Potion"},{"floor":29.0,"key":"Fruit Juice"},{"floor":31.0,"key":"Strength Potion"},{"floor":39.0,"key":"BlessingOfTheForge"},{"floor":44.0,"key":"Swift Potion"},{"floor":47.0,"key":"EssenceOfSteel"},{"floor":48.0,"key":"Fire Potion"}],"is_trial":false,"path_per_floor":["M","$","M","?","T","E","?","E","T","E","M","R","E","M","R","B",null,"M","$","M","M","$","R","M","E","T","M","E","?","?","M","R","B",null,"M","M","M","$","M","R","$","R","T","?","E","R","M","E","R","B",null,"R","$","E","B",null],"character_chosen":"DEFECT","items_purchased":["Glacier","Self Repair","Frozen Egg 2","Runic Capacitor","Stack","Defragment+1","Bottled Tornado","Turbo","HandDrill","Ancient Potion","FocusPotion","Coolheaded"],"campfire_rested":0,"item_purchase_floors":[2,2,19,19,22,38,38,38,38,53,53,53],"current_hp_per_floor":[75,75,75,64,64,64,57,48,48,44,34,34,31,36,36,37,80,80,80,75,69,69,69,79,73,73,61,56,73,55,62,62,39,95,95,95,75,75,57,57,57,57,57,64,71,71,71,85,85,10,95,95,95,93,80],"gold":52,"neow_bonus":"THREE_ENEMY_KILL","is_daily":false,"chose_seed":false,"campfire_upgraded":5,"win_rate":0.0,"timestamp":1612392822,"path_taken":["M","?","M","?","?","E","?","E","T","E","M","R","E","M","R","BOSS","M","$","M","M","?","R","M","E","T","M","E","?","?","M","R","BOSS","M","M","M","$","M","R","$","R","T","?","E","R","M","E","R","BOSS","R","$","E","BOSS"],"items_purchased_type":["Card","Card","Relic","Relic","Card","Card","Relic","Card","Relic","Potion","Potion","Card"],"build_version":"2020-12-22","purchased_purges":2,"victory":true,"max_hp_per_floor":[75,75,75,75,75,75,75,75,75,75,75,75,75,80,80,80,80,80,80,80,80,80,80,80,80,80,80,80,90,95,95,95,95,95,95,95,95,95,95,95,95,95,95,95,95,95,95,95,95,95,95,95,95,95,95],"card_choices":[{"not_picked":["Sweeping Beam","Beam Cell"],"picked":"Ball Lightning","floor":1.0},{"not_picked":["Reinforced Body","Sweeping Beam"],"picked":"Gash","floor":3.0},{"not_picked":["Streamline","Heatsinks"],"picked":"Double Energy","floor":6.0},{"not_picked":["Tempest","Heatsinks"],"picked":"Barrage","floor":8.0},{"not_picked":["Stack","Coolheaded"],"picked":"Electrodynamics","floor":10.0},{"not_picked":["Steam Power","Skim"],"picked":"Cold Snap","floor":11.0},{"not_picked":["Cold Snap","Rebound"],"picked":"Gash","floor":13.0},{"not_picked":["Recycle","Leap"],"picked":"Cold Snap","floor":14.0},{"not_picked":["Electrodynamics","Core Surge"],"picked":"Echo Form","floor":16.0},{"not_picked":["Cold Snap","Go for the Eyes+1"],"picked":"BootSequence","floor":18.0},{"not_picked":["Streamline","Rebound"],"picked":"Sunder+1","floor":20.0},{"not_picked":["Compile Driver","Barrage+1"],"picked":"Steam","floor":21.0},{"not_picked":["Beam Cell","Force Field"],"picked":"Coolheaded","floor":24.0},{"not_picked":["Gash","Echo Form+1"],"picked":"Genetic Algorithm+1","floor":25.0},{"not_picked":["Rebound","Sweeping Beam"],"picked":"Coolheaded","floor":27.0},{"not_picked":["Streamline","Leap"],"picked":"Creative AI+1","floor":28.0},{"not_picked":["Skim+1","Stack"],"picked":"Blizzard+1","floor":29.0},{"not_picked":["Cold Snap","Conserve Battery+1"],"picked":"White Noise+1","floor":31.0},{"not_picked":["Buffer+1","Biased Cognition+1"],"picked":"Machine Learning+1","floor":33.0},{"not_picked":["Sweeping Beam+1","Ball Lightning"],"picked":"Stack+1","floor":35.0},{"not_picked":["Streamline","Cold Snap+1","Rebound"],"picked":"SKIP","floor":36.0},{"not_picked":["Leap","Undo"],"picked":"Redo+1","floor":37.0},{"not_picked":["Steam","Double Energy","Reprogram+1"],"picked":"SKIP","floor":39.0},{"not_picked":["Streamline","Beam Cell"],"picked":"Seek","floor":44.0},{"not_picked":["Hologram+1","Leap"],"picked":"White Noise+1","floor":45.0},{"not_picked":["Go for the Eyes","Compile Driver"],"picked":"Double Energy","floor":47.0},{"not_picked":["Undo+1","Go for the Eyes"],"picked":"Chill+1","floor":48.0},{"not_picked":["Go for the Eyes","Cold Snap+1"],"picked":"Capacitor+1","floor":54.0}],"player_experience":275108,"relics_obtained":[{"floor":5.0,"key":"Matryoshka"},{"floor":6.0,"key":"Happy Flower"},{"floor":8.0,"key":"Potion Belt"},{"floor":9.0,"key":"HornCleat"},{"floor":9.0,"key":"Ornamental Fan"},{"floor":10.0,"key":"Gambling Chip"},{"floor":13.0,"key":"Anchor"},{"floor":25.0,"key":"Vajra"},{"floor":26.0,"key":"Akabeko"},{"floor":26.0,"key":"Girya"},{"floor":28.0,"key":"Bottled Lightning"},{"floor":29.0,"key":"Red Mask"},{"floor":34.0,"key":"Bronze Scales"},{"floor":34.0,"key":"StrikeDummy"},{"floor":34.0,"key":"Old Coin"},{"floor":44.0,"key":"CaptainsWheel"},{"floor":45.0,"key":"PreservedInsect"},{"floor":48.0,"key":"Centennial Puzzle"},{"floor":54.0,"key":"Art of War"}],"event_choices":[{"damage_healed":0.0,"max_hp_gain":0.0,"max_hp_loss":0.0,"gold_gain":75.0,"event_name":"World of Goop","player_choice":"Gather Gold","floor":4.0,"gold_loss":0.0,"damage_taken":11.0},{"damage_healed":0.0,"max_hp_gain":0.0,"max_hp_loss":0.0,"gold_gain":75.0,"event_name":"FaceTrader","player_choice":"Touch","floor":7.0,"gold_loss":0.0,"damage_taken":7.0},{"damage_healed":0.0,"max_hp_gain":0.0,"max_hp_loss":0.0,"gold_gain":0.0,"event_name":"Masked Bandits","player_choice":"Fought Bandits","floor":29.0,"gold_loss":0.0,"damage_taken":0.0},{"damage_healed":0.0,"max_hp_gain":5.0,"max_hp_loss":0.0,"gold_gain":0.0,"event_name":"Forgotten Altar","player_choice":"Shed Blood","floor":30.0,"gold_loss":0.0,"damage_taken":23.0},{"damage_healed":0.0,"max_hp_gain":0.0,"max_hp_loss":0.0,"gold_gain":0.0,"event_name":"MindBloom","player_choice":"Fight","floor":44.0,"gold_loss":0.0,"damage_taken":0.0}],"is_beta":false,"boss_relics":[{"not_picked":["Tiny House","Busted Crown"],"picked":"SacredBark"},{"not_picked":["Coffee Dripper","FrozenCore"],"picked":"Calling Bell"}],"items_purged_floors":[19,38],"is_endless":false,"potions_floor_spawned":[1,13,14,16,18,25,29,31,39,44,47,48],"ascension_level":3}}