{"host":"takgv9cv6xf64vhq","time":1612380839,"event":{"mods":["BaseMod","Colored Powertips","Conspire","Decade(王小明)","Downfall","Energized Spire","Hermit","Hubris","LagranYue(拉格朗・月)","Marisa（F雨　魔理沙）","Minty Spire (QoL Compilation)","Replay The Spire","StSLib","The Cursed","The Hierophant","The Jungle","The Servant 0.9.4","TheHeartMod"],"gold_per_floor":[115,126,142,12,12,12,27,27,97,125,75,75,107,121,121,199,199,218,218,232,232,244,274,274,309,309,309,319,319,332,298,298,369,369,379,398,398,109,109,143,156,156,156,182,192,225,235,110,110,110,110,110,34,67,67],"floor_reached":56,"language":"ZHS","playtime":5162,"items_purged":["Strike_G","Hallucinations","conspire:GhostlyStrike+1"],"score":2255,"play_id":"da822df0-790c-4e3c-885b-9e72a4e33b3b","local_time":"20210204033359","is_ascension_mode":true,"campfire_choices":[{"data":"Neutralize","floor":6.0,"key":"SMITH"},{"data":"Cloak And Dagger","floor":12.0,"key":"SMITH"},{"floor":15.0,"key":"DIG"},{"data":"Acrobatics","floor":24.0,"key":"SMITH"},{"floor":32.0,"key":"DIG"},{"floor":42.0,"key":"DIG"},{"floor":49.0,"key":"RECALL"},{"floor":52.0,"key":"DIG"}],"circlet_count":0,"master_deck":["conspire:GhostlyStrike+1","conspire:GhostlyStrike+1","conspire:GhostlyDefend+1","conspire:GhostlyDefend+1","conspire:GhostlyDefend+1","conspire:GhostlyDefend+1","Survivor+1","Neutralize+1","Caltrops+1","Dodge and Roll+1","Footwork+1","Footwork+1","Cloak And Dagger+1","Concentrate+1","Hidden Blade+1","ReplayTheSpireMod:Speed Training+1","Storm of Steel+1","Deflect+1","Acrobatics+1","Reflex+1","Blade Dance+1","Acrobatics+1","Purity+1","hubris:SlightOfHand+1","ReplayTheSpireMod:The Works+1","Dagger Throw+1","Malaise+1","Hidden Blade+1","Prepared+1","Reflex","Backflip","ReplayTheSpireMod:Tripwire+1","Acrobatics","Replay:Bag of Tricks","PiercingWail+1","Burst","hubris:DuctTapeCard"],"relics":["Ring of the Snake","NeowsBlessing","hubris:Towel","hubris:DuctTape","Tough Bandages","Replay:Multitool","hubris:Potato","hubris:ScarierMask","Guardian:PocketSentry","Pantograph","hubris:PeanutButter","CultistMask","ReplayTheSpireMod:CursedCoin","Replay:Accelerometer","Philosopher\u0027s Stone","Mark of the Bloom","Chemical X","Pen Nib","conspire:TopHat","Turnip","HornCleat","hubris:AncientText","Chameleon Ring","Happy Flower"],"acts_visited":["Exordium","TheCity","TheBeyond","TheEnding"],"potions_floor_usage":[55],"damage_taken":[{"damage":0.0,"enemies":"Cultist","floor":1.0,"turns":1.0},{"damage":0.0,"enemies":"2 Louse","floor":2.0,"turns":1.0},{"damage":0.0,"enemies":"Jaw Worm","floor":3.0,"turns":1.0},{"damage":0.0,"enemies":"Blue Slaver","floor":7.0,"turns":7.0},{"damage":1.0,"enemies":"Lagavulin","floor":10.0,"turns":9.0},{"damage":13.0,"enemies":"3 Sentries","floor":13.0,"turns":12.0},{"damage":1.0,"enemies":"Red Slaver","floor":14.0,"turns":5.0},{"damage":2.0,"enemies":"The Guardian","floor":16.0,"turns":13.0},{"damage":7.0,"enemies":"Spheric Guardian","floor":18.0,"turns":6.0},{"damage":0.0,"enemies":"3 Byrds","floor":20.0,"turns":3.0},{"damage":4.0,"enemies":"Centurion and Healer","floor":22.0,"turns":5.0},{"damage":16.0,"enemies":"Slavers","floor":23.0,"turns":10.0},{"damage":4.0,"enemies":"Book of Stabbing","floor":25.0,"turns":7.0},{"damage":0.0,"enemies":"Shelled Parasite and Fungi","floor":28.0,"turns":5.0},{"damage":0.0,"enemies":"Chosen and Byrds","floor":30.0,"turns":6.0},{"damage":7.0,"enemies":"Champ","floor":33.0,"turns":11.0},{"damage":0.0,"enemies":"3 Darklings","floor":35.0,"turns":5.0},{"damage":0.0,"enemies":"Orb Walker","floor":36.0,"turns":4.0},{"damage":0.0,"enemies":"Nemesis","floor":40.0,"turns":7.0},{"damage":0.0,"enemies":"Jaw Worm Horde","floor":41.0,"turns":3.0},{"damage":0.0,"enemies":"Giant Head","floor":44.0,"turns":4.0},{"damage":3.0,"enemies":"Transient","floor":45.0,"turns":5.0},{"damage":0.0,"enemies":"Reptomancer","floor":46.0,"turns":4.0},{"damage":0.0,"enemies":"Writhing Mass","floor":47.0,"turns":3.0},{"damage":0.0,"enemies":"hubris:GrandSnecko","floor":50.0,"turns":7.0},{"damage":0.0,"enemies":"Shield and Spear","floor":54.0,"turns":3.0},{"damage":0,"enemies":"NeowBoss","floor":55,"turns":5}],"seed_played":"5894559965304495191","potions_obtained":[{"floor":2.0,"key":"Dexterity Potion"},{"floor":7.0,"key":"Weak Potion"},{"floor":16.0,"key":"ColorlessPotion"},{"floor":22.0,"key":"Adrenaline Potion"},{"floor":28.0,"key":"Fire Potion"},{"floor":36.0,"key":"EssenceOfSteel"},{"floor":40.0,"key":"PowerPotion"},{"floor":41.0,"key":"SkillPotion"},{"floor":47.0,"key":"Fire Potion"}],"is_trial":false,"path_per_floor":["M","M","M","$","?","R","M","?","T","E","?","R","E","M","R","B",null,"M","?","M","?","M","E","R","E","T","?","M","R","M","$","R","B",null,"M","M","?","$","?","E","M","R","T","E","M","E","M","$","R","B",null,"R","$","E","B",null],"character_chosen":"THE_SILENT","items_purchased":["Footwork","ReplayTheSpireMod:The Works","ReplayTheSpireMod:CursedCoin","Dagger Throw","Chemical X","Pen Nib","Reflective Coating"],"campfire_rested":0,"item_purchase_floors":[4,31,31,31,38,38,53],"current_hp_per_floor":[63,63,63,63,63,63,63,63,63,62,62,62,49,48,48,46,64,57,57,57,57,53,37,37,33,33,33,33,33,33,33,33,51,65,65,65,65,65,65,65,65,65,65,65,62,62,62,62,62,62,62,62,62,62,62],"gold":67,"neow_bonus":"THREE_ENEMY_KILL","is_daily":false,"chose_seed":false,"campfire_upgraded":3,"win_rate":0.0,"timestamp":1612380839,"path_taken":["M","?","M","$","?","R","M","?","T","E","?","R","E","M","R","BOSS","M","?","M","?","?","E","R","E","T","?","M","R","M","$","R","BOSS","M","M","?","$","?","E","M","R","T","E","?","E","M","$","R","BOSS","R","$","E","BOSS"],"items_purchased_type":["Card","Card","Relic","Card","Relic","Relic","Potion"],"build_version":"2020-12-22","purchased_purges":3,"victory":true,"max_hp_per_floor":[70,70,70,70,70,70,70,70,70,70,70,70,70,70,70,70,70,70,70,70,70,70,70,70,70,70,70,70,70,70,70,70,70,70,70,70,70,70,70,70,70,70,70,70,70,70,70,70,70,70,70,70,70,70,70],"card_choices":[{"not_picked":["Bane","Hidden Blade"],"picked":"Caltrops","floor":1.0},{"not_picked":["Poisoned Stab","Dagger Throw"],"picked":"Dodge and Roll","floor":2.0},{"not_picked":["conspire:PoisonWeapons","ReplayTheSpireMod:From All Sides"],"picked":"Accuracy","floor":3.0},{"not_picked":["Quick Slash","Acrobatics"],"picked":"Cloak And Dagger","floor":7.0},{"not_picked":["Eviscerate","Bouncing Flask"],"picked":"Concentrate","floor":10.0},{"not_picked":["Dodge and Roll","Slice"],"picked":"Hidden Blade","floor":13.0},{"not_picked":["Sucker Punch","ReplayTheSpireMod:From All Sides"],"picked":"ReplayTheSpireMod:Speed Training","floor":14.0},{"not_picked":["Night Terror","Poison Darts"],"picked":"Storm of Steel","floor":16.0},{"not_picked":["Sneak Up","Dodge and Roll"],"picked":"Deflect","floor":18.0},{"not_picked":["Draining Mist","Endless Agony"],"picked":"Acrobatics","floor":20.0},{"not_picked":["Bane","Slice"],"picked":"Reflex","floor":22.0},{"not_picked":["Flechettes+1","Riddle With Holes"],"picked":"Blade Dance","floor":23.0},{"not_picked":["Riddle With Holes","Skewer","Bane"],"picked":"SKIP","floor":25.0},{"not_picked":["Underhanded Strike","conspire:PoisonWeapons"],"picked":"Acrobatics","floor":28.0},{"not_picked":["Riddle With Holes","Flying Knee+1"],"picked":"hubris:SlightOfHand","floor":30.0},{"not_picked":["Corpse Explosion","Venomology"],"picked":"Malaise","floor":33.0},{"not_picked":["Blade Dance","Dagger Spray"],"picked":"Hidden Blade","floor":35.0},{"not_picked":["hubris:SlightOfHand","Bane"],"picked":"Prepared+1","floor":36.0},{"not_picked":["PiercingWail","hubris:SlightOfHand"],"picked":"Backflip","floor":40.0},{"not_picked":["hubris:TrickCloak","Bane"],"picked":"ReplayTheSpireMod:Tripwire+1","floor":41.0},{"not_picked":["Dash","Outmaneuver"],"picked":"Acrobatics","floor":44.0},{"not_picked":["Caltrops","Dagger Throw"],"picked":"Replay:Bag of Tricks","floor":45.0},{"not_picked":["Cloak And Dagger","Quick Slash"],"picked":"PiercingWail+1","floor":46.0},{"not_picked":["Sucker Punch+1","Noxious Fumes","hubris:SlightOfHand"],"picked":"SKIP","floor":47.0},{"not_picked":["Dagger Spray","ReplayTheSpireMod:Exploit Weakness"],"picked":"Burst","floor":54.0}],"player_experience":364541,"relics_obtained":[{"floor":9.0,"key":"hubris:DuctTape"},{"floor":10.0,"key":"Tough Bandages"},{"floor":13.0,"key":"Replay:Multitool"},{"floor":15.0,"key":"hubris:Potato"},{"floor":23.0,"key":"Guardian:PocketSentry"},{"floor":25.0,"key":"Pantograph"},{"floor":26.0,"key":"hubris:PeanutButter"},{"floor":32.0,"key":"Replay:Accelerometer"},{"floor":40.0,"key":"conspire:TopHat"},{"floor":42.0,"key":"Turnip"},{"floor":44.0,"key":"HornCleat"},{"floor":46.0,"key":"hubris:AncientText"},{"floor":52.0,"key":"Chameleon Ring"},{"floor":54.0,"key":"Happy Flower"}],"event_choices":[{"damage_healed":0.0,"max_hp_gain":0.0,"max_hp_loss":0.0,"gold_gain":0.0,"event_name":"conspire:LoneGhost","player_choice":"Agree","floor":5.0,"gold_loss":0.0,"damage_taken":0.0},{"cards_removed":["conspire:GhostlyDefend"],"damage_healed":0.0,"max_hp_gain":0.0,"max_hp_loss":0.0,"gold_gain":0.0,"event_name":"The Cleric","player_choice":"Card Removal","floor":11.0,"gold_loss":50.0,"damage_taken":0.0},{"damage_healed":0.0,"max_hp_gain":0.0,"max_hp_loss":0.0,"gold_gain":0.0,"event_name":"Vampires","player_choice":"Ignored","floor":19.0,"gold_loss":0.0,"damage_taken":0.0},{"damage_healed":0.0,"max_hp_gain":0.0,"max_hp_loss":0.0,"gold_gain":0.0,"event_name":"Upgrade Shrine","player_choice":"Upgraded","floor":21.0,"gold_loss":0.0,"damage_taken":0.0,"cards_upgraded":["Concentrate"]},{"damage_healed":0.0,"max_hp_gain":0.0,"max_hp_loss":0.0,"gold_gain":0.0,"event_name":"FaceTrader","player_choice":"Trade","floor":27.0,"gold_loss":0.0,"damage_taken":0.0,"relics_obtained":["CultistMask"]},{"damage_healed":0.0,"max_hp_gain":0.0,"max_hp_loss":0.0,"gold_gain":0.0,"cards_transformed":["conspire:GhostlyStrike"],"event_name":"Transmorgrifier","player_choice":"Transformed","floor":29.0,"gold_loss":0.0,"damage_taken":0.0,"cards_obtained":["Purity"]},{"damage_healed":0.0,"max_hp_gain":0.0,"max_hp_loss":0.0,"gold_gain":0.0,"event_name":"MindBloom","player_choice":"Upgrade","floor":37.0,"gold_loss":0.0,"damage_taken":0.0,"cards_upgraded":["conspire:GhostlyStrike","conspire:GhostlyStrike","conspire:GhostlyStrike","conspire:GhostlyDefend","conspire:GhostlyDefend","conspire:GhostlyDefend","conspire:GhostlyDefend","Survivor","Caltrops","Dodge and Roll","Footwork","Footwork","hubris:DuctTapeCard","Hidden Blade","ReplayTheSpireMod:Speed Training","Storm of Steel","Deflect","Reflex","Blade Dance","Acrobatics","Purity","hubris:SlightOfHand","ReplayTheSpireMod:The Works","Dagger Throw","Malaise","Hidden Blade"],"relics_obtained":["Mark of the Bloom"]}],"is_beta":false,"boss_relics":[{"not_picked":["energizedSpire:HighHeels","LagranYue:ContractPerformanceRelic"],"picked":"hubris:ScarierMask"},{"not_picked":["hubris:Stopwatch","Ring of the Serpent"],"picked":"Philosopher\u0027s Stone"}],"items_purged_floors":[4,31,48],"is_endless":false,"potions_floor_spawned":[2,7,16,22,28,36,40,41,47],"ascension_level":13}}