{"host":"nwjumqsw655htf7s","time":1612362238,"event":{"mods":["BaseMod","Bestiary","Better Altar","Better Match","Better Note","Better Sensory Stone","Better Skull","Better Third Choice","Block Reminder","Colored Map","Colored Powertips","Curses Come First","Dark Map","DeckTracker","Minty Spire (QoL Compilation)","StSLib","Weighted Paths"],"gold_per_floor":[110,35,35,35,60,60,101,101,101,135,148,148,186,186,186,311,311,334,334,349,264,264,298,298,342,342,355,355,480,277,352,352,478,478,478,505,505,65,79,79,123,123,123,123,186,204,225,244,244,244],"floor_reached":51,"language":"ENG","playtime":4992,"items_purged":["Bite","Bite"],"score":913,"play_id":"f97032b7-07d2-4986-b156-33212d9d91a8","local_time":"20210203062358","is_ascension_mode":true,"campfire_choices":[{"data":"Eruption","floor":6,"key":"SMITH"},{"data":"SashWhip","floor":8,"key":"SMITH"},{"floor":12,"key":"REST"},{"floor":15,"key":"REST"},{"data":"ForeignInfluence","floor":24,"key":"SMITH"},{"data":"Devotion","floor":28,"key":"SMITH"},{"data":"CrushJoints","floor":32,"key":"SMITH"},{"data":"Omniscience","floor":40,"key":"SMITH"},{"data":"EmptyFist","floor":42,"key":"SMITH"},{"floor":49,"key":"REST"}],"circlet_count":0,"master_deck":["Defend_P","Defend_P","Defend_P+1","Defend_P","Eruption+1","Vigilance","SashWhip+1","FearNoEvil","DeceiveReality","Tantrum","CutThroughFate+1","ReachHeaven","CrushJoints+1","Devotion+1","FlurryOfBlows","Bite+1","Bite+1","Meditate+1","ForeignInfluence+1","Weave+1","BattleHymn","SashWhip","EmptyFist+1","Wireheading","Omniscience+1","InnerPeace","BowlingBash+1","Good Instincts","FlurryOfBlows","CutThroughFate+1","LessonLearned","BattleHymn+1","CutThroughFate+1"],"relics":["PureWater","Golden Idol","Pen Nib","Happy Flower","Nunchaku","Orichalcum","Vajra","SlaversCollar","Damaru","Omamori","Potion Belt","Tiny Chest","StoneCalendar","Pear","Philosopher\u0027s Stone","Whetstone","Bag of Preparation","Blood Vial","Gremlin Horn","Mango"],"acts_visited":["TheCity","TheBeyond"],"potions_floor_usage":[7,16,18,23,35,46,46,50],"damage_taken":[{"damage":3,"enemies":"2 Louse","floor":1,"turns":3},{"damage":1,"enemies":"Small Slimes","floor":5,"turns":2},{"damage":7,"enemies":"Lagavulin","floor":7,"turns":5},{"damage":13,"enemies":"Gremlin Nob","floor":10,"turns":3},{"damage":0,"enemies":"Jaw Worm","floor":11,"turns":3},{"damage":12,"enemies":"Lagavulin","floor":13,"turns":3},{"damage":22,"enemies":"Hexaghost","floor":16,"turns":5},{"damage":14,"enemies":"3 Byrds","floor":18,"turns":4},{"damage":7,"enemies":"Chosen","floor":20,"turns":3},{"damage":0,"enemies":"Gremlin Leader","floor":23,"turns":4},{"damage":25,"enemies":"Book of Stabbing","floor":25,"turns":4},{"damage":0,"enemies":"Sentry and Sphere","floor":27,"turns":2},{"damage":3,"enemies":"Colosseum Slavers","floor":29,"turns":2},{"damage":0,"enemies":"Colosseum Nobs","floor":29,"turns":2},{"damage":13,"enemies":"Automaton","floor":33,"turns":5},{"damage":0,"enemies":"3 Darklings","floor":35,"turns":1},{"damage":13,"enemies":"3 Shapes","floor":39,"turns":2},{"damage":15,"enemies":"Giant Head","floor":41,"turns":4},{"damage":9,"enemies":"Mind Bloom Boss Battle","floor":45,"turns":3},{"damage":2,"enemies":"3 Darklings","floor":46,"turns":3},{"damage":4,"enemies":"4 Shapes","floor":47,"turns":3},{"damage":0,"enemies":"Sphere and 2 Shapes","floor":48,"turns":3},{"damage":55,"enemies":"Donu and Deca","floor":50,"turns":4}],"seed_played":"-7211331354015354908","potions_obtained":[{"floor":5,"key":"Fire Potion"},{"floor":7,"key":"SpeedPotion"},{"floor":10,"key":"CultistPotion"},{"floor":16,"key":"ColorlessPotion"},{"floor":23,"key":"Energy Potion"},{"floor":27,"key":"SmokeBomb"},{"floor":33,"key":"BlessingOfTheForge"},{"floor":45,"key":"Weak Potion"},{"floor":48,"key":"SkillPotion"}],"is_trial":false,"path_per_floor":["M","$","?","?","M","R","E","R","T","E","M","R","E","?","R","B",null,"M","?","M","?","?","E","R","E","T","M","R","?","$","?","R","B",null,"M","T","?","$","M","R","E","R","T","$","?","M","M","M","R","B",null],"character_chosen":"WATCHER","items_purchased":["FearNoEvil","EmptyFist","Wireheading","Bag of Preparation","InnerPeace","BowlingBash","Good Instincts"],"campfire_rested":3,"item_purchase_floors":[2,30,30,38,38,38,38],"current_hp_per_floor":[69,69,69,57,56,56,49,49,49,36,36,57,45,30,51,29,62,48,48,45,45,50,51,51,28,28,30,30,41,41,35,35,26,52,52,52,52,52,45,45,30,30,30,30,37,43,44,46,67,17],"gold":244,"neow_bonus":"TEN_PERCENT_HP_BONUS","is_daily":false,"chose_seed":false,"campfire_upgraded":7,"win_rate":0.0,"timestamp":1612362238,"path_taken":["M","$","?","?","M","R","E","R","T","E","M","R","E","?","R","BOSS","M","?","M","?","?","E","R","E","T","?","R","?","$","?","R","BOSS","M","?","?","$","M","R","E","R","T","$","?","M","M","M","R","BOSS"],"items_purchased_type":["Card","Card","Card","Relic","Card","Card","Card"],"build_version":"2020-12-22","purchased_purges":2,"victory":true,"max_hp_per_floor":[79,79,73,73,73,73,73,73,73,73,73,73,73,73,73,73,73,73,51,51,51,51,51,51,51,51,51,51,61,61,61,61,61,61,61,61,58,58,58,58,58,58,58,58,72,72,72,72,72,72],"card_choices":[{"not_picked":["CrushJoints","LikeWater"],"picked":"SashWhip","floor":1},{"not_picked":["Crescendo","Pray"],"picked":"DeceiveReality","floor":5},{"not_picked":["LikeWater","CrushJoints"],"picked":"Tantrum","floor":7},{"not_picked":["Nirvana","Consecrate"],"picked":"CutThroughFate","floor":10},{"not_picked":["Vengeance","LikeWater"],"picked":"ReachHeaven","floor":11},{"not_picked":["InnerPeace","Halt"],"picked":"CrushJoints","floor":13},{"not_picked":["Alpha","Establishment"],"picked":"Devotion","floor":16},{"not_picked":["Halt+1","EmptyFist"],"picked":"FlurryOfBlows","floor":18},{"not_picked":["Wireheading+1","EmptyBody"],"picked":"Meditate+1","floor":20},{"not_picked":["Evaluate","Indignation"],"picked":"ForeignInfluence","floor":23},{"not_picked":["Nirvana","FollowUp+1"],"picked":"Weave+1","floor":25},{"not_picked":["Crescendo","Prostrate+1"],"picked":"BattleHymn","floor":27},{"not_picked":["Consecrate","ClearTheMind"],"picked":"SashWhip","floor":29},{"not_picked":["SpiritShield","Ragnarok"],"picked":"Omniscience","floor":33},{"not_picked":["EmptyFist+1","Consecrate"],"picked":"FlurryOfBlows","floor":39},{"not_picked":["ThirdEye","Pray+1"],"picked":"CutThroughFate+1","floor":41},{"not_picked":["Halt+1","BowlingBash+1"],"picked":"LessonLearned","floor":45},{"not_picked":["JustLucky","Vengeance"],"picked":"BattleHymn+1","floor":46},{"not_picked":["Prostrate","EmptyBody+1","Halt+1"],"picked":"SKIP","floor":47},{"not_picked":["Crescendo+1","Evaluate"],"picked":"CutThroughFate+1","floor":48}],"player_experience":1028385,"relics_obtained":[{"floor":7,"key":"Happy Flower"},{"floor":9,"key":"Nunchaku"},{"floor":10,"key":"Orichalcum"},{"floor":13,"key":"Vajra"},{"floor":23,"key":"Omamori"},{"floor":25,"key":"Potion Belt"},{"floor":26,"key":"Tiny Chest"},{"floor":29,"key":"StoneCalendar"},{"floor":29,"key":"Pear"},{"floor":36,"key":"Whetstone"},{"floor":41,"key":"Blood Vial"},{"floor":43,"key":"Gremlin Horn"},{"floor":45,"key":"Mango"}],"event_choices":[{"damage_healed":0,"gold_gain":0,"player_choice":"Lose Max HP","damage_taken":0,"relics_obtained":["Golden Idol"],"max_hp_gain":0,"max_hp_loss":6,"event_name":"Golden Idol","floor":3,"gold_loss":0},{"damage_healed":0,"gold_gain":0,"player_choice":"Relic ","damage_taken":12,"max_hp_gain":0,"max_hp_loss":0,"event_name":"betterThird:BetterScrap","floor":4,"gold_loss":0,"cards_obtained":["Hemokinesis"]},{"damage_healed":45,"gold_gain":0,"player_choice":"Upgrade","damage_taken":15,"max_hp_gain":0,"max_hp_loss":73,"event_name":"betterThird:BetterShining","floor":14,"gold_loss":0,"cards_upgraded":["Strike_P","CutThroughFate"]},{"damage_healed":0,"gold_gain":0,"player_choice":"Became a vampire","damage_taken":0,"max_hp_gain":0,"max_hp_loss":22,"event_name":"Vampires","floor":19,"gold_loss":0,"cards_obtained":["Bite","Bite","Bite","Bite","Bite"]},{"damage_healed":0,"gold_gain":0,"player_choice":"Obtained Relic","damage_taken":0,"relics_obtained":["Damaru"],"max_hp_gain":0,"max_hp_loss":0,"event_name":"Addict","floor":21,"gold_loss":85},{"cards_removed":["Bite"],"damage_healed":5,"gold_gain":0,"player_choice":"Offered Special","damage_taken":0,"max_hp_gain":0,"max_hp_loss":0,"event_name":"Bonfire Elementals","floor":22,"gold_loss":0},{"damage_healed":0,"gold_gain":0,"player_choice":"Fight","damage_taken":0,"max_hp_gain":0,"max_hp_loss":0,"event_name":"Colosseum","floor":29,"gold_loss":0},{"damage_healed":0,"gold_gain":0,"player_choice":"Fought Nobs","damage_taken":0,"max_hp_gain":0,"max_hp_loss":0,"event_name":"Colosseum","floor":29,"gold_loss":0},{"damage_healed":0,"gold_gain":75,"player_choice":"Touch","damage_taken":6,"max_hp_gain":0,"max_hp_loss":0,"event_name":"FaceTrader","floor":31,"gold_loss":0},{"damage_healed":0,"gold_gain":0,"player_choice":"Max HP","damage_taken":0,"max_hp_gain":0,"max_hp_loss":3,"event_name":"Winding Halls","floor":37,"gold_loss":0},{"damage_healed":0,"gold_gain":0,"player_choice":"Fight","damage_taken":0,"max_hp_gain":0,"max_hp_loss":0,"event_name":"MindBloom","floor":45,"gold_loss":0}],"is_beta":false,"boss_relics":[{"not_picked":["Fusion Hammer","Velvet Choker"],"picked":"SlaversCollar"},{"not_picked":["Tiny House","Runic Pyramid"],"picked":"Philosopher\u0027s Stone"}],"items_purged_floors":[30,38],"is_endless":false,"potions_floor_spawned":[5,7,10,16,23,27,29,33,35,45,48],"ascension_level":6}}