{"host":"mq7pyadb5kndcn8l","time":1612350619,"event":{"mods":["AchievementEnabler","Arknights","Aspiration","BaseMod","Better Altar","Better Match","Better Note","Better Sensory Stone","Better Skull","Better Third Choice","BetterRewards","Block Reminder","CCEM2","Challenge The Spire","ChefMod","Colored Map","Colored Powertips","Conspire","Displayed Cursed Tome","Dota2Spire","Energized Spire","GifTheSpireLib","Highlight Path","Hubris","Infinite Spire","Mad Scientist","Marked Mod","Mimic Mod","Minty Spire (QoL Compilation)","Permanent Neow","QueenMod","Quick Restart","Random Character Button","Rare Cards Sparkle","Relic Filter","Relic Sorter","Reliquary","Replay The Spire","Reworked Bosses","Shade Mod","Shop Mod","Spicy Shops","Spikes Relics","Spire Arcade","StSLib","Stuff the Spire","SuperFastMode","The Blue Laboratory","Thieving Mod","Trackpad","Transform Curses","Wandering Minibosses"],"gold_per_floor":[148,148,165,207,254,317,18,18,79,79,142,142,207,217,217,349,349,399,455,505,505,522,522,581,628,651,651,707,18,18,65,65,191,191,140,188,20,20,20,49,49,93,93,93,148,198,243,303,303,303,303,303,72,136,166],"floor_reached":56,"language":"ENG","playtime":4076,"items_purged":["Strike_G","Defend_G","Defend_G","Defend_G","Defend_G","Strike_G","Survivor"],"score":1893,"play_id":"7cf6cfa8-aec3-4b36-9a37-8439b9da1cea","local_time":"20210203061019","is_ascension_mode":true,"campfire_choices":[{"data":"Noxious Fumes","floor":10,"key":"SMITH"},{"data":"Cloak And Dagger","floor":12,"key":"SMITH"},{"data":"Defend_G","floor":15,"key":"PURGE"},{"data":"Cloak And Dagger","floor":23,"key":"SMITH"},{"data":"Phantasmal Killer","floor":27,"key":"SMITH"},{"floor":32,"key":"REST"},{"data":"After Image","floor":41,"key":"SMITH"},{"floor":49,"key":"RECALL"},{"data":"1","floor":52,"key":"LIFT"}],"circlet_count":0,"master_deck":["Neutralize","Hidden Blade","Footwork+1","Cloak And Dagger+1","Finisher","Outmaneuver+1","Dash+1","Cloak And Dagger+1","Noxious Fumes+1","Infinite Blades","Phantasmal Killer+1","conspire:PoisonWeapons+1","StuffTheSpire:Sprint+1","infinitespire:Gouge","Backflip+1","hubris:DuctTapeCard","StuffTheSpire:Fury+1","After Image+1","Backflip","StuffTheSpire:Rapture","Backflip+1","Draining Mist+1"],"relics":["MerchantsRug","Dota2Spire:DrumOfEndurance","Replay:Wax Seal","SnailShell","Dota2Spire:HandOfMidas","reliquary:BallBearing","reliquary:QuartzCube","Sizzling Blood","reliquary:JackalopeAntler","Pantograph","aspiration:RitualDagger","energizedSpire:DeadBattery","Darkstone Periapt","Smiling Mask","StuffTheSpire:ForceGauntlet","hubris:DuctTape","Dota2Spire:OctarineCore","Replay:Drink Me","wanderingMiniBosses:CarrionFlame","Pear","Blue Candle","reliquary:TridentHead","Girya","Dota2Spire:MonkeyKingBar","aspiration:Lifesprig","CCEMRelics:OrganicArmor"],"acts_visited":["Exordium","TheCity","TheBeyond","TheEnding"],"potions_floor_usage":[5,9,36,36,50,55,55],"damage_taken":[{"damage":0,"enemies":"Cultist","floor":1,"turns":3},{"damage":1,"enemies":"2 Louse","floor":3,"turns":6},{"damage":0,"enemies":"conspire:RoseBush","floor":4,"turns":4},{"damage":3,"enemies":"3 Louse","floor":5,"turns":7},{"damage":0,"enemies":"Replay:BlueRogue","floor":6,"turns":11},{"damage":18,"enemies":"Looter","floor":9,"turns":11},{"damage":0,"enemies":"Lagavulin","floor":11,"turns":8},{"damage":15,"enemies":"Gremlin Nob","floor":13,"turns":5},{"damage":0,"enemies":"Looter","floor":14,"turns":3},{"damage":14,"enemies":"Slime Boss","floor":16,"turns":9},{"damage":43,"enemies":"Chosen","floor":18,"turns":5},{"damage":19,"enemies":"Shell Parasite","floor":20,"turns":5},{"damage":14,"enemies":"Snake Plant","floor":22,"turns":4},{"damage":6,"enemies":"conspire:SneckoGhost","floor":24,"turns":2},{"damage":30,"enemies":"Shelled Parasite and Fungi","floor":25,"turns":5},{"damage":25,"enemies":"conspire:Head Lice","floor":28,"turns":6},{"damage":15,"enemies":"Chosen and Byrds","floor":31,"turns":5},{"damage":38,"enemies":"bossMod:newChamp","floor":33,"turns":8},{"damage":26,"enemies":"3 Shapes","floor":35,"turns":5},{"damage":15,"enemies":"3 Darklings","floor":36,"turns":5},{"damage":12,"enemies":"R_Hoarder","floor":40,"turns":4},{"damage":12,"enemies":"4 Shapes","floor":42,"turns":4},{"damage":12,"enemies":"Nemesis","floor":45,"turns":4},{"damage":15,"enemies":"Writhing Mass","floor":46,"turns":5},{"damage":6,"enemies":"2 Orb Walkers","floor":47,"turns":2},{"damage":21,"enemies":"R_Hoarder","floor":48,"turns":6},{"damage":19,"enemies":"hubris:GrandSnecko","floor":50,"turns":4},{"damage":3,"enemies":"Shield and Spear","floor":54,"turns":2},{"damage":3,"enemies":"The Heart","floor":55,"turns":5}],"seed_played":"-1891326794674247655","potions_obtained":[{"floor":4,"key":"ColorlessPotion"},{"floor":6,"key":"Weak Potion"},{"floor":14,"key":"Strength Potion"},{"floor":16,"key":"blueLaboratory:Moonshine"},{"floor":20,"key":"DistilledChaos"},{"floor":36,"key":"blueLaboratory:Moonshine"},{"floor":40,"key":"blueLaboratory:Moonshine"},{"floor":45,"key":"Strength Potion"}],"is_trial":false,"path_per_floor":["M","T","M","M","M","E","$","?","MIM","R","E","R","E","M","R_BF","B",null,"M","?","M","AVR","M","R","E","M","T","R","E","$","?","M","R","B",null,"M","M","$","?","?","E","R","M","T","?","E","M","?","E","R","B",null,"R","$","E","B",null],"character_chosen":"THE_SILENT","items_purchased":["MerchantsRug","Hidden Blade","SnailShell","Dota2Spire:HandOfMidas","Footwork","Cloak And Dagger","Finisher","reliquary:BallBearing","Noxious Fumes","Accuracy","StuffTheSpire:ForceGauntlet","hubris:DuctTape","Dota2Spire:OctarineCore","Backflip","aspiration:Lifesprig","CCEMRelics:OrganicArmor"],"campfire_rested":1,"item_purchase_floors":[0,0,0,0,0,0,0,0,7,29,29,29,29,37,53,53],"current_hp_per_floor":[33,33,32,32,29,29,29,33,19,19,23,23,12,16,16,31,74,35,6,69,69,70,70,74,61,61,61,66,72,15,22,61,69,60,51,60,60,60,60,70,70,70,70,70,70,70,70,70,70,70,70,70,70,70,70],"gold":166,"neow_bonus":"","is_daily":false,"chose_seed":false,"campfire_upgraded":5,"win_rate":0.0,"timestamp":1612350619,"path_taken":["M","?","M","M","M","E","$","?","MIM","R","E","R","E","M","R_BF","BOSS","M","?","M","AVR","M","R","E","M","T","R","E","$","?","?","R","BOSS","M","M","$","?","?","E","R","M","T","?","E","?","?","E","R","BOSS","R","$","E","BOSS"],"items_purchased_type":["Relic","Card","Relic","Relic","Card","Card","Card","Relic","Card","Card","Relic","Relic","Relic","Card","Relic","Relic"],"build_version":"2020-12-22","purchased_purges":7,"victory":true,"max_hp_per_floor":[70,70,70,70,70,70,70,74,74,74,74,74,74,74,74,74,74,74,74,74,74,74,74,74,74,74,74,74,80,80,80,80,80,60,60,60,60,60,60,70,70,70,70,70,70,70,70,70,70,70,70,70,70,70,70],"card_choices":[{"not_picked":["hubris:SlightOfHand","PiercingWail","StuffTheSpire:BumpUp"],"picked":"SKIP","floor":1},{"not_picked":["Underhanded Strike","Concentrate","PiercingWail"],"picked":"SKIP","floor":3},{"not_picked":["Prepared","PiercingWail"],"picked":"Outmaneuver","floor":4},{"not_picked":["Bouncing Flask","Poisoned Stab"],"picked":"Dash","floor":5},{"not_picked":["PiercingWail","StuffTheSpire:ReptileScales"],"picked":"Cloak And Dagger","floor":6},{"not_picked":["Riddle With Holes","Underhanded Strike","Slice"],"picked":"SKIP","floor":11},{"not_picked":["StuffTheSpire:ClusterCrunch","hubris:Counter"],"picked":"Infinite Blades","floor":13},{"not_picked":["PiercingWail","Dodge and Roll","Bane"],"picked":"SKIP","floor":14},{"not_picked":["Corpse Explosion","StuffTheSpire:FinalStruggle"],"picked":"Phantasmal Killer","floor":16},{"not_picked":["Hidden Blade","Pace"],"picked":"conspire:PoisonWeapons+1","floor":18},{"not_picked":["Deflect","hubris:SlightOfHand"],"picked":"StuffTheSpire:Sprint+1","floor":19},{"not_picked":["Bane","Flying Knee","StuffTheSpire:Python"],"picked":"SKIP","floor":20},{"not_picked":["Pace","hubris:SlightOfHand","Hidden Blade+1"],"picked":"SKIP","floor":22},{"not_picked":["hubris:TrickCloak","hubris:Sniper","Pace"],"picked":"SKIP","floor":24},{"not_picked":["Dagger Spray","StuffTheSpire:ClusterCrunch","Deadly Poison"],"picked":"SKIP","floor":25},{"not_picked":["Poison Darts","StuffTheSpire:Injection+1"],"picked":"Backflip","floor":28},{"not_picked":["ReplayTheSpireMod:Tripwire","ShadowRift"],"picked":"StuffTheSpire:Fury+1","floor":31},{"not_picked":["Unload","Glass Knife"],"picked":"After Image","floor":33},{"not_picked":["Deflect","StuffTheSpire:Python+1","InfectiousVector"],"picked":"SKIP","floor":35},{"not_picked":["StuffTheSpire:Sprint+1","Deadly Poison","Deflect"],"picked":"SKIP","floor":36},{"not_picked":["StuffTheSpire:BrainWave","StuffTheSpire:Brawn"],"picked":"StuffTheSpire:Rapture","floor":39},{"not_picked":["Hidden Blade+1","Underhanded Strike","Infinite Blades+1"],"picked":"SKIP","floor":40},{"not_picked":["Bullet Time","Well Laid Plans","Blade Dance"],"picked":"SKIP","floor":42},{"not_picked":["Replay:Poison Smokescreen","Well Laid Plans","Poisoned Stab"],"picked":"SKIP","floor":45},{"not_picked":["hubris:SlightOfHand+1","StuffTheSpire:Python","Fluid Movement+1"],"picked":"SKIP","floor":46},{"not_picked":["Blur+1","Blade Dance"],"picked":"Backflip+1","floor":47},{"not_picked":["Dagger Spray","Endless Agony"],"picked":"Draining Mist+1","floor":48},{"not_picked":["Bane+1","Masterful Stab+1","Heel Hook"],"picked":"SKIP","floor":54}],"player_experience":723718,"relics_obtained":[{"floor":2,"key":"reliquary:QuartzCube"},{"floor":6,"key":"Replay:Wax Seal"},{"floor":9,"key":"reliquary:JackalopeAntler"},{"floor":11,"key":"Regal Pillow"},{"floor":13,"key":"Pantograph"},{"floor":24,"key":"Darkstone Periapt"},{"floor":28,"key":"Smiling Mask"},{"floor":36,"key":"wanderingMiniBosses:CarrionFlame"},{"floor":40,"key":"Pear"},{"floor":43,"key":"Blue Candle"},{"floor":45,"key":"reliquary:TridentHead"},{"floor":47,"key":"Girya"},{"floor":48,"key":"Dota2Spire:MonkeyKingBar"},{"floor":54,"key":"Dota2Spire:DrumOfEndurance"}],"event_choices":[{"damage_healed":0,"gold_gain":0,"player_choice":"UP UP UP UP ","damage_taken":65,"relics_obtained":[],"max_hp_gain":0,"max_hp_loss":0,"event_name":"betterSkull:BetterSkull","floor":30,"gold_loss":0,"cards_upgraded":["Dash","Outmaneuver","Footwork","Backflip"]},{"damage_healed":0,"gold_gain":0,"player_choice":"UP UP UP UP ","damage_taken":65,"relics_obtained":[],"max_hp_gain":0,"max_hp_loss":0,"event_name":"betterSkull:BetterSkull","floor":30,"gold_loss":0,"cards_upgraded":["Dash","Outmaneuver","Footwork","Backflip"]},{"damage_healed":0,"gold_gain":0,"player_choice":"Leave","damage_taken":0,"max_hp_gain":0,"max_hp_loss":0,"event_name":"conspire:Investor","floor":38,"gold_loss":0},{"damage_healed":0,"gold_gain":0,"player_choice":"Fight","damage_taken":0,"max_hp_gain":0,"max_hp_loss":0,"event_name":"Mysterious Sphere","floor":47,"gold_loss":0}],"is_beta":false,"boss_relics":[{"not_picked":["reliquary:Ember","Runic Pyramid"],"picked":"aspiration:RitualDagger"},{"not_picked":["trackpad:StolenKidneys","hubris:RunicObelisk"],"picked":"Replay:Drink Me"}],"items_purged_floors":[0,7,7,21,29,37,37],"is_endless":false,"potions_floor_spawned":[4,6,14,16,20,25,28,36,40,42,45,48],"ascension_level":1}}