{"host":"lktusdb9orijgc6z","time":1612390511,"event":{"mods":["BaseMod","Bestiary","Colored Map","Colored Powertips","Minty Spire (QoL Compilation)","Permanent Neow","Quick Restart","Relic Stats","StSLib","everything is the same but u backflip on backflip","slay the spire mod where everything is the same but ironclad has a cowboy hat"],"gold_per_floor":[19,31,46,63,81,109,184,184,207,234,234,251,268,69,69,146,146,164,164,164,179,179,211,224,224,524,552,552,552],"floor_reached":28,"language":"ENG","playtime":880,"items_purged":[],"score":544,"play_id":"27aefcd4-cbe8-47b9-964f-9fd18af04e99","local_time":"20210203231511","is_ascension_mode":true,"campfire_choices":[{"data":"Bludgeon","floor":8,"key":"SMITH"},{"floor":11,"key":"REST"},{"floor":15,"key":"REST"},{"floor":25,"key":"REST"}],"circlet_count":0,"master_deck":["AscendersBane","Bash","Bludgeon+1","Shrug It Off","Thunderclap","Dropkick","Disarm","Hemokinesis","Fire Breathing","Spot Weakness","Dark Embrace","Shockwave","Cleave","Demon Form","Offering","Sever Soul","Wild Strike","Entrench","Pommel Strike","Sword Boomerang","Bloodletting","Shockwave","Limit Break","Hemokinesis","Heavy Blade","Uppercut","Double Tap","Pummel","Heavy Blade+1"],"relics":["Burning Blood","Calipers","Akabeko","Tiny Chest","Pandora\u0027s Box","Enchiridion","MutagenicStrength","Red Skull","Old Coin","WingedGreaves"],"acts_visited":["Exordium","TheCity"],"potions_floor_usage":[6,16,23,28],"damage_taken":[{"damage":12.0,"enemies":"Small Slimes","floor":1.0,"turns":3.0},{"damage":4.0,"enemies":"2 Louse","floor":2.0,"turns":4.0},{"damage":12.0,"enemies":"Jaw Worm","floor":3.0,"turns":2.0},{"damage":9.0,"enemies":"Looter","floor":4.0,"turns":3.0},{"damage":1.0,"enemies":"2 Fungi Beasts","floor":5.0,"turns":3.0},{"damage":25,"enemies":"3 Sentries","floor":6,"turns":8},{"damage":24,"enemies":"Lagavulin","floor":10,"turns":4},{"damage":30,"enemies":"Gremlin Gang","floor":12,"turns":5},{"damage":0,"enemies":"Red Slaver","floor":13,"turns":1},{"damage":2,"enemies":"Slime Boss","floor":16,"turns":6},{"damage":8,"enemies":"Spheric Guardian","floor":18,"turns":1},{"damage":16,"enemies":"2 Thieves","floor":21,"turns":3},{"damage":24,"enemies":"Gremlin Leader","floor":23,"turns":3},{"damage":8,"enemies":"Centurion and Healer","floor":24,"turns":2},{"damage":11,"enemies":"Slavers","floor":27,"turns":3},{"damage":38,"enemies":"Shelled Parasite and Fungi","floor":28,"turns":3}],"seed_played":"-5921206684566217969","potions_obtained":[{"floor":1.0,"key":"Energy Potion"},{"floor":3.0,"key":"HeartOfIron"},{"floor":4.0,"key":"PowerPotion"},{"floor":12,"key":"Fire Potion"},{"floor":21,"key":"DistilledChaos"},{"floor":23,"key":"EssenceOfSteel"},{"floor":27,"key":"GamblersBrew"}],"is_trial":false,"path_per_floor":["M","M","M","M","M","E","?","R","T","E","R","M","M","$","R","B",null,"M","?","?","M","?","E","M","R","T","E","M"],"character_chosen":"IRONCLAD","items_purchased":["Cleave","Demon Form"],"campfire_rested":3,"item_purchase_floors":[14,14],"current_hp_per_floor":[62,64,58,55,60,41,30,30,30,12,34,10,16,16,38,42,67,65,49,49,39,39,21,19,41,41,36,0,0],"gold":552,"neow_bonus":"THREE_RARE_CARDS","is_daily":false,"chose_seed":false,"campfire_upgraded":1,"win_rate":0.0,"timestamp":1612390511,"path_taken":["M","M","M","M","M","E","?","R","T","E","R","M","M","$","R","BOSS","M","?","?","M","?","E","M","R","T","E","M"],"items_purchased_type":["Card","Card"],"build_version":"2020-12-22","purchased_purges":0,"victory":false,"max_hp_per_floor":[75,75,75,75,75,75,75,75,75,75,75,75,75,75,75,75,75,75,75,75,75,75,75,75,75,75,75,75,75],"relic_stats":{"counters":[16,54],"Tiny Chest":0,"Pandora\u0027s Box":["Sever Soul","Wild Strike","Entrench","Pommel Strike","Sword Boomerang","Bloodletting","Shockwave","Limit Break","Hemokinesis"],"obtain_stats":[{"Calipers":6,"MutagenicStrength":22,"Enchiridion":19,"Tiny Chest":10,"Pandora\u0027s Box":17,"WingedGreaves":27,"Burning Blood":0,"Akabeko":9,"Red Skull":23,"Old Coin":26},{"Calipers":6,"MutagenicStrength":12,"Enchiridion":11,"Tiny Chest":7,"Pandora\u0027s Box":10,"WingedGreaves":15,"Burning Blood":0,"Akabeko":6,"Red Skull":13,"Old Coin":14},{"Calipers":23,"MutagenicStrength":43,"Enchiridion":40,"Tiny Chest":27,"Pandora\u0027s Box":39,"WingedGreaves":51,"Burning Blood":0,"Akabeko":23,"Red Skull":46,"Old Coin":48}],"Burning Blood":90},"card_choices":[{"not_picked":["Demon Form","Offering"],"picked":"Bludgeon","floor":0.0},{"not_picked":["Sever Soul","Reckless Charge"],"picked":"Shrug It Off","floor":1.0},{"not_picked":["Shrug It Off","Power Through"],"picked":"Thunderclap","floor":2.0},{"not_picked":["Havoc","Iron Wave"],"picked":"Dropkick","floor":3.0},{"not_picked":["Evolve","Rupture"],"picked":"Disarm","floor":4.0},{"not_picked":["True Grit","Burning Pact"],"picked":"Hemokinesis","floor":5.0},{"not_picked":["Clash","Flex"],"picked":"Fire Breathing","floor":6},{"not_picked":["Flex","Warcry"],"picked":"Spot Weakness","floor":10},{"not_picked":["Wild Strike","Iron Wave"],"picked":"Dark Embrace","floor":12},{"not_picked":["Thunderclap","Barricade"],"picked":"Shockwave","floor":13},{"not_picked":["Immolate","Bludgeon"],"picked":"Offering","floor":16},{"not_picked":["Disarm","Twin Strike"],"picked":"Heavy Blade","floor":18},{"not_picked":["Heavy Blade","Warcry","Flex"],"picked":"SKIP","floor":21},{"not_picked":["Second Wind","Bloodletting"],"picked":"Double Tap","floor":23},{"not_picked":["Dual Wield","Reckless Charge"],"picked":"Pummel","floor":24},{"not_picked":["Clash","True Grit"],"picked":"Heavy Blade+1","floor":27}],"player_experience":755448,"relics_obtained":[{"floor":6,"key":"Calipers"},{"floor":9,"key":"Akabeko"},{"floor":10,"key":"Tiny Chest"},{"floor":19,"key":"Enchiridion"},{"floor":23,"key":"Red Skull"},{"floor":26,"key":"Old Coin"},{"floor":27,"key":"WingedGreaves"}],"event_choices":[{"damage_healed":0,"gold_gain":75,"player_choice":"Gather Gold","damage_taken":11,"max_hp_gain":0,"max_hp_loss":0,"event_name":"World of Goop","floor":7,"gold_loss":0},{"damage_healed":0,"gold_gain":0,"player_choice":"Obtained Book","damage_taken":16,"max_hp_gain":0,"max_hp_loss":0,"event_name":"Cursed Tome","floor":19,"gold_loss":0},{"damage_healed":0,"gold_gain":0,"player_choice":"Read","damage_taken":0,"max_hp_gain":0,"max_hp_loss":0,"event_name":"The Library","floor":20,"gold_loss":0,"cards_obtained":["Uppercut"]},{"damage_healed":0,"gold_gain":0,"player_choice":"Inject Mutagens","damage_taken":0,"relics_obtained":["MutagenicStrength"],"max_hp_gain":0,"max_hp_loss":0,"event_name":"Drug Dealer","floor":22,"gold_loss":0}],"is_beta":false,"boss_relics":[{"not_picked":["Philosopher\u0027s Stone","Runic Pyramid"],"picked":"Pandora\u0027s Box"}],"items_purged_floors":[],"is_endless":false,"potions_floor_spawned":[1,3,4,12,21,23,27],"killed_by":"Shelled Parasite and Fungi","ascension_level":14}}