{"host":"nozk9xg7ssf2drdi","time":1612323224,"event":{"mods":["BaseMod","Colored Map","Minty Spire (QoL Compilation)","Relic Stats","Slay the Relics Exporter","StSLib","everything is the same but u backflip on backflip"],"gold_per_floor":[111,127,127,150,171,171,212,212,212,212,212,248,248,269,269,360,360,374,374,390,1,1,1,1],"floor_reached":23,"language":"ENG","playtime":3649,"items_purged":[],"score":398,"play_id":"f3f5339c-2bb8-4df0-95dc-4b56b1afe82f","local_time":"20210202213344","is_ascension_mode":true,"campfire_choices":[{"data":"Poisoned Stab","floor":6,"key":"SMITH"},{"data":"Neutralize","floor":8,"key":"SMITH"},{"floor":10,"key":"REST"},{"floor":15,"key":"REST"}],"circlet_count":0,"master_deck":["AscendersBane","Strike_G","Defend_G","Defend_G","Defend_G","Defend_G","Survivor","Neutralize+1","Flechettes","Poisoned Stab+1","Bane","Envenom","Catalyst","Blade Dance","Wraith Form v2","PiercingWail","Adrenaline","Phantasmal Killer","Acrobatics+1","Ghostly","Ghostly","Ghostly"],"relics":["Ring of the Snake","Golden Idol","Blood Vial","Singing Bowl","Gambling Chip","Meat on the Bone","Black Star","Lee\u0027s Waffle","Potion Belt"],"acts_visited":["Exordium","TheCity"],"potions_floor_usage":[7,7,23,23],"damage_taken":[{"damage":0,"enemies":"Small Slimes","floor":1,"turns":4},{"damage":0,"enemies":"Jaw Worm","floor":2,"turns":4},{"damage":0,"enemies":"Cultist","floor":4,"turns":3},{"damage":18,"enemies":"Red Slaver","floor":5,"turns":4},{"damage":22,"enemies":"3 Sentries","floor":7,"turns":7},{"damage":12,"enemies":"Lagavulin","floor":12,"turns":6},{"damage":11,"enemies":"Exordium Wildlife","floor":14,"turns":4},{"damage":20,"enemies":"The Guardian","floor":16,"turns":9},{"damage":33,"enemies":"Spheric Guardian","floor":18,"turns":6},{"damage":11,"enemies":"2 Thieves","floor":20,"turns":5},{"damage":31,"enemies":"Book of Stabbing","floor":23,"turns":6}],"seed_played":"4219644374834700483","potions_obtained":[{"floor":4,"key":"ColorlessPotion"},{"floor":5,"key":"PowerPotion"},{"floor":7,"key":"FairyPotion"},{"floor":20,"key":"AttackPotion"}],"is_trial":false,"path_per_floor":["M","M","?","M","M","R","E","R","T","R","?","E","?","M","R","B",null,"M","?","M","$","?","E"],"character_chosen":"THE_SILENT","items_purchased":["Lee\u0027s Waffle","Potion Belt","Fire Potion"],"campfire_rested":2,"item_purchase_floors":[21,21,21],"current_hp_per_floor":[59,59,54,54,36,36,14,14,14,30,23,13,2,28,44,38,50,31,31,34,61,30,0,0],"gold":1,"neow_bonus":"REMOVE_TWO","is_daily":false,"chose_seed":false,"campfire_upgraded":2,"win_rate":0.0,"timestamp":1612323224,"path_taken":["M","M","?","M","M","R","E","R","T","R","?","E","?","M","R","BOSS","M","?","M","$","?","E"],"items_purchased_type":["Relic","Relic","Potion"],"build_version":"2020-12-22","purchased_purges":0,"victory":false,"max_hp_per_floor":[60,60,54,54,54,54,54,54,54,54,54,54,54,54,54,54,54,54,54,54,61,30,30,30],"relic_stats":{"Blood Vial":10,"Lee\u0027s Waffle":27,"Singing Bowl":0,"counters":[11,58],"Golden Idol":52,"Gambling Chip":[31],"Black Star":0,"obtain_stats":[{"Blood Vial":7,"Potion Belt":21,"Lee\u0027s Waffle":21,"Singing Bowl":9,"Golden Idol":3,"Gambling Chip":12,"Black Star":17,"Ring of the Snake":0,"Meat on the Bone":13},{"Blood Vial":5,"Potion Belt":10,"Lee\u0027s Waffle":10,"Singing Bowl":5,"Golden Idol":2,"Gambling Chip":6,"Black Star":8,"Ring of the Snake":0,"Meat on the Bone":6},{"Blood Vial":22,"Potion Belt":52,"Lee\u0027s Waffle":52,"Singing Bowl":22,"Golden Idol":8,"Gambling Chip":28,"Black Star":41,"Ring of the Snake":0,"Meat on the Bone":28}],"Ring of the Snake":[22],"Meat on the Bone":48},"card_choices":[{"not_picked":["PiercingWail","Quick Slash"],"picked":"Flechettes","floor":1},{"not_picked":["Slice","Dodge and Roll"],"picked":"Poisoned Stab","floor":2},{"not_picked":["Flechettes","Slice","Riddle With Holes"],"picked":"SKIP","floor":4},{"not_picked":["Tools of the Trade","Outmaneuver"],"picked":"Bane","floor":5},{"not_picked":["Acrobatics","Leg Sweep"],"picked":"Envenom","floor":7},{"not_picked":["Masterful Stab","PiercingWail"],"picked":"Catalyst","floor":12},{"not_picked":["Dagger Spray","Backstab"],"picked":"Blade Dance","floor":14},{"not_picked":["Tools of the Trade","Adrenaline"],"picked":"Wraith Form v2","floor":16},{"not_picked":["Slice","Dagger Throw"],"picked":"PiercingWail","floor":18},{"not_picked":["Predator","Poisoned Stab"],"picked":"Acrobatics+1","floor":20}],"player_experience":6040118,"relics_obtained":[{"floor":7,"key":"Blood Vial"},{"floor":9,"key":"Singing Bowl"},{"floor":12,"key":"Gambling Chip"}],"event_choices":[{"damage_healed":0,"gold_gain":0,"player_choice":"Lose Max HP","damage_taken":0,"relics_obtained":["Golden Idol"],"max_hp_gain":0,"max_hp_loss":6,"event_name":"Golden Idol","floor":3,"gold_loss":0},{"cards_removed":["Strike_G"],"damage_healed":0,"gold_gain":0,"player_choice":"Card Removal","damage_taken":7,"max_hp_gain":0,"max_hp_loss":0,"event_name":"Golden Wing","floor":11,"gold_loss":0},{"damage_healed":0,"gold_gain":0,"player_choice":"Success","damage_taken":11,"relics_obtained":["Meat on the Bone"],"max_hp_gain":0,"max_hp_loss":0,"event_name":"Scrap Ooze","floor":13,"gold_loss":0},{"damage_healed":0,"gold_gain":0,"cards_transformed":["Strike_G","Strike_G"],"player_choice":"Became Test Subject","damage_taken":0,"max_hp_gain":0,"max_hp_loss":0,"event_name":"Drug Dealer","floor":19,"gold_loss":0,"cards_obtained":["Adrenaline","Phantasmal Killer"]},{"damage_healed":0,"gold_gain":0,"player_choice":"Became a Ghost","damage_taken":0,"max_hp_gain":0,"max_hp_loss":31,"event_name":"Ghosts","floor":22,"gold_loss":0,"cards_obtained":["Ghostly","Ghostly","Ghostly"]}],"is_beta":false,"boss_relics":[{"not_picked":["WristBlade","SlaversCollar"],"picked":"Black Star"}],"items_purged_floors":[],"is_endless":false,"potions_floor_spawned":[4,5,7,20],"killed_by":"Book of Stabbing","ascension_level":20}}