{"host":"52lujqhsyicpcskq","time":1612369980,"event":{"mods":["BaseMod","Colored Map","Minty Spire (QoL Compilation)","Permanent Neow","StSLib","SuperFastMode","everything is the same but u backflip on backflip"],"gold_per_floor":[113,130,144,155,2,2,15,15,38,63,76,92,103,134,134,239,239,253,253,253,265,282,282,312,312,336,336,349,53,67,81,81,186,186,205,205,59,74,93,103,132,132,187,187,187,237,237,337,337,337],"floor_reached":51,"language":"KOR","playtime":2082,"items_purged":[],"score":1036,"play_id":"9feba057-997b-4aec-b28d-a820a561eaa5","local_time":"20210204013300","is_ascension_mode":true,"campfire_choices":[{"data":"Shrug It Off","floor":6,"key":"SMITH"},{"data":"Twin Strike","floor":8,"key":"SMITH"},{"data":"Perfected Strike","floor":15,"key":"SMITH"},{"data":"Perfected Strike","floor":23,"key":"SMITH"},{"data":"Shrug It Off","floor":25,"key":"SMITH"},{"data":"Bash","floor":27,"key":"SMITH"},{"data":"Bludgeon","floor":32,"key":"SMITH"},{"floor":42,"key":"REST"},{"data":"Clothesline","floor":45,"key":"SMITH"},{"data":"Juggernaut","floor":47,"key":"SMITH"},{"floor":49,"key":"REST"}],"circlet_count":0,"master_deck":["Strike_R","Strike_R","Strike_R","Strike_R","Strike_R","Defend_R+1","Defend_R","Defend_R","Bash+1","Corruption","Battle Trance","Shrug It Off+1","Shrug It Off+1","Clothesline+1","Twin Strike+1","Power Through","Perfected Strike+1","Twin Strike","Wild Strike","Perfected Strike+1","Bludgeon+1","Wild Strike+1","Entrench","Wild Strike","Flex+1","True Grit+1","Twin Strike","Juggernaut+1","Uppercut+1","Twin Strike","Metallicize+1"],"relics":["Burning Blood","Vajra","Smiling Mask","Bag of Preparation","Toy Ornithopter","Snecko Eye","Red Skull","MealTicket","Dead Branch","SlaversCollar","Akabeko","Strawberry","War Paint","Unceasing Top"],"acts_visited":["Exordium","TheCity","TheBeyond"],"potions_floor_usage":[7,10,16,24,30,33,35,41,44],"damage_taken":[{"damage":1,"enemies":"Cultist","floor":1,"turns":4},{"damage":2,"enemies":"2 Louse","floor":2,"turns":5},{"damage":7,"enemies":"Jaw Worm","floor":3,"turns":4},{"damage":4,"enemies":"Exordium Wildlife","floor":4,"turns":4},{"damage":4,"enemies":"Red Slaver","floor":7,"turns":4},{"damage":19,"enemies":"Lagavulin","floor":10,"turns":6},{"damage":8,"enemies":"Lots of Slimes","floor":11,"turns":5},{"damage":6,"enemies":"Gremlin Gang","floor":12,"turns":4},{"damage":0,"enemies":"Blue Slaver","floor":13,"turns":4},{"damage":24,"enemies":"3 Sentries","floor":14,"turns":7},{"damage":5,"enemies":"Slime Boss","floor":16,"turns":8},{"damage":0,"enemies":"Spheric Guardian","floor":18,"turns":1},{"damage":0,"enemies":"Chosen","floor":21,"turns":1},{"damage":0,"enemies":"Centurion and Healer","floor":22,"turns":3},{"damage":10,"enemies":"Book of Stabbing","floor":24,"turns":2},{"damage":0,"enemies":"Sentry and Sphere","floor":28,"turns":2},{"damage":0,"enemies":"Chosen and Byrds","floor":30,"turns":4},{"damage":0,"enemies":"Snake Plant","floor":31,"turns":2},{"damage":34,"enemies":"Collector","floor":33,"turns":9},{"damage":3,"enemies":"3 Darklings","floor":35,"turns":4},{"damage":0,"enemies":"3 Shapes","floor":38,"turns":2},{"damage":25,"enemies":"Transient","floor":39,"turns":5},{"damage":12,"enemies":"3 Darklings","floor":40,"turns":4},{"damage":36,"enemies":"Giant Head","floor":41,"turns":6},{"damage":2,"enemies":"Jaw Worm Horde","floor":44,"turns":2},{"damage":0,"enemies":"Mind Bloom Boss Battle","floor":46,"turns":4},{"damage":70,"enemies":"Time Eater","floor":50,"turns":9}],"seed_played":"-5173497835473808240","potions_obtained":[{"floor":1,"key":"Dexterity Potion"},{"floor":2,"key":"Energy Potion"},{"floor":3,"key":"SpeedPotion"},{"floor":14,"key":"BlessingOfTheForge"},{"floor":16,"key":"BlessingOfTheForge"},{"floor":18,"key":"SteroidPotion"},{"floor":22,"key":"GamblersBrew"},{"floor":28,"key":"DistilledChaos"},{"floor":31,"key":"Fire Potion"},{"floor":38,"key":"Ancient Potion"},{"floor":40,"key":"PowerPotion"},{"floor":41,"key":"SmokeBomb"}],"is_trial":false,"path_per_floor":["M","M","M","M","$","R","M","R","T","E","M","M","M","E","R","B",null,"M","?","?","M","M","R","E","R","T","R","M","$","M","M","R","B",null,"M","?","$","M","M","M","E","R","T","M","R","?","R","?","R","B",null],"character_chosen":"IRONCLAD","items_purchased":["Vajra","Dead Branch","Akabeko"],"campfire_rested":2,"item_purchase_floors":[5,29,37],"current_hp_per_floor":[77,80,79,80,80,80,80,80,80,67,65,65,71,53,53,59,75,80,80,80,80,80,80,80,80,80,80,80,80,80,80,80,52,73,80,80,80,80,61,55,37,63,63,72,72,78,78,78,87,23],"gold":337,"neow_bonus":"ONE_RANDOM_RARE_CARD","is_daily":false,"chose_seed":false,"campfire_upgraded":9,"win_rate":0.0,"timestamp":1612369980,"path_taken":["M","M","M","M","$","R","?","R","T","E","M","M","M","E","R","BOSS","M","?","?","?","M","R","E","R","T","R","M","?","?","M","R","BOSS","M","?","$","?","M","M","E","R","T","M","R","?","R","?","R","BOSS"],"items_purchased_type":["Relic","Relic","Relic"],"build_version":"2020-12-22","purchased_purges":0,"victory":true,"max_hp_per_floor":[80,80,80,80,80,80,80,80,80,80,80,80,80,80,80,80,80,80,80,80,80,80,80,80,80,80,80,80,80,80,80,80,80,80,80,80,80,80,80,80,87,87,87,87,87,87,87,87,87,87],"card_choices":[{"not_picked":["Flex","Power Through"],"picked":"Battle Trance","floor":1},{"not_picked":["Blood for Blood","Heavy Blade"],"picked":"Shrug It Off","floor":2},{"not_picked":["Anger","Havoc"],"picked":"Shrug It Off","floor":3},{"not_picked":["Havoc","Corruption"],"picked":"Clothesline","floor":4},{"not_picked":["Havoc","Evolve"],"picked":"Twin Strike","floor":7},{"not_picked":["Hemokinesis","Searing Blow"],"picked":"Power Through","floor":10},{"not_picked":["Shockwave","Dropkick"],"picked":"Perfected Strike","floor":11},{"not_picked":["Flex","Anger"],"picked":"Twin Strike","floor":12},{"not_picked":["Headbutt","Perfected Strike"],"picked":"Wild Strike","floor":13},{"not_picked":["Corruption","True Grit"],"picked":"Perfected Strike","floor":14},{"not_picked":["Demon Form","Limit Break"],"picked":"Bludgeon","floor":16},{"not_picked":["Anger","Fire Breathing"],"picked":"Wild Strike+1","floor":18},{"not_picked":["Blood for Blood","Iron Wave+1","Shrug It Off"],"picked":"SKIP","floor":21},{"not_picked":["Anger","Thunderclap+1"],"picked":"Entrench","floor":22},{"not_picked":["Reckless Charge+1","Armaments"],"picked":"Wild Strike","floor":24},{"not_picked":["Cleave","Dropkick"],"picked":"Flex","floor":28},{"not_picked":["Flex+1","Shrug It Off"],"picked":"True Grit+1","floor":30},{"not_picked":["Combust","Carnage"],"picked":"Twin Strike","floor":31},{"not_picked":["Limit Break","Offering"],"picked":"Juggernaut","floor":33},{"not_picked":["True Grit","Dark Embrace+1"],"picked":"Uppercut+1","floor":35},{"not_picked":["Infernal Blade+1","Seeing Red+1"],"picked":"Twin Strike","floor":38},{"not_picked":["Battle Trance+1","Ghostly Armor","Intimidate"],"picked":"SKIP","floor":39},{"not_picked":["Anger","Pummel+1"],"picked":"Metallicize+1","floor":40},{"not_picked":["Flex+1","Feed","Iron Wave+1"],"picked":"SKIP","floor":41}],"player_experience":745789,"relics_obtained":[{"floor":9,"key":"Smiling Mask"},{"floor":10,"key":"Bag of Preparation"},{"floor":14,"key":"Toy Ornithopter"},{"floor":24,"key":"Red Skull"},{"floor":26,"key":"MealTicket"},{"floor":41,"key":"Strawberry"},{"floor":43,"key":"War Paint"},{"floor":46,"key":"Unceasing Top"}],"event_choices":[{"damage_healed":0,"gold_gain":0,"player_choice":"Ignored","damage_taken":0,"max_hp_gain":0,"max_hp_loss":0,"event_name":"Vampires","floor":19,"gold_loss":0},{"damage_healed":0,"gold_gain":0,"player_choice":"Ignored","damage_taken":0,"max_hp_gain":0,"max_hp_loss":0,"event_name":"Cursed Tome","floor":20,"gold_loss":0},{"cards_removed":["Defend_R"],"damage_healed":0,"gold_gain":0,"player_choice":"Purged","damage_taken":0,"max_hp_gain":0,"max_hp_loss":0,"event_name":"Purifier","floor":36,"gold_loss":0},{"damage_healed":0,"gold_gain":0,"player_choice":"Fight","damage_taken":0,"max_hp_gain":0,"max_hp_loss":0,"event_name":"MindBloom","floor":46,"gold_loss":0},{"damage_healed":0,"gold_gain":100,"player_choice":"Pray","damage_taken":0,"max_hp_gain":0,"max_hp_loss":0,"event_name":"Golden Shrine","floor":48,"gold_loss":0}],"is_beta":false,"boss_relics":[{"not_picked":["Sozu","Calling Bell"],"picked":"Snecko Eye"},{"not_picked":["Black Star","Black Blood"],"picked":"SlaversCollar"}],"items_purged_floors":[],"is_endless":false,"potions_floor_spawned":[1,2,3,14,16,18,22,28,31,38,40,41],"ascension_level":9}}