{"host":"04hh9gplt9wkfmr1","time":1612365326,"event":{"mods":["AchievementEnabler","BaseMod","Colored Map","KOR Keyword Fix","Minty Spire (QoL Compilation)","Rare Cards Sparkle","SuperFastMode"],"gold_per_floor":[117,130,144,158,158,158,187,187,233,267,213,213,227,247,247,352,352,363,363,377,258,258,258],"floor_reached":22,"language":"KOR","playtime":739,"items_purged":["Strike_B"],"score":284,"play_id":"58e5160d-5928-4006-b6bf-1da93bda1f18","local_time":"20210204001526","is_ascension_mode":true,"campfire_choices":[{"data":"Dualcast","floor":6.0,"key":"SMITH"},{"floor":8.0,"key":"REST"},{"data":"Defragment","floor":12.0,"key":"SMITH"},{"floor":15,"key":"REST"}],"circlet_count":0,"master_deck":["Strike_B","Strike_B","Defend_B","Defend_B","Defend_B","Defend_B","Zap","Dualcast+1","Defragment+1","Cold Snap","Static Discharge","Aggregate","Capacitor","Seek","Cold Snap","Core Surge","CurseOfTheBell","Cold Snap+1","Leap","Capacitor"],"relics":["Cracked Core","The Courier","Art of War","Boot","Calling Bell","Pantograph","Torii","Nloth\u0027s Gift"],"acts_visited":["Exordium","TheCity"],"potions_floor_usage":[14,16],"damage_taken":[{"damage":3.0,"enemies":"Jaw Worm","floor":1.0,"turns":4.0},{"damage":1.0,"enemies":"Cultist","floor":2.0,"turns":3.0},{"damage":10.0,"enemies":"Small Slimes","floor":3.0,"turns":3.0},{"damage":18.0,"enemies":"3 Louse","floor":4.0,"turns":4.0},{"damage":17.0,"enemies":"3 Sentries","floor":7.0,"turns":6.0},{"damage":12.0,"enemies":"Lagavulin","floor":10.0,"turns":7.0},{"damage":7.0,"enemies":"Blue Slaver","floor":13.0,"turns":4.0},{"damage":11,"enemies":"Exordium Thugs","floor":14,"turns":3},{"damage":35,"enemies":"The Guardian","floor":16,"turns":16},{"damage":10,"enemies":"Chosen","floor":18,"turns":6},{"damage":19,"enemies":"3 Byrds","floor":20,"turns":6},{"damage":47,"enemies":"Cultist and Chosen","floor":22,"turns":4}],"seed_played":"-9125018692741344167","potions_obtained":[{"floor":7.0,"key":"ColorlessPotion"},{"floor":10.0,"key":"Dexterity Potion"},{"floor":13.0,"key":"PotionOfCapacity"},{"floor":14,"key":"FearPotion"},{"floor":16,"key":"FearPotion"}],"is_trial":false,"path_per_floor":["M","M","M","M","?","R","E","R","T","E","$","R","M","M","R","B",null,"M","?","M","$","M"],"character_chosen":"DEFECT","items_purchased":["Capacitor","Capacitor"],"campfire_rested":2,"item_purchase_floors":[11,21],"current_hp_per_floor":[72,71,61,43,43,43,26,50,50,38,38,38,31,20,44,9,64,54,54,35,35,0,0],"gold":258,"neow_bonus":"TEN_PERCENT_HP_BONUS","is_daily":false,"chose_seed":false,"campfire_upgraded":2,"win_rate":0.0,"timestamp":1612365326,"path_taken":["M","M","M","M","?","R","E","R","T","E","$","R","M","M","R","BOSS","M","?","?","$","M"],"items_purchased_type":["Card","Card"],"build_version":"2020-12-22","purchased_purges":1,"victory":false,"max_hp_per_floor":[82,82,82,82,82,82,82,82,82,82,82,82,82,82,82,82,82,82,82,82,82,82,82],"card_choices":[{"not_picked":["Cold Snap","Go for the Eyes"],"picked":"Defragment","floor":1.0},{"not_picked":["Reinforced Body","Undo","Redo"],"picked":"SKIP","floor":2.0},{"not_picked":["Stack","Tempest","Rebound"],"picked":"SKIP","floor":3.0},{"not_picked":["Stack","Tempest","Rebound"],"picked":"SKIP","floor":3.0},{"not_picked":["Undo","Sweeping Beam"],"picked":"Cold Snap","floor":4.0},{"not_picked":["Tempest","Streamline","Rebound"],"picked":"SKIP","floor":7.0},{"not_picked":["Auto Shields","Hologram"],"picked":"Aggregate","floor":10.0},{"not_picked":["Coolheaded","White Noise"],"picked":"Seek","floor":13.0},{"not_picked":["Sweeping Beam","Gash"],"picked":"Cold Snap","floor":14},{"not_picked":["Machine Learning","Meteor Strike"],"picked":"Core Surge","floor":16},{"not_picked":["Heatsinks","Force Field"],"picked":"Cold Snap+1","floor":18},{"not_picked":["Static Discharge","Fusion"],"picked":"Leap","floor":20}],"player_experience":123837,"relics_obtained":[{"floor":7.0,"key":"The Courier"},{"floor":9.0,"key":"Art of War"},{"floor":10.0,"key":"Boot"},{"floor":17,"key":"Anchor"},{"floor":17,"key":"Pantograph"},{"floor":17,"key":"Torii"}],"event_choices":[{"damage_healed":0.0,"max_hp_gain":0.0,"max_hp_loss":0.0,"gold_gain":0.0,"cards_transformed":["Strike_B"],"event_name":"Living Wall","player_choice":"Change","floor":5.0,"gold_loss":0.0,"damage_taken":0.0,"cards_obtained":["Static Discharge"]},{"damage_healed":0,"gold_gain":0,"player_choice":"Traded Relic","damage_taken":0,"relics_obtained":["Nloth\u0027s Gift"],"max_hp_gain":0,"max_hp_loss":0,"event_name":"N\u0027loth","floor":19,"relics_lost":["Anchor"],"gold_loss":0}],"is_beta":false,"boss_relics":[{"not_picked":["Tiny House","SacredBark"],"picked":"Calling Bell"}],"items_purged_floors":[21],"is_endless":false,"potions_floor_spawned":[7,10,13,14,16,18],"killed_by":"Cultist and Chosen","ascension_level":9}}