{"host":"hpn0uxah5qjr7pa6","time":1612330613,"event":{"mods":["Act Like it!","Aspiration","BaseMod","Better Third Choice","BetterRewards","Challenge The Spire","Colored Powertips","Conspire","Downfall","Energized Spire","Hallownest","Hermit","Hubris","Infinite Spire","Minty Spire (QoL Compilation)","Permanent Neow","Quick Restart","Rare Cards Sparkle","Replay The Spire","Spicy Shops","StSLib","The Bug Knight","The Jungle"],"gold_per_floor":[155,166,181,199,199,215,242,257,257,92,92,106,125,139,153,153,153,153],"floor_reached":16,"language":"ENG","playtime":688,"items_purged":[],"score":118,"play_id":"dfc904f4-bf7a-4a76-b5d7-8f0cbb15692f","local_time":"20210202213653","is_ascension_mode":true,"campfire_choices":[{"floor":11,"key":"REST"}],"circlet_count":0,"master_deck":["bronze:Strike","bronze:Strike","bronze:Strike","bronze:Defend","bronze:Defend","bronze:Defend","bronze:Replicate","bronze:WhirlingStrike"],"relics":["bronze:BronzeCore","Tiny Chest","Happy Flower"],"acts_visited":["Hallownest:Greenpath"],"potions_floor_usage":[8,10,14,15,15],"damage_taken":[{"damage":10,"enemies":"Hallownest:monsterHuskGuard","floor":2,"turns":5},{"damage":26,"enemies":"Hallownest:2_Tiktiks_and_1_Crawlid","floor":3,"turns":5},{"damage":5,"enemies":"Hallownest:2_MossCreeps","floor":4,"turns":5},{"damage":15,"enemies":"Hallownest:monsterAspidMother","floor":6,"turns":7},{"damage":10,"enemies":"Hallownest:Guard_and_Warrior","floor":8,"turns":5},{"damage":0,"enemies":"downfall:FleeingMerchant","floor":10,"turns":4},{"damage":4,"enemies":"Hallownest:1_Baldur_1_Crawlid_1_Warrior","floor":12,"turns":6},{"damage":0,"enemies":"Hallownest:monsterAspidMother","floor":13,"turns":3},{"damage":13,"enemies":"Hallownest:MossCreep_and_Mosskin","floor":14,"turns":6},{"damage":3,"enemies":"Hallownest:Guard_and_Warrior","floor":15,"turns":5},{"damage":31,"enemies":"IC_STATUS_ARCHETYPE","floor":16,"turns":6}],"seed_played":"-3091171162564670359","potions_obtained":[{"floor":2,"key":"Toxic Potion"},{"floor":8,"key":"Guardian:BlockOnCardUsePotion"},{"floor":12,"key":"SpeedPotion"},{"floor":13,"key":"Regen Potion"},{"floor":14,"key":"Regen Potion"}],"is_trial":false,"path_per_floor":["R","M","M","M","?","M","T","M","?","$","R","M","M","M","M","B"],"character_chosen":"THE_AUTOMATON","items_purchased":["Happy Flower"],"campfire_rested":1,"item_purchase_floors":[10],"current_hp_per_floor":[70,60,34,29,36,21,21,11,1,1,19,15,15,17,28,0,0,0],"gold":153,"neow_bonus":"REMOVE_CARD","is_daily":false,"chose_seed":false,"campfire_upgraded":0,"win_rate":0.0,"timestamp":1612330613,"path_taken":["R","M","M","M","?","M","T","?","?","$","R","M","M","M","M","BOSS"],"items_purchased_type":["Relic"],"build_version":"2020-12-22","purchased_purges":0,"victory":false,"max_hp_per_floor":[70,70,70,70,70,70,70,70,63,63,63,63,63,63,63,63,63,63],"card_choices":[{"not_picked":["bronze:CutThrough","bronze:CloningBeam","bronze:BugBarrage"],"picked":"SKIP","floor":2},{"not_picked":["bronze:Allocate","bronze:BuggyMess","bronze:Frontload"],"picked":"SKIP","floor":3},{"not_picked":["bronze:BugBarrage","bronze:DelayedGuard","bronze:BuggyMess"],"picked":"SKIP","floor":4},{"not_picked":["bronze:Boost","bronze:ItsAFeature"],"picked":"bronze:WhirlingStrike","floor":6},{"not_picked":["bronze:Turbo","bronze:Safeguard","bronze:FineTuning"],"picked":"SKIP","floor":8},{"not_picked":["bronze:Frontload","bronze:Iterate","bronze:DelayedGuard"],"picked":"SKIP","floor":10},{"not_picked":["bronze:Deprecate","bronze:BronzeArmor","bronze:BugBarrage"],"picked":"SKIP","floor":12},{"not_picked":["bronze:Invalidate","bronze:Overload","bronze:BugBarrage"],"picked":"SKIP","floor":13},{"not_picked":["bronze:Philosophize","bronze:ThunderWave","bronze:BugBarrage"],"picked":"SKIP","floor":14},{"not_picked":["bronze:CutThrough","bronze:Shield","bronze:Turbo"],"picked":"SKIP","floor":15}],"player_experience":168751,"relics_obtained":[{"floor":7,"key":"Tiny Chest"}],"event_choices":[],"is_beta":false,"boss_relics":[],"items_purged_floors":[],"is_endless":false,"potions_floor_spawned":[2,8,12,13,14],"killed_by":"IC_STATUS_ARCHETYPE","ascension_level":4}}