{"host":"hzswyuuwdl03wwzr","time":1612333473,"event":{"mods":["100% Spire Juice","ATMod(∞¢Ë™Mod)","AchievementEnabler","Act Like it!","BaseMod","Gensokyo","Hallownest","HololiveMod","Marisa£®ÏF”Í°°ƒß¿Ì…≥£©","Minty Spire (QoL Compilation)","Prisma Mod","Quick Restart","Reliquary","Remilia_Scarlet Moed£®¿Ÿ√◊¿Ú—«°§Àπø®¿◊Ãÿ£©3.3.5","Replay The Spire","StSLib","The Bug Knight","The Cursed","The Senshi","The Servant 0.9.4","Yakumo Yukari mod","Youmu£®ªÍ∆«—˝√Œ£©","Yuyuko","°æπ¶ƒ‹Mod°øªÏ„Á÷Æª∑–ﬁ∏¥≤π∂°","°æ“≈ŒÔø®≈∆°øREMEMod"],"gold_per_floor":[118,118,118,132,132,132,157,157,209,228,228,246,246,260,260,364,364,382,401,401,401,421,421,421,421],"floor_reached":24,"language":"ZHS","playtime":1233,"items_purged":[],"score":221,"play_id":"4de687e5-32f4-4409-a498-135eaf899ddf","local_time":"20210203142433","is_ascension_mode":false,"campfire_choices":[{"data":"theSenshi:MoonPrismPowerMakeUp","floor":6,"key":"SMITH"},{"data":"theSenshi:LunasBite","floor":11,"key":"SMITH"},{"floor":15,"key":"REST"},{"data":"theSenshi:MoonGorgeousMeditation","floor":23,"key":"SMITH"}],"circlet_count":0,"master_deck":["theSenshi:SailorKick+1","theSenshi:SailorKick","theSenshi:SailorKick","theSenshi:SailorKick","theSenshi:SailorBlock","theSenshi:SailorBlock","theSenshi:SailorBlock","theSenshi:SailorBlock","theSenshi:RoseThrow+1","theSenshi:MoonPrismPowerMakeUp+1","theSenshi:MoonCosmicPowerMakeUp+1","theSenshi:LunasBite+1","theSenshi:InTheNameOfTheMoon+1","theSenshi:MoonGorgeousMeditation+1","theSenshi:MoonsReflection"],"relics":["theSenshi:TransformationBroochRelic","AT_ATBox","REME_ComplimentaryCards","NeowsBlessing","Replay:Mystery Machine","reliquary:SharkskinSheath"],"acts_visited":["Exordium","Hallownest:CityofTears"],"potions_floor_usage":[16,16,24],"damage_taken":[{"damage":0,"enemies":"2 Louse","floor":1,"turns":1},{"damage":0,"enemies":"Small Slimes","floor":4,"turns":2},{"damage":0,"enemies":"3 Sentries","floor":7,"turns":1},{"damage":0,"enemies":"Cultist","floor":10,"turns":4},{"damage":0,"enemies":"Large Slime","floor":12,"turns":3},{"damage":2,"enemies":"Looter","floor":14,"turns":2},{"damage":16,"enemies":"Fading Forest","floor":16,"turns":11},{"damage":51,"enemies":"Hallownest:Flukemon_and_Top","floor":18,"turns":7},{"damage":3,"enemies":"Hallownest:2_Mistakes","floor":19,"turns":6},{"damage":29,"enemies":"Hallownest:3_Mistakes","floor":22,"turns":13},{"damage":6,"enemies":"Hallownest:eliteSoulWarrior","floor":24,"turns":2}],"seed_played":"1371145968036164937","potions_obtained":[{"floor":1,"key":"Block Potion"},{"floor":7,"key":"BlessingOfTheForge"},{"floor":16,"key":"Fire Potion"},{"floor":19,"key":"Explosive Potion"}],"is_trial":false,"path_per_floor":["M","?","?","M","?","R","E","?","T","M","R","M","?","M","R","B",null,"M","M","?","?","M","R","E"],"character_chosen":"THE_SENSHI","items_purchased":[],"campfire_rested":1,"item_purchase_floors":[],"current_hp_per_floor":[75,80,64,64,64,64,64,64,64,64,64,64,31,29,53,47,80,29,26,40,40,11,11,5,5],"gold":421,"neow_bonus":"THREE_ENEMY_KILL","is_daily":false,"chose_seed":false,"campfire_upgraded":3,"win_rate":0.0,"timestamp":1612333473,"path_taken":["M","?","?","M","?","R","E","?","T","M","R","?","?","M","R","BOSS","M","M","?","?","M","R","E"],"items_purchased_type":[],"build_version":"2020-12-22","purchased_purges":0,"victory":false,"max_hp_per_floor":[75,80,80,80,80,80,80,80,80,80,80,80,80,80,80,80,80,80,80,80,80,80,80,80,80],"card_choices":[{"not_picked":["theSenshi:LunasBite","theSenshi:InTheNickOfTime"],"picked":"theSenshi:MoonCosmicPowerMakeUp","floor":1},{"not_picked":["theSenshi:MoonPrincessHalation","theSenshi:MoonKick"],"picked":"theSenshi:LunasBite","floor":4},{"not_picked":["theSenshi:SailorStarMakerAssists","theSenshi:SailorVenusAssists","theSenshi:LunasBite"],"picked":"SKIP","floor":7},{"not_picked":["theSenshi:VenusGlamour","theSenshi:MoonKick","theSenshi:NeptunesGrace"],"picked":"SKIP","floor":10},{"not_picked":["theSenshi:GatheringStrength","theSenshi:SupersonicWaves","theSenshi:EncouragingSpeech"],"picked":"SKIP","floor":12},{"not_picked":["theSenshi:SailorStarMakerAssists","theSenshi:SailorPlanetAttack","theSenshi:SailorMercuryAssists"],"picked":"SKIP","floor":14},{"not_picked":["theSenshi:SailorStarHealerAssists","theSenshi:SilverMoonCrystalPowerKiss"],"picked":"theSenshi:MoonGorgeousMeditation","floor":16},{"not_picked":["theSenshi:MoonCrisisMakeUp","theSenshi:MoonSpiralHeartAttack+1","theSenshi:SailorMarsAssists"],"picked":"SKIP","floor":18},{"not_picked":["theSenshi:SupersonicWaves+1","theSenshi:SailorV"],"picked":"theSenshi:MoonsReflection","floor":19},{"not_picked":["theSenshi:LunasBite","theSenshi:SailorMercuryAssists","theSenshi:SupersonicWaves"],"picked":"SKIP","floor":22}],"player_experience":57535,"relics_obtained":[{"floor":7,"key":"Replay:Mystery Machine"}],"event_choices":[{"damage_healed":0,"gold_gain":0,"player_choice":"CYMZW","damage_taken":0,"max_hp_gain":5,"max_hp_loss":0,"event_name":"Remilia_CDSJ09","floor":2,"gold_loss":0},{"damage_healed":0,"gold_gain":0,"player_choice":"Entered Light","damage_taken":16,"max_hp_gain":0,"max_hp_loss":0,"event_name":"Shining Light","floor":3,"gold_loss":0,"cards_upgraded":["theSenshi:RoseThrow","theSenshi:SailorKick"]},{"damage_healed":0,"gold_gain":0,"player_choice":"Upgraded","damage_taken":0,"max_hp_gain":0,"max_hp_loss":0,"event_name":"Upgrade Shrine","floor":8,"gold_loss":0,"cards_upgraded":["theSenshi:MoonCosmicPowerMakeUp"]},{"damage_healed":0,"gold_gain":0,"player_choice":"Success","damage_taken":33,"relics_obtained":["reliquary:SharkskinSheath"],"max_hp_gain":0,"max_hp_loss":0,"event_name":"Scrap Ooze","floor":13,"gold_loss":0}],"is_beta":false,"boss_relics":[{"not_picked":["Replay:Drink Me","Replay:Bronze Core","Replay:Ancient Bell"]}],"items_purged_floors":[],"is_endless":false,"potions_floor_spawned":[1,7,16,19],"killed_by":"Hallownest:eliteSoulWarrior","ascension_level":0}}