{"host":"v4tuy5ykrbdcm9o9","time":1612364396,"event":{"mods":["BaseMod","Duelist Mod","Minty Spire (QoL Compilation)","Replay The Spire","StSLib"],"gold_per_floor":[111,121,71,71,87,117,117,143,143,143,108,136,136,153,153,256,256,272,287,287,297,3,37,37,37,37],"floor_reached":25,"language":"ENG","playtime":2028,"items_purged":[],"score":348,"play_id":"d322f92c-b1f4-41a2-b757-7df3c4d72ca0","local_time":"20210203095956","is_ascension_mode":true,"campfire_choices":[{"floor":7,"key":"REST"},{"floor":10,"key":"REST"},{"floor":15,"key":"RECALL"}],"circlet_count":0,"master_deck":["Defend_B+1","Defend_B+1","Defend_B+1","Defend_B+1","Zap","Dualcast","Hologram","Sweeping Beam","Gash","Darkness","Ball Lightning","Beam Cell","Barrage","Barrage","All For One","Genetic Algorithm+1","Scrape","Voices","ReplayTheSpireMod:System Scan","Auto Shields+1","Bite","Bite","Bite","Bite","Bite"],"relics":["Cracked Core","Bag of Preparation","Cables","Bottled Lightning","Replay:Bottled Eggs","Cursed Key","Ring of Misfortune","Replay:Ringing Soul","DataDisk"],"acts_visited":["Exordium","TheCity"],"potions_floor_usage":[8,12,21,23,25,25],"damage_taken":[{"damage":10,"enemies":"Small Slimes","floor":1,"turns":3},{"damage":9,"enemies":"2 Louse","floor":2,"turns":2},{"damage":7,"enemies":"Jaw Worm","floor":5,"turns":3},{"damage":25,"enemies":"Lagavulin","floor":6,"turns":6},{"damage":24,"enemies":"Replay:BlueRogue","floor":8,"turns":5},{"damage":15,"enemies":"Lagavulin","floor":12,"turns":5},{"damage":0,"enemies":"Blue Slaver","floor":14,"turns":4},{"damage":37,"enemies":"Hexaghost","floor":16,"turns":9},{"damage":9,"enemies":"2 Thieves","floor":18,"turns":4},{"damage":0,"enemies":"Chosen","floor":19,"turns":4},{"damage":26,"enemies":"Snake Plant","floor":21,"turns":4},{"damage":8,"enemies":"theDuelist:KaibaA2","floor":23,"turns":5},{"damage":44,"enemies":"Gremlin Leader","floor":25,"turns":4}],"seed_played":"7288220316909517293","potions_obtained":[{"floor":6,"key":"LifebloodPotion"},{"floor":8,"key":"FearPotion"},{"floor":18,"key":"Energy Potion"},{"floor":19,"key":"Swift Potion"},{"floor":23,"key":"CultistPotion"}],"is_trial":false,"path_per_floor":["M","M","$","?","M","E","R","E","T","R","?","E","?","M","R","B",null,"M","M","?","M","$","E","?","E"],"character_chosen":"DEFECT","items_purchased":["Gash","Replay:Ringing Soul","SkillPotion"],"campfire_rested":2,"item_purchase_floors":[3,22,22],"current_hp_per_floor":[65,56,56,61,54,29,55,31,31,57,78,63,63,63,63,26,72,63,63,63,37,37,32,35,0,0],"gold":37,"neow_bonus":"TEN_PERCENT_HP_BONUS","is_daily":false,"chose_seed":false,"campfire_upgraded":0,"win_rate":0.0,"timestamp":1612364396,"path_taken":["M","M","$","?","M","E","R","E","T","R","?","E","?","M","R","BOSS","M","M","?","M","$","E","?","E"],"items_purchased_type":["Card","Relic","Potion"],"build_version":"2020-12-22","purchased_purges":0,"victory":false,"max_hp_per_floor":[82,82,82,87,87,87,87,87,87,87,87,87,87,87,87,87,87,87,87,87,87,87,90,65,65,65],"card_choices":[{"not_picked":["Fusion","Reprogram"],"picked":"Hologram","floor":1},{"not_picked":["Aggregate","Rebound"],"picked":"Sweeping Beam","floor":2},{"not_picked":["Chill","Stack"],"picked":"Darkness","floor":5},{"not_picked":["Seek","Rebound"],"picked":"Ball Lightning","floor":6},{"not_picked":["Consume","Hello World"],"picked":"Beam Cell","floor":8},{"not_picked":["Glacier","Hologram"],"picked":"Barrage","floor":12},{"not_picked":["ReplayTheSpireMod:System Scan","Reprogram"],"picked":"Barrage","floor":14},{"not_picked":["Hyperbeam","Amplify"],"picked":"All For One","floor":16},{"not_picked":["Ball Lightning","Reinforced Body+1"],"picked":"Genetic Algorithm+1","floor":18},{"not_picked":["Stack","Hologram"],"picked":"Scrape","floor":19},{"not_picked":["ReplayRNGCard","Storm"],"picked":"ReplayTheSpireMod:System Scan","floor":21},{"not_picked":["ReplayTheSpireMod:Calculation Training","Storm"],"picked":"Auto Shields+1","floor":23}],"player_experience":743211,"relics_obtained":[{"floor":6,"key":"Bag of Preparation"},{"floor":8,"key":"Cables"},{"floor":9,"key":"Bottled Lightning"},{"floor":12,"key":"Replay:Bottled Eggs"},{"floor":20,"key":"Ring of Misfortune"},{"floor":23,"key":"DataDisk"}],"event_choices":[{"damage_healed":0,"gold_gain":0,"player_choice":"Donut","damage_taken":0,"max_hp_gain":5,"max_hp_loss":0,"event_name":"Big Fish","floor":4,"gold_loss":0},{"damage_healed":21,"gold_gain":0,"player_choice":"Healed","damage_taken":0,"max_hp_gain":0,"max_hp_loss":0,"event_name":"The Cleric","floor":11,"gold_loss":35},{"damage_healed":0,"gold_gain":0,"player_choice":"Became a vampire","damage_taken":0,"max_hp_gain":0,"max_hp_loss":28,"event_name":"Vampires","floor":24,"gold_loss":0,"cards_obtained":["Bite","Bite","Bite","Bite","Bite"]}],"is_beta":false,"boss_relics":[{"not_picked":["Empty Cage","Ectoplasm"],"picked":"Cursed Key"}],"items_purged_floors":[],"is_endless":false,"potions_floor_spawned":[6,8,18,19,23],"killed_by":"Gremlin Leader","ascension_level":7}}