{"host":"9kesdg97wkrx2bva","time":1612389034,"event":{"mods":["AchievementEnabler","BaseMod","Colored Map","GifTheSpireLib","Infinite Spire","Minty Spire (QoL Compilation)","Replay The Spire","StSLib"],"gold_per_floor":[117,42,62,112,37,37,55,85,109,9,9,9],"floor_reached":11,"language":"ENG","playtime":437,"items_purged":["Strike_G","Strike_G"],"score":128,"play_id":"b571422b-cdd0-4f26-8aae-80aa177e5be5","local_time":"20210203155034","is_ascension_mode":true,"campfire_choices":[{"data":"Adrenaline","floor":6,"key":"SMITH"}],"circlet_count":0,"master_deck":["AscendersBane","Strike_G","Strike_G","Strike_G","Defend_G","Defend_G","Defend_G","Defend_G","Survivor","Neutralize","Adrenaline+1","Infinite Blades","Poisoned Stab","Quick Slash","Footwork"],"relics":["Ring of the Snake","Replay:Rubber Ducky","Bag of Preparation"],"acts_visited":["Exordium"],"potions_floor_usage":[8,11],"damage_taken":[{"damage":1,"enemies":"Jaw Worm","floor":1,"turns":8},{"damage":1,"enemies":"2 Louse","floor":3,"turns":3},{"damage":0,"enemies":"Cultist","floor":7,"turns":3},{"damage":33,"enemies":"Lagavulin","floor":8,"turns":8},{"damage":0,"enemies":"Gremlin Nob","floor":11,"turns":2}],"seed_played":"9157676247112305102","potions_obtained":[{"floor":3,"key":"Fruit Juice"},{"floor":8,"key":"ColorlessPotion"}],"is_trial":false,"path_per_floor":["M","?","M","?","$","R","M","E","T","$","E"],"character_chosen":"THE_SILENT","items_purchased":[],"campfire_rested":0,"item_purchase_floors":[],"current_hp_per_floor":[43,43,42,42,42,42,42,14,14,14,14,14],"gold":9,"neow_bonus":"THREE_RARE_CARDS","is_daily":false,"chose_seed":false,"campfire_upgraded":1,"win_rate":0.0,"timestamp":1612389034,"path_taken":["M","?","M","?","$","R","?","E","T","$","E"],"items_purchased_type":[],"build_version":"2020-12-22","purchased_purges":2,"victory":false,"max_hp_per_floor":[66,66,66,66,66,66,66,71,71,71,71,71],"card_choices":[{"not_picked":["Malaise","Venomology"],"picked":"Adrenaline","floor":0},{"not_picked":["Bouncing Flask","Prepared"],"picked":"Infinite Blades","floor":1},{"not_picked":["Sucker Punch","PiercingWail"],"picked":"Poisoned Stab","floor":3},{"not_picked":["Slice","ReplayTheSpireMod:Tripwire"],"picked":"Quick Slash","floor":7},{"not_picked":["Sneak Up","Burst"],"picked":"Footwork","floor":8}],"player_experience":1002381,"relics_obtained":[{"floor":8,"key":"Replay:Rubber Ducky"},{"floor":9,"key":"Bag of Preparation"}],"event_choices":[{"cards_removed":["Defend_G"],"damage_healed":0,"gold_gain":0,"player_choice":"Card Removal","damage_taken":0,"max_hp_gain":0,"max_hp_loss":0,"event_name":"The Cleric","floor":2,"gold_loss":75},{"damage_healed":0,"gold_gain":50,"player_choice":"Pray","damage_taken":0,"max_hp_gain":0,"max_hp_loss":0,"event_name":"Golden Shrine","floor":4,"gold_loss":0}],"is_beta":false,"boss_relics":[],"items_purged_floors":[5,10],"is_endless":false,"potions_floor_spawned":[3,8],"killed_by":"Gremlin Nob","ascension_level":16}}