{"host":"oewe6473mh2zp5ss","time":1612331361,"event":{"mods":["AchievementEnabler","Aspiration","Bard","BaseMod","Challenge The Spire","Conspire","Curses Come First","Custom Start","Downfall","Emptier Cage","Gremlin Mod","Halation","Hubris","Infinite Spire","Minty Spire (QoL Compilation)","Permanent Neow","Reliquary","Replay The Spire","Robot Space Explorer","Somnambulant","Spikes Relics","StSLib","The Cursed","The Disciple","The Jungle","The Senshi","thorton"],"gold_per_floor":[111,111,131,143,318,318,332,366,392,392,392,406,406,417,417,518,518,537,548,548,548,563,563,563,563,563,563,596,196,196,206,206,301,301,312,331,331,348,362,362,362],"floor_reached":40,"language":"ENG","playtime":2986,"items_purged":["downfall:Bewildered"],"score":508,"play_id":"eb6d51b3-472b-4e50-a535-9e11a9ef01d4","local_time":"20210202214921","is_ascension_mode":false,"campfire_choices":[{"data":"Perfected Strike","floor":6,"key":"SMITH"},{"floor":10,"key":"REST"},{"data":"Sword Boomerang","floor":15,"key":"SMITH"},{"floor":23,"key":"REST"},{"floor":25,"key":"REST"},{"floor":30,"key":"REST"},{"floor":32,"key":"REST"}],"circlet_count":0,"master_deck":["Strike_R","Strike_R","Strike_R","Strike_R","Strike_R","Defend_R","Defend_R","Defend_R","Defend_R","Bash","Perfected Strike+1","Iron Wave","Warcry","Doubt","Iron Wave","conspire:Charge","Sword Boomerang+1","Replay:Undeath\u0027s Touch","Exhume","Normality","Zap","Berserk","Mind Blast","infinitespire:Starlight","Twin Strike","Body Slam","Anger","Ghostly","Ghostly","Ghostly","Ghostly","Ghostly","Demonic Infusion","Inflame","Iron Wave","Barricade","Flex","Shrug It Off+1","Iron Wave+1","Shrug It Off+1"],"relics":["Burning Blood","Ring of Chaos","Boot","Juzu Bracelet","ReplayTheSpireMod:Ring of Addiction","White Beast Statue","Chameleon Ring","ReplayTheSpireMod:SealedPack","sneckomod:BabySnecko","halation:PinkSoulGem","conspire:DecoderRing","reliquary:RoseTintedGlasses","Quantum Egg","Black Star","hubris:Towel"],"acts_visited":["Exordium","TheCity","TheBeyond"],"potions_floor_usage":[16,16,16,18,19,33,33,35,36,39,40],"damage_taken":[{"damage":22,"enemies":"Small Slimes","floor":1,"turns":5},{"damage":12,"enemies":"2 Louse","floor":3,"turns":3},{"damage":10,"enemies":"Cultist","floor":4,"turns":4},{"damage":0,"enemies":"3 Louse","floor":7,"turns":4},{"damage":16,"enemies":"Gremlin Nob","floor":8,"turns":4},{"damage":7,"enemies":"2 Fungi Beasts","floor":12,"turns":2},{"damage":5,"enemies":"Looter","floor":14,"turns":2},{"damage":37,"enemies":"Hexaghost","floor":16,"turns":4},{"damage":22,"enemies":"3 Byrds","floor":18,"turns":4},{"damage":41,"enemies":"conspire:FuzzyDice","floor":19,"turns":4},{"damage":37,"enemies":"Snake Plant","floor":22,"turns":3},{"damage":35,"enemies":"Slavers","floor":28,"turns":5},{"damage":10,"enemies":"Snecko","floor":31,"turns":5},{"damage":22,"enemies":"Collector","floor":33,"turns":9},{"damage":15,"enemies":"3 Darklings","floor":35,"turns":6},{"damage":22,"enemies":"Orb Walker","floor":36,"turns":3},{"damage":0,"enemies":"Jaw Worm Horde","floor":38,"turns":1},{"damage":16,"enemies":"3 Darklings","floor":39,"turns":5},{"damage":27,"enemies":"Nightmare","floor":40,"turns":4}],"seed_played":"2146321863912670651","potions_obtained":[{"floor":7,"key":"PowerPotion"},{"floor":8,"key":"Reflective Coating"},{"floor":11,"key":"PowerPotion"},{"floor":11,"key":"PowerPotion"},{"floor":16,"key":"Regen Potion"},{"floor":18,"key":"Elixir"},{"floor":19,"key":"Milkshake"},{"floor":22,"key":"BlessingOfTheForge"},{"floor":28,"key":"champ:CounterPotion"},{"floor":33,"key":"BloodPotion"},{"floor":35,"key":"Slimebound:ThreeZeroPotion"},{"floor":36,"key":"Dexterity Potion"},{"floor":38,"key":"hexamod:SoulburnPotion"},{"floor":39,"key":"SkillPotion"}],"is_trial":true,"path_per_floor":["M","?","M","M","?","R","M","E","T","R","?","M","?","M","R","B",null,"M","M","?","?","M","R","?","R","T","?","E","$","R","M","R","B",null,"M","M","?","M","M","NM"],"character_chosen":"IRONCLAD","items_purchased":["Inflame","Quantum Egg"],"campfire_rested":5,"item_purchase_floors":[29,29],"current_hp_per_floor":[64,64,58,54,54,54,60,50,50,74,74,73,73,74,74,43,78,72,37,37,37,26,48,48,70,70,37,18,18,28,24,33,20,33,33,17,17,23,27,0,0],"gold":362,"neow_bonus":"","is_daily":false,"chose_seed":false,"campfire_upgraded":2,"win_rate":0.0,"timestamp":1612331361,"path_taken":["M","?","M","M","?","R","M","E","T","R","?","M","?","M","R","BOSS","M","M","?","?","M","R","?","R","T","?","E","$","R","M","R","BOSS","M","M","?","M","M","NM"],"items_purchased_type":["Card","Relic"],"build_version":"2020-12-22","purchased_purges":1,"victory":false,"max_hp_per_floor":[80,80,80,80,80,80,80,80,80,80,80,80,80,80,78,78,78,78,78,78,78,78,76,76,76,74,37,37,35,35,35,33,33,33,33,33,33,33,33,33,33],"card_choices":[{"not_picked":["Anger","Battle Trance"],"picked":"Perfected Strike","floor":1},{"not_picked":["ReplayTheSpireMod:LeadingStrike","Defy Death"],"picked":"Iron Wave","floor":3},{"not_picked":["Perfected Strike","Havoc"],"picked":"Warcry","floor":4},{"not_picked":["Replay:Undeath\u0027s Touch","Whirlwind"],"picked":"Iron Wave","floor":7},{"not_picked":["Shrug It Off","Hemokinesis"],"picked":"conspire:Charge","floor":8},{"not_picked":["Searing Blow","Clothesline"],"picked":"Sword Boomerang","floor":12},{"not_picked":["Sword Boomerang","Heavy Blade"],"picked":"Replay:Undeath\u0027s Touch","floor":14},{"not_picked":["Hemogenesis","Immolate"],"picked":"Exhume","floor":16},{"not_picked":["somnambulantmod: PrimingPunch","hexamod:Float"],"picked":"Zap","floor":17},{"not_picked":["Reaper","Exhume"],"picked":"Berserk","floor":17},{"not_picked":["Impatience","Flash of Steel"],"picked":"Mind Blast","floor":17},{"not_picked":["hubris:InfiniteBlow","infinitespire:Fortify"],"picked":"infinitespire:Starlight","floor":17},{"not_picked":["Invigoration","Infernal Blade"],"picked":"Twin Strike","floor":18},{"not_picked":["ReplayTheSpireMod:Limb From Limb","Abandon"],"picked":"Body Slam","floor":19},{"not_picked":["Sentinel","Evolve"],"picked":"Anger","floor":22},{"not_picked":["Shrug It Off","Feel No Pain+1"],"picked":"Demonic Infusion","floor":28},{"not_picked":["Cleave","Thunderclap"],"picked":"Iron Wave","floor":31},{"not_picked":["conspire:Purge","Fiend Fire"],"picked":"Barricade","floor":33},{"not_picked":["Intimidate+1","Second Wind"],"picked":"Flex","floor":35},{"not_picked":["Entrench","Havoc"],"picked":"Shrug It Off+1","floor":36},{"not_picked":["Second Wind+1","Seeing Red"],"picked":"Iron Wave+1","floor":38},{"not_picked":["Evolve","Anger"],"picked":"Shrug It Off+1","floor":39}],"player_experience":63531,"relics_obtained":[{"floor":8,"key":"Boot"},{"floor":9,"key":"Juzu Bracelet"},{"floor":11,"key":"ReplayTheSpireMod:Ring of Addiction"},{"floor":11,"key":"White Beast Statue"},{"floor":11,"key":"Chameleon Ring"},{"floor":26,"key":"conspire:DecoderRing"},{"floor":28,"key":"reliquary:RoseTintedGlasses"}],"event_choices":[{"damage_healed":0,"gold_gain":175,"player_choice":"AGREE","damage_taken":0,"max_hp_gain":0,"max_hp_loss":0,"event_name":"Liars Game","floor":5,"gold_loss":0,"cards_obtained":["Doubt"]},{"damage_healed":0,"gold_gain":0,"player_choice":"Got Potions","damage_taken":0,"max_hp_gain":0,"max_hp_loss":0,"event_name":"Lab","floor":13,"gold_loss":0},{"damage_healed":0,"gold_gain":0,"player_choice":"Became a Ghost","damage_taken":0,"max_hp_gain":0,"max_hp_loss":37,"event_name":"Ghosts","floor":27,"gold_loss":0,"cards_obtained":["Ghostly","Ghostly","Ghostly","Ghostly","Ghostly"]}],"is_beta":false,"boss_relics":[{"not_picked":["Busted Crown","conspire:SlowCooker"],"picked":"ReplayTheSpireMod:SealedPack"},{"not_picked":["reliquary:Craggleroot","Philosopher\u0027s Stone"],"picked":"Black Star"}],"items_purged_floors":[29],"is_endless":false,"potions_floor_spawned":[7,8,12,14,16,18,19,22,28,31,33,35,36,38,39],"killed_by":"Nightmare","ascension_level":0}}