{"host":"nia1zwr35jsu5y7h","time":1612331088,"event":{"mods":["2.2 Compatiblity","Abigail Mod","Bard","BaseMod","Colored Map","Conspire","Downfall","Friendly Minions","Hermit","Highlight Path","Hubris","Infinite Spire","Kiyohime????","Koishi","Marisa????????","Minty Spire (QoL Compilation)","Quick Restart","Replay The Spire","Shade Mod","Shop Mod","StSLib","The Administrix","The Animator","The Construct","The Cursed","The Disciple","The Mystic","The Necromancer","The Servant 0.9.4"],"gold_per_floor":[114,125,142,142,142,142,27,45,98,133,133,168,168,186,186,186,186],"floor_reached":16,"language":"ENG","playtime":578,"items_purged":[],"score":270,"play_id":"1e049c80-fa5e-437c-a957-d8ccf35adf16","local_time":"20210202214448","is_ascension_mode":true,"campfire_choices":[{"floor":6,"key":"REST"},{"floor":11,"key":"REST"},{"floor":15,"key":"REST"}],"circlet_count":0,"master_deck":["AscendersBane","conspire:GhostlyStrike","conspire:GhostlyStrike","conspire:GhostlyStrike","conspire:GhostlyStrike","conspire:GhostlyDefend","conspire:GhostlyDefend","conspire:GhostlyDefend","conspire:GhostlyDefend","KidneyShot","Exchange","Ricochet","GearUp","Manipulate+1","Read","Rearm","Rearm","Initiator","Dilation","Gouge","Hightail"],"relics":["Uniform","NeowsBlessing","hubris:TenFootPole","Bag of Marbles","infinitespire:CursedDice","Anchor"],"acts_visited":["Exordium"],"potions_floor_usage":[10,10],"damage_taken":[{"damage":0,"enemies":"2 Louse","floor":1,"turns":1},{"damage":0,"enemies":"Jaw Worm","floor":2,"turns":1},{"damage":0,"enemies":"Small Slimes","floor":3,"turns":1},{"damage":9,"enemies":"2 Fungi Beasts","floor":8,"turns":4},{"damage":20,"enemies":"Lagavulin","floor":10,"turns":5},{"damage":27,"enemies":"Gremlin Nob","floor":12,"turns":8},{"damage":8,"enemies":"Lots of Slimes","floor":14,"turns":4},{"damage":50,"enemies":"Fading Forest","floor":16,"turns":10}],"seed_played":"-4991392337366688276","potions_obtained":[{"floor":1,"key":"Adrenaline Potion"},{"floor":2,"key":"FearPotion"}],"is_trial":false,"path_per_floor":["M","M","M","?","?","R","$","M","T","E","R","E","?","M","R","B"],"character_chosen":"THE_SERVANT","items_purchased":["Read","Rearm"],"campfire_rested":3,"item_purchase_floors":[7,7],"current_hp_per_floor":[54,54,54,19,19,37,37,28,28,8,26,22,22,14,32,0,0],"gold":186,"neow_bonus":"THREE_ENEMY_KILL","is_daily":false,"chose_seed":false,"campfire_upgraded":0,"win_rate":0.0,"timestamp":1612331088,"path_taken":["M","M","M","?","?","R","$","M","T","E","R","E","?","M","R","BOSS"],"items_purchased_type":["Card","Card"],"build_version":"2020-12-22","purchased_purges":0,"victory":false,"max_hp_per_floor":[60,60,60,60,60,60,60,60,60,60,60,60,60,60,60,60,60],"card_choices":[{"not_picked":["Replace","Starlight"],"picked":"Ricochet","floor":1},{"not_picked":["FastForward","Rearm"],"picked":"GearUp","floor":2},{"not_picked":["TimeWarp","Starlight"],"picked":"Manipulate","floor":3},{"not_picked":["Rewind","Revamp"],"picked":"Initiator","floor":8},{"not_picked":["Revamp","Unruled"],"picked":"Dilation","floor":10},{"not_picked":["FloweringNight","Alleviate"],"picked":"Gouge","floor":12},{"not_picked":["Reset","Snipe"],"picked":"Hightail","floor":14}],"player_experience":2313963,"relics_obtained":[{"floor":9,"key":"Bag of Marbles"},{"floor":10,"key":"infinitespire:CursedDice"},{"floor":12,"key":"Anchor"}],"event_choices":[{"damage_healed":0,"gold_gain":0,"player_choice":"Success","damage_taken":35,"relics_obtained":["hubris:TenFootPole"],"max_hp_gain":0,"max_hp_loss":0,"event_name":"Scrap Ooze","floor":4,"gold_loss":0},{"damage_healed":0,"gold_gain":0,"player_choice":"Grow","damage_taken":0,"max_hp_gain":0,"max_hp_loss":0,"event_name":"Living Wall","floor":5,"gold_loss":0,"cards_upgraded":["Manipulate"]},{"damage_healed":0,"gold_gain":0,"player_choice":"Agree","damage_taken":0,"max_hp_gain":0,"max_hp_loss":0,"event_name":"conspire:LoneGhost","floor":13,"gold_loss":0}],"is_beta":false,"boss_relics":[],"items_purged_floors":[],"is_endless":false,"potions_floor_spawned":[1,2,8],"killed_by":"Fading Forest","ascension_level":20}}