{"host":"dxldt284mdio0lzg","time":1612388810,"event":{"mods":["AchievementEnabler","BaseMod","Colored Map","Colored Powertips","DeckTracker","Minty Spire (QoL Compilation)","SuperFastMode"],"gold_per_floor":[115,39,52,127,127,127,74,74,74,90,90,109,132,150,150,275,275,291,312,67,87,105,105,149,149,149,189,66,87,101,101,101,225,225,243,21,21,90,115,154,167,8,8,8,32,93,116,141,141,141,141],"floor_reached":50,"language":"ENG","playtime":3315,"items_purged":[],"score":583,"play_id":"cae4ca49-df49-4b3d-8b68-4385571a3567","local_time":"20210203224650","is_ascension_mode":true,"campfire_choices":[{"floor":6,"key":"REST"},{"data":"Blade Dance","floor":8,"key":"SMITH"},{"data":"Impatience","floor":11,"key":"SMITH"},{"floor":15,"key":"REST"},{"floor":23,"key":"REST"},{"floor":25,"key":"REST"},{"floor":32,"key":"REST"},{"data":"Enlightenment","floor":44,"key":"SMITH"},{"floor":49,"key":"REST"}],"circlet_count":0,"master_deck":["Strike_G+1","Strike_G+1","Defend_G+1","Defend_G+1","Defend_G+1","Defend_G+1","Defend_G+1","Survivor","Neutralize","Impatience+1","Accuracy","Blade Dance+1","Flying Knee","Escape Plan","Prepared","Endless Agony","Slice","Storm of Steel","Underhanded Strike","Tools of the Trade","Doppelganger+1","Finisher+1","Adrenaline+1","Poisoned Stab+1","Backflip","Reflex","Blind","Noxious Fumes","Underhanded Strike+1","Cloak And Dagger+1","Outmaneuver","Blade Dance","Blade Dance","Endless Agony","Poisoned Stab","Adrenaline","Backflip","Acrobatics","Deadly Poison","Deflect","All Out Attack","Prepared","Slice","Enlightenment+1","Bouncing Flask+1","Accuracy+1","Dodge and Roll+1","Escape Plan+1"],"relics":["Ring of the Snake","Golden Idol","Pantograph","Astrolabe","Boot","Blood Vial","TungstenRod","WristBlade","TwistedFunnel","Gremlin Horn","Blue Candle","Lizard Tail","Bird Faced Urn"],"acts_visited":["Exordium","TheCity","TheBeyond"],"potions_floor_usage":[16,16,27,27,27,30,30,30,33,45,46],"damage_taken":[{"damage":0,"enemies":"Small Slimes","floor":1,"turns":3},{"damage":2,"enemies":"Jaw Worm","floor":3,"turns":4},{"damage":0,"enemies":"Cultist","floor":10,"turns":3},{"damage":10,"enemies":"Lots of Slimes","floor":12,"turns":4},{"damage":17,"enemies":"Gremlin Gang","floor":13,"turns":5},{"damage":1,"enemies":"Blue Slaver","floor":14,"turns":3},{"damage":29,"enemies":"Slime Boss","floor":16,"turns":9},{"damage":7,"enemies":"3 Byrds","floor":18,"turns":4},{"damage":0,"enemies":"Spheric Guardian","floor":19,"turns":2},{"damage":15,"enemies":"Centurion and Healer","floor":21,"turns":6},{"damage":14,"enemies":"Snecko","floor":22,"turns":4},{"damage":37,"enemies":"Book of Stabbing","floor":24,"turns":6},{"damage":31,"enemies":"Gremlin Leader","floor":27,"turns":7},{"damage":13,"enemies":"Snake Plant","floor":29,"turns":4},{"damage":7,"enemies":"Shelled Parasite and Fungi","floor":30,"turns":4},{"damage":54,"enemies":"Collector","floor":33,"turns":7},{"damage":0,"enemies":"Orb Walker","floor":35,"turns":2},{"damage":0,"enemies":"3 Darklings","floor":39,"turns":3},{"damage":13,"enemies":"Giant Head","floor":40,"turns":7},{"damage":2,"enemies":"4 Shapes","floor":41,"turns":1},{"damage":12,"enemies":"Transient","floor":45,"turns":5},{"damage":13,"enemies":"2 Orb Walkers","floor":46,"turns":2},{"damage":32,"enemies":"Spire Growth","floor":47,"turns":4},{"damage":4,"enemies":"4 Shapes","floor":48,"turns":2},{"damage":97,"enemies":"Time Eater","floor":50,"turns":7}],"seed_played":"6510555780580191723","potions_obtained":[{"floor":1,"key":"PowerPotion"},{"floor":12,"key":"Regen Potion"},{"floor":14,"key":"Strength Potion"},{"floor":16,"key":"Weak Potion"},{"floor":19,"key":"BlessingOfTheForge"},{"floor":21,"key":"SkillPotion"},{"floor":27,"key":"LiquidBronze"},{"floor":29,"key":"Energy Potion"},{"floor":30,"key":"Strength Potion"},{"floor":40,"key":"AttackPotion"},{"floor":45,"key":"DistilledChaos"}],"is_trial":false,"path_per_floor":["M","$","M","?","?","R","$","R","T","M","R","M","M","M","R","B",null,"M","M","$","M","M","R","E","R","T","E","$","M","M","?","R","B",null,"M","$","?","T","M","E","M","$","T","R","M","?","M","M","R","B"],"character_chosen":"THE_SILENT","items_purchased":["Blade Dance","Flying Knee","Prepared","Reflex","Blind","Noxious Fumes","Blade Dance","Regen Potion","TwistedFunnel","Backflip","Acrobatics","Prepared","Slice","Enlightenment"],"campfire_rested":6,"item_purchase_floors":[2,2,7,20,20,20,28,28,36,36,36,42,42,42],"current_hp_per_floor":[70,70,68,57,40,61,61,61,61,61,61,51,34,33,54,41,70,63,63,63,48,34,55,18,39,39,19,19,8,15,15,36,9,70,70,70,66,66,66,53,53,53,53,53,43,32,8,10,29,0,0],"gold":141,"neow_bonus":"RANDOM_COLORLESS","is_daily":false,"chose_seed":false,"campfire_upgraded":3,"win_rate":0.0,"timestamp":1612388810,"path_taken":["M","$","M","?","?","R","?","R","T","M","R","M","M","M","R","BOSS","M","?","$","?","?","R","E","R","T","E","$","M","M","?","R","BOSS","M","$","?","?","M","E","M","$","T","R","M","?","M","M","R","BOSS"],"items_purchased_type":["Card","Card","Card","Card","Card","Card","Card","Potion","Relic","Card","Card","Card","Card","Card"],"build_version":"2020-12-22","purchased_purges":0,"victory":false,"max_hp_per_floor":[70,70,70,70,70,70,70,70,70,70,70,70,70,70,70,70,70,70,70,70,70,70,70,70,70,70,70,70,70,70,70,70,70,70,70,70,66,66,66,66,66,66,66,66,66,66,66,66,66,66,66],"card_choices":[{"not_picked":["Trip","PanicButton"],"picked":"Impatience","floor":0},{"not_picked":["Flying Knee","Dagger Throw"],"picked":"Accuracy","floor":1},{"not_picked":["Deflect","Poisoned Stab"],"picked":"Escape Plan","floor":3},{"not_picked":["Expertise","Predator"],"picked":"Endless Agony","floor":10},{"not_picked":["Deadly Poison","Dagger Spray"],"picked":"Slice","floor":12},{"not_picked":["Outmaneuver","Sucker Punch"],"picked":"Storm of Steel","floor":13},{"not_picked":["Heel Hook","Prepared"],"picked":"Underhanded Strike","floor":14},{"not_picked":["Glass Knife","After Image"],"picked":"Tools of the Trade","floor":16},{"not_picked":["Dodge and Roll","PiercingWail+1"],"picked":"Poisoned Stab+1","floor":18},{"not_picked":["Quick Slash","Well Laid Plans+1"],"picked":"Backflip","floor":19},{"not_picked":["Slice","Well Laid Plans"],"picked":"Underhanded Strike+1","floor":21},{"not_picked":["Blur","Prepared"],"picked":"Cloak And Dagger+1","floor":22},{"not_picked":["After Image","Dagger Throw"],"picked":"Outmaneuver","floor":24},{"not_picked":["PiercingWail","Acrobatics"],"picked":"Blade Dance","floor":27},{"not_picked":["Deflect","Dodge and Roll+1"],"picked":"Endless Agony","floor":29},{"not_picked":["Expertise","Dodge and Roll"],"picked":"Poisoned Stab","floor":30},{"not_picked":["Bullet Time","Night Terror"],"picked":"Adrenaline","floor":33},{"not_picked":["Eviscerate+1","Dagger Spray+1","Footwork+1"],"picked":"SKIP","floor":35},{"not_picked":["Choke","Quick Slash+1"],"picked":"Deadly Poison","floor":39},{"not_picked":["Dodge and Roll+1","Cloak And Dagger"],"picked":"Deflect","floor":40},{"not_picked":["Deflect","Flying Knee"],"picked":"All Out Attack","floor":41},{"not_picked":["Dagger Spray","Well Laid Plans"],"picked":"Bouncing Flask+1","floor":45},{"not_picked":["Outmaneuver+1","Poisoned Stab+1"],"picked":"Accuracy+1","floor":46},{"not_picked":["Bouncing Flask","Poisoned Stab"],"picked":"Dodge and Roll+1","floor":47},{"not_picked":["Acrobatics","Backstab"],"picked":"Escape Plan+1","floor":48}],"player_experience":76495,"relics_obtained":[{"floor":9,"key":"Pantograph"},{"floor":24,"key":"Boot"},{"floor":26,"key":"Blood Vial"},{"floor":27,"key":"TungstenRod"},{"floor":38,"key":"Gremlin Horn"},{"floor":40,"key":"Blue Candle"},{"floor":43,"key":"Lizard Tail"},{"floor":46,"key":"Bird Faced Urn"}],"event_choices":[{"damage_healed":0,"gold_gain":75,"player_choice":"Gather Gold","damage_taken":11,"max_hp_gain":0,"max_hp_loss":0,"event_name":"World of Goop","floor":4,"gold_loss":0},{"damage_healed":0,"gold_gain":0,"player_choice":"Take Damage","damage_taken":17,"relics_obtained":["Golden Idol"],"max_hp_gain":0,"max_hp_loss":0,"event_name":"Golden Idol","floor":5,"gold_loss":0},{"damage_healed":0,"gold_gain":0,"player_choice":"Simplicity","damage_taken":0,"max_hp_gain":0,"max_hp_loss":0,"event_name":"Back to Basics","floor":31,"gold_loss":0,"cards_upgraded":["Strike_G","Strike_G","Defend_G","Defend_G","Defend_G","Defend_G","Defend_G"]},{"damage_healed":0,"gold_gain":0,"player_choice":"Max HP","damage_taken":0,"max_hp_gain":0,"max_hp_loss":4,"event_name":"Winding Halls","floor":37,"gold_loss":0},{"damage_healed":0,"gold_gain":0,"player_choice":"Fight","damage_taken":0,"max_hp_gain":0,"max_hp_loss":0,"event_name":"Mysterious Sphere","floor":46,"gold_loss":0}],"is_beta":false,"boss_relics":[{"not_picked":["Calling Bell","SacredBark"],"picked":"Astrolabe"},{"not_picked":["HoveringKite","Fusion Hammer"],"picked":"WristBlade"}],"items_purged_floors":[],"is_endless":false,"potions_floor_spawned":[1,12,14,16,19,21,27,29,30,40,45],"killed_by":"Time Eater","ascension_level":1}}