{"host":"3wy7pdgb9v64ezms","time":1612318139,"event":{"mods":["100% Spire Juice","2.2 Compatiblity","AchievementEnabler","Act Like it!","Aspiration","BaseMod","Better Altar","Better Match","Better Note","Better Third Choice","BetterRewards","Colored Map","Curses Come First","Dark Map","DeckTracker","Downfall","Halation","Highlight Path","Hubris","Infinite Spire","Minty Spire (QoL Compilation)","Permanent Neow","Prisma Mod","Quick Restart","Rare Cards Sparkle","Relic Filter","Relic Stats","Replay The Spire","Shop Mod","Small Relic Pack","Spicy Shops","StSLib","SuperFastMode","The Alterego","UnlockEverythingMod","WarShipGirlsR/????R mod","Yakumo Yukari mod"],"gold_per_floor":[799,799,974,986,986,986,986,164,176,85,99,99,84,98,110,110,110,110],"floor_reached":16,"language":"ENG","playtime":760,"items_purged":["downfall:Malfunctioning"],"score":190,"play_id":"25db3ced-ac33-4468-b280-bcb95ea656bb","local_time":"20210203030859","is_ascension_mode":false,"campfire_choices":[],"circlet_count":0,"master_deck":["champ:Strike","champ:Strike","champ:Strike+1","champ:Strike","champ:Defend","champ:Defend","champ:Defend","champ:Defend","champ:Execute+1","champ:Taunt+1","Spreading Infection","downfall:Icky","downfall:Icky","downfall:Icky","Doubt","champ:ArenaPreparation","expansioncontent:QuickStudy"],"relics":["champ:ChampionCrown","relicPack:OneForAll","Bottled Lightning","hubris:HerbalPaste","OrangePellets","Omamori","Bag of Preparation","champ:LiftRelic"],"acts_visited":["Exordium"],"potions_floor_usage":[16,16],"damage_taken":[{"damage":15.0,"enemies":"2 Louse","floor":4.0,"turns":6.0},{"damage":20.0,"enemies":"downfall:FleeingMerchant","floor":8.0,"turns":4.0},{"damage":2.0,"enemies":"Jaw Worm","floor":9.0,"turns":2.0},{"damage":20.0,"enemies":"downfall:FleeingMerchant","floor":10.0,"turns":4.0},{"damage":18.0,"enemies":"Small Slimes","floor":11.0,"turns":3.0},{"damage":10.0,"enemies":"downfall:FleeingMerchant","floor":13.0,"turns":4.0},{"damage":0.0,"enemies":"3 Louse","floor":14.0,"turns":3.0},{"damage":19.0,"enemies":"Blue Slaver","floor":15.0,"turns":2.0},{"damage":93,"enemies":"IC_STATUS_ARCHETYPE","floor":16,"turns":8}],"seed_played":"9044398283901783295","potions_obtained":[{"floor":11.0,"key":"FearPotion"},{"floor":15.0,"key":"Swift Potion"}],"is_trial":false,"path_per_floor":["R_BF","?","?","M","?","?","T","$","M","$","M","?","$","M","M","B"],"character_chosen":"THE_CHAMP","items_purchased":["hubris:HerbalPaste","OrangePellets","expansioncontent:QuickStudy","Omamori","Bag of Preparation"],"campfire_rested":0,"item_purchase_floors":[8,8,8,8,10],"current_hp_per_floor":[90,90,90,85,85,85,85,75,78,74,71,71,67,72,66,0,0,0],"gold":110,"neow_bonus":"TWO_FIFTY_GOLD","is_daily":false,"chose_seed":false,"campfire_upgraded":0,"win_rate":0.0,"timestamp":1612318139,"path_taken":["R_BF","?","?","M","?","?","T","$","M","$","M","?","$","M","M","BOSS"],"items_purchased_type":["Relic","Relic","Card","Relic","Relic"],"build_version":"2020-12-22","purchased_purges":1,"victory":false,"max_hp_per_floor":[90,90,90,90,90,90,90,90,90,90,90,90,90,90,90,90,90,90],"relic_stats":{"OrangePellets":[0],"counters":[9,36],"Bag of Preparation":[10],"obtain_stats":[{"relicPack:OneForAll":5,"OrangePellets":8,"hubris:HerbalPaste":8,"champ:LiftRelic":12,"champ:ChampionCrown":0,"Omamori":8,"Bag of Preparation":10,"Bottled Lightning":7},{"relicPack:OneForAll":1,"OrangePellets":2,"hubris:HerbalPaste":2,"champ:LiftRelic":5,"champ:ChampionCrown":0,"Omamori":2,"Bag of Preparation":4,"Bottled Lightning":1},{"relicPack:OneForAll":6,"OrangePellets":10,"hubris:HerbalPaste":10,"champ:LiftRelic":19,"champ:ChampionCrown":0,"Omamori":10,"Bag of Preparation":16,"Bottled Lightning":6}]},"card_choices":[{"not_picked":["champ:Backstep","champ:RecklessLeap"],"picked":"champ:ArenaPreparation","floor":4.0},{"not_picked":["champ:Parry","champ:TornadoPunch","champ:FanOfKnives"],"picked":"SKIP","floor":8.0},{"not_picked":["champ:DeathBlow","champ:TornadoPunch","champ:DefensiveShout"],"picked":"SKIP","floor":9.0},{"not_picked":["champ:PreciseThrust","champ:StanceDance","champ:PerfectedStrike"],"picked":"SKIP","floor":10.0},{"not_picked":["champ:Haymaker","champ:BerserkersShout","champ:ShieldWall"],"picked":"SKIP","floor":11.0},{"not_picked":["champ:RecklessLeap","champ:FocusedBerserking","champ:GutPunch"],"picked":"SKIP","floor":13.0},{"not_picked":["champ:BringItOn","champ:IronFortress","champ:FocusedDefense"],"picked":"SKIP","floor":14.0},{"not_picked":["champ:EnGarde","champ:Circumvent","champ:AdrenalArmor"],"picked":"SKIP","floor":15.0}],"player_experience":104064,"relics_obtained":[{"floor":7.0,"key":"Bottled Lightning"}],"event_choices":[],"is_beta":false,"boss_relics":[],"items_purged_floors":[8],"is_endless":false,"potions_floor_spawned":[11,15],"killed_by":"IC_STATUS_ARCHETYPE","ascension_level":0}}