{"host":"avq773cl9g5msfol","time":1612341880,"event":{"mods":["100% Spire Juice","AchievementEnabler","Act Like it!","Ascension Unlocker","Aspiration","Astrologer","Bard","Bartender","BaseMod","Better Altar","Better Third Choice","BetterRewards","CapriCore","ChefMod","Colored Map","Colored Powertips","Conspire","Dio Mod","Downfall","Elementarium","Energized Spire","Gensokyo","GifTheSpireLib","Hallownest","Hermit","Highlight Path","Hubris","Humility","Infinite Spire","Jorbs\u0027s Wanderer Trilogy","Koishi","Magitek Elite","Marisa????????","Marked Mod","Menagerie","Minty Spire (QoL Compilation)","Pale of the Ancients","Potionbrewer","Quarter Circle Forward PUNCH!","Rare Cards Sparkle","Reimu??????","Relic Stats","Reliquary","Remilia??????","Replay The Spire","Robot Space Explorer","SacredBarkPlus","Shade Mod","Somnambulant","Spicy Shops","Spire Arcade","StSLib","The Administrix","The Blue Laboratory","The Bug Knight","The Construct","The Cursed","The Disciple","The Dragon Tamer","The Exalted","The Hayseed","The Hierophant","The Hydrologist","The Immortal","The Marked","The Mystic","The Problem Sleuth","The Runesmith","The Senshi","The Vixen","The Wild Card","TheFirefly","Wandering Minibosses","Wide Potions","vexMod"],"gold_per_floor":[115,115,115,130,140,174,29,63,142,142,142,170,183,59,59,162,162,173,173,173,173,187,215,215,229,229,240,240,240,240,94,94,215,165,184,155,155,184,196,196,207,235,281,311,322,339,374,192,192,192],"floor_reached":51,"language":"ENG","playtime":2924,"items_purged":["hydrologistmod:Hail+1","hydrologistmod:Endothermancy+1","hydrologistmod:SteamPower+1","hydrologistmod:Strike_Hydrologist"],"score":1371,"play_id":"4ca48f88-6b1f-4d99-b8c0-88bac6258c3b","local_time":"20210203154440","is_ascension_mode":true,"campfire_choices":[{"data":"hydrologistmod:Hydraulics","floor":10,"key":"SMITH"},{"floor":15,"key":"REST"},{"data":"infinitespire:NeuralNetwork","floor":24,"key":"SMITH"},{"data":"Elementarium:GildedForm","floor":32,"key":"SMITH"},{"data":"Elementarium:EarthblessedBlade","floor":40,"key":"SMITH"},{"data":"Elementarium:FireblessedBlade","floor":49,"key":"SMITH"}],"circlet_count":0,"master_deck":["hydrologistmod:FrostWhip+1","hydrologistmod:Hydraulics+1","hydrologistmod:UnstableDefend+1","hydrologistmod:Dehydrate+1","hydrologistmod:Scald+1","hydrologistmod:Pneumatics+1","hydrologistmod:SoggySynthesis+1","hydrologistmod:TidalWave+1","Panacea+1","hydrologistmod:ViscousShell+1","hydrologistmod:MirageMist+1","hydrologistmod:SearingSynthesis+1","hydrologistmod:Debilitate+1","hydrologistmod:FrozenCapsule+1","hydrologistmod:Hail+1","hydrologistmod:Endothermancy+1","hydrologistmod:Cascade+1","hydrologistmod:Blizzard+1","hydrologistmod:StaticIce+1","hydrologistmod:IcyFloe+1","hydrologistmod:StagnantCloak+1","Injury","hydrologistmod:CrystalIce+1","Elementarium:EarthblessedBlade+1","infinitespire:NeuralNetwork+1","hydrologistmod:MeltingIceberg+1","hydrologistmod:PressureBlast+1","Elementarium:FireblessedBlade+1","Elementarium:WindblessedBlade+1","Elementarium:EarthblessedBlade+1","Elementarium:IceblessedBlade","Elementarium:VoidblessedBlade","Elementarium:GildedForm+1","hydrologistmod:ScaldingGeyser+1","Flying Knee+1","Bouncing Flask","Bouncing Flask","hydrologistmod:CrystalLattice+1","hubris:EnhanceAbility+1"],"relics":["hydrologistmod:WaterPouch","Golden Egg","Quantum Egg","Incense Burner","reliquary:Stiletto","hydrologistmod:DiscardedSole","potionbrewer:Keyblade","hexamod:CandleOfCauterizing","hubris:SphereOfDissonance","qcfpunch:Chain_With_Nametags","Genji_Glove","hydrologistmod:LoyalBoomerang","White_Cape","Du-Vu Doll","Hallownest:DreamNailRelic","ClockworkSouvenir","hydrologistmod:PreciousNecklace","hydrologistmod:CursedCabbage","PureWhite:ReiMu","reliquary:RedPaperclip","Juzu Bracelet","conspire:GiftBox","hubris:Towel","reliquary:Boomerang","wanderingMiniBosses:AbyssPearl","qcfpunch:Spiky_Bracers","Elementarium:FlickeringLantern","Anchor","Elementarium:ElementariumTrophy","energizedSpire:HugeHouse","construct:RocketBooster","Pen Nib","infinitespire:CheckeredPen","Strawberry","Mastiff:ReiMu","Runesmith:Nanobots"],"acts_visited":["Hallownest:Greenpath","Elementarium:Elementarium","Gensokyo:Gensokyoest"],"potions_floor_usage":[25,25,25,25,25,25,25,25,25,25,27,33,47,50],"damage_taken":[{"damage":2,"enemies":"Hallownest:monsterHuskGuard","floor":1,"turns":3},{"damage":0,"enemies":"Hallownest:monsterHuskWarrior","floor":4,"turns":2},{"damage":0,"enemies":"Hallownest:2_Baldur","floor":5,"turns":2},{"damage":4,"enemies":"Hallownest:eliteVengeflyKing","floor":6,"turns":4},{"damage":0,"enemies":"Hallownest:eliteMossKnight","floor":8,"turns":2},{"damage":14,"enemies":"Hallownest:eliteCrystalGuardian","floor":12,"turns":3},{"damage":0,"enemies":"Hallownest:2_Tiktiks_1_Baldur_1_Crawlid","floor":13,"turns":2},{"damage":1,"enemies":"Hallownest:BossBrokenVessel","floor":16,"turns":7},{"damage":0,"enemies":"Elementarium:Cyclone","floor":18,"turns":2},{"damage":0,"enemies":"Elementarium:VoidCorruption","floor":22,"turns":2},{"damage":3,"enemies":"Elementarium:FIRE_NOBILITY","floor":23,"turns":5},{"damage":0,"enemies":"Elementarium:CYCLONE_AND_LIVING_STORMCLOUD","floor":25,"turns":4},{"damage":0,"enemies":"Elementarium:VOID_CORRUPTION_AND_TAR_GOLEM","floor":27,"turns":3},{"damage":0,"enemies":"Elementarium:PHOENIXES","floor":33,"turns":5},{"damage":0,"enemies":"Gensokyo:3_Boulders","floor":35,"turns":2},{"damage":0,"enemies":"conspire:MimicChest","floor":38,"turns":2},{"damage":0,"enemies":"Gensokyo:3_Bats","floor":39,"turns":1},{"damage":0,"enemies":"Gensokyo:AtlasGolem","floor":41,"turns":2},{"damage":0,"enemies":"Gensokyo:Kasen","floor":42,"turns":2},{"damage":0,"enemies":"Gensokyo:Marisa","floor":44,"turns":2},{"damage":0,"enemies":"Gensokyo:Sharpion","floor":45,"turns":1},{"damage":0,"enemies":"Gensokyo:SeedOfUnknown","floor":46,"turns":2},{"damage":0,"enemies":"Gensokyo:Doremy","floor":47,"turns":2},{"damage":0,"enemies":"Gensokyo:Yuyuko","floor":50,"turns":2}],"seed_played":"-7046272258573908081","potions_obtained":[{"floor":25,"key":"Fire Potion"},{"floor":33,"key":"LiquidMemories"},{"floor":41,"key":"Block Potion"},{"floor":44,"key":"Weak Potion"},{"floor":47,"key":"SkillPotion"}],"is_trial":false,"path_per_floor":["M","?","?","M","M","E","$","E","T","R","?","E","M","$","R","B",null,"M","?","AVR","?","M","E","R","M","T","M","?","?","?","$","R","B",null,"M","$","?","?","M","R","M","E","T","E","M","M","E","$","R","B",null],"character_chosen":"HYDROLOGIST_CLASS","items_purchased":["Incense Burner","reliquary:Stiletto","Panacea","hydrologistmod:DiscardedSole","potionbrewer:Keyblade","hydrologistmod:ViscousShell","hydrologistmod:MirageMist","hydrologistmod:SearingSynthesis","hexamod:CandleOfCauterizing","hydrologistmod:Debilitate","hydrologistmod:FrozenCapsule","hubris:SphereOfDissonance","hydrologistmod:Hail","hydrologistmod:Endothermancy","aspiration:FetidBarrel","qcfpunch:Chain_With_Nametags","hydrologistmod:Cascade","Genji_Glove","hydrologistmod:LoyalBoomerang","hydrologistmod:Blizzard","White_Cape","hydrologistmod:StaticIce","hydrologistmod:IcyFloe","Du-Vu Doll","hydrologistmod:StagnantCloak","Midas Touch","reliquary:FerryPass","Reflective Coating","LiquidMemories","potionbrewer:SplittingPotion","ClockworkSouvenir","PureWhite:ReiMu","Anchor","hubris:EnhanceAbility"],"campfire_rested":1,"item_purchase_floors":[0,0,0,0,0,0,0,0,0,0,0,0,0,0,0,0,0,0,0,0,0,0,0,0,0,0,0,0,0,0,7,14,31,48],"current_hp_per_floor":[75,75,75,75,75,71,71,71,71,71,77,63,63,63,77,76,77,77,77,77,77,77,74,74,74,74,74,77,47,42,42,42,42,37,37,37,37,37,37,37,37,37,44,44,44,44,44,44,44,44],"gold":192,"neow_bonus":"","is_daily":false,"chose_seed":false,"campfire_upgraded":5,"win_rate":0.0,"timestamp":1612341880,"path_taken":["M","?","?","?","M","E","$","E","T","R","?","E","M","$","R","BOSS","M","?","AVR","?","M","E","R","M","T","M","?","?","?","$","R","BOSS","M","$","?","?","M","R","M","E","T","E","M","M","E","?","R","BOSS"],"items_purchased_type":["Relic","Relic","Card","Relic","Relic","Card","Card","Card","Relic","Card","Card","Relic","Card","Card","Relic","Relic","Card","Relic","Relic","Card","Relic","Card","Card","Relic","Card","Card","Relic","Potion","Potion","Potion","Relic","Relic","Relic","Card"],"build_version":"2020-12-22","purchased_purges":4,"victory":true,"max_hp_per_floor":[77,77,77,77,77,77,77,77,77,77,77,77,77,77,77,77,77,77,77,77,77,77,77,77,77,77,77,77,47,42,42,42,42,37,37,37,37,37,37,37,37,37,44,44,44,44,44,44,44,44],"relic_stats":{"counters":[70,209],"Pen Nib":[4],"Juzu Bracelet":1,"obtain_stats":[{"Ice Cream":0,"Golden Egg":0,"ScarletDevilRocket":34,"ZunR:ReiMu":20,"DemoMod:GlassGuonStoneRelic":1,"aspiration:RitualStick":19,"reliquary:FerryPass":0,"Mastiff:ReiMu":44,"Replay:Bronze Core":17,"Strawberry":43,"hydrologistmod:LoyalBoomerang":0,"qcfpunch:Handcuffs":41,"qcfpunch:Chain_With_Nametags":0,"construct:RocketBooster":0,"Hallownest:SoulVesselRelic":38,"HollowMod:JonisBlessing":0,"hubris:SphereOfDissonance":0,"Pen Nib":38,"Du-Vu Doll":0,"OrangePellets":0,"conspire:GiftBox":20,"DemoMod:GundromedaStrain":0,"ReplayTheSpireMod:Shallot":10,"Elementarium:ElementariumTrophy":33,"Pandora\u0027s Box":0,"hubris:PeanutButter":24,"qcfpunch:Spiky_Bracers":26,"theSenshi:SuperSailorFukuRelic":0,"reliquary:SilkGlove":26,"reliquary:Boomerang":23,"RobotSpaceExplorer:PlasmaHourglass":0,"Bromod:ArcanePistoleer":0,"wanderingMiniBosses:AbyssPearl":18,"Gensokyo:NagashiBinaDoll":4,"Incense Burner":0,"Hallownest:DreamNailRelic":3,"Juzu Bracelet":17,"Mythril_Glove":7,"Ancient Tea Set":6,"Cursed Key":17,"White_Cape":37,"Power_Wrist":26,"Pet Ghost":23,"qcfpunch:Crimson_Sash":34,"ClockworkSouvenir":0,"hydrologistmod:CursedCabbage":23,"hydrologistmod:PreciousNecklace":0,"Genji_Glove":0,"hydrologistmod:WaterPouch":0,"qcfpunch:Wrestler\u0027s_Cloak":0,"energizedSpire:HugeHouse":34,"Chemical X":0,"Bromod:ArcaneGuardian":14,"hexamod:CandleOfCauterizing":0,"Runesmith:Nanobots":47,"aspiration:FetidBarrel":0,"Quantum Egg":0,"hydrologistmod:DiscardedSole":0,"RobotSpaceExplorer:RoboCore":0,"Thread and Needle":0,"aspiration:RandomNobGenerator":34,"infinitespire:CheckeredPen":42,"reliquary:RosewoodLute":0,"hubris:Towel":21,"Pondfish Scales":0,"PureWhite:ReiMu":14,"Anchor":31,"reliquary:RedPaperclip":17,"wanderingMiniBosses:CarrionFlame":18,"vexMod:HeadHunter":0,"Bromod:ArcaneDeflection":0,"reliquary:Stiletto":0,"qcfpunch:Red_Headband":0,"Membership Card":0,"potionbrewer:Keyblade":0,"Elementarium:FlickeringLantern":28},{"Ice Cream":29,"Golden Egg":0,"ScarletDevilRocket":44,"ZunR:ReiMu":12,"DemoMod:GlassGuonStoneRelic":1,"aspiration:RitualStick":12,"reliquary:FerryPass":46,"Mastiff:ReiMu":66,"Replay:Bronze Core":36,"Strawberry":65,"hydrologistmod:LoyalBoomerang":46,"qcfpunch:Handcuffs":23,"qcfpunch:Chain_With_Nametags":29,"construct:RocketBooster":29,"Hallownest:SoulVesselRelic":21,"HollowMod:JonisBlessing":29,"hubris:SphereOfDissonance":46,"Pen Nib":62,"Du-Vu Doll":46,"OrangePellets":0,"conspire:GiftBox":55,"DemoMod:GundromedaStrain":0,"ReplayTheSpireMod:Shallot":8,"Elementarium:ElementariumTrophy":60,"Pandora\u0027s Box":0,"hubris:PeanutButter":40,"qcfpunch:Spiky_Bracers":58,"theSenshi:SuperSailorFukuRelic":0,"reliquary:SilkGlove":15,"reliquary:Boomerang":57,"RobotSpaceExplorer:PlasmaHourglass":0,"Bromod:ArcanePistoleer":0,"wanderingMiniBosses:AbyssPearl":12,"Gensokyo:NagashiBinaDoll":31,"Incense Burner":46,"Hallownest:DreamNailRelic":47,"Juzu Bracelet":54,"Mythril_Glove":32,"Ancient Tea Set":5,"Cursed Key":11,"White_Cape":21,"Power_Wrist":41,"Pet Ghost":13,"qcfpunch:Crimson_Sash":44,"ClockworkSouvenir":29,"hydrologistmod:CursedCabbage":40,"hydrologistmod:PreciousNecklace":29,"Genji_Glove":46,"hydrologistmod:WaterPouch":29,"qcfpunch:Wrestler\u0027s_Cloak":29,"energizedSpire:HugeHouse":60,"Chemical X":29,"Bromod:ArcaneGuardian":10,"hexamod:CandleOfCauterizing":46,"Runesmith:Nanobots":69,"aspiration:FetidBarrel":46,"Quantum Egg":0,"hydrologistmod:DiscardedSole":46,"RobotSpaceExplorer:RoboCore":0,"Thread and Needle":29,"aspiration:RandomNobGenerator":19,"infinitespire:CheckeredPen":65,"reliquary:RosewoodLute":29,"hubris:Towel":55,"Pondfish Scales":29,"PureWhite:ReiMu":53,"Anchor":59,"reliquary:RedPaperclip":54,"wanderingMiniBosses:CarrionFlame":37,"vexMod:HeadHunter":0,"Bromod:ArcaneDeflection":29,"reliquary:Stiletto":46,"qcfpunch:Red_Headband":0,"Membership Card":0,"potionbrewer:Keyblade":46,"Elementarium:FlickeringLantern":59},{"Ice Cream":80,"Golden Egg":0,"ScarletDevilRocket":136,"ZunR:ReiMu":31,"DemoMod:GlassGuonStoneRelic":2,"aspiration:RitualStick":31,"reliquary:FerryPass":145,"Mastiff:ReiMu":202,"Replay:Bronze Core":106,"Strawberry":200,"hydrologistmod:LoyalBoomerang":145,"qcfpunch:Handcuffs":62,"qcfpunch:Chain_With_Nametags":80,"construct:RocketBooster":80,"Hallownest:SoulVesselRelic":58,"HollowMod:JonisBlessing":80,"hubris:SphereOfDissonance":145,"Pen Nib":195,"Du-Vu Doll":145,"OrangePellets":0,"conspire:GiftBox":172,"DemoMod:GundromedaStrain":0,"ReplayTheSpireMod:Shallot":19,"Elementarium:ElementariumTrophy":191,"Pandora\u0027s Box":0,"hubris:PeanutButter":123,"qcfpunch:Spiky_Bracers":183,"theSenshi:SuperSailorFukuRelic":0,"reliquary:SilkGlove":41,"reliquary:Boomerang":179,"RobotSpaceExplorer:PlasmaHourglass":0,"Bromod:ArcanePistoleer":0,"wanderingMiniBosses:AbyssPearl":31,"Gensokyo:NagashiBinaDoll":84,"Incense Burner":145,"Hallownest:DreamNailRelic":148,"Juzu Bracelet":170,"Mythril_Glove":87,"Ancient Tea Set":12,"Cursed Key":28,"White_Cape":58,"Power_Wrist":126,"Pet Ghost":34,"qcfpunch:Crimson_Sash":136,"ClockworkSouvenir":80,"hydrologistmod:CursedCabbage":123,"hydrologistmod:PreciousNecklace":80,"Genji_Glove":145,"hydrologistmod:WaterPouch":80,"qcfpunch:Wrestler\u0027s_Cloak":80,"energizedSpire:HugeHouse":191,"Chemical X":80,"Bromod:ArcaneGuardian":25,"hexamod:CandleOfCauterizing":145,"Runesmith:Nanobots":207,"aspiration:FetidBarrel":145,"Quantum Egg":0,"hydrologistmod:DiscardedSole":145,"RobotSpaceExplorer:RoboCore":0,"Thread and Needle":80,"aspiration:RandomNobGenerator":54,"infinitespire:CheckeredPen":200,"reliquary:RosewoodLute":80,"hubris:Towel":172,"Pondfish Scales":80,"PureWhite:ReiMu":163,"Anchor":186,"reliquary:RedPaperclip":170,"wanderingMiniBosses:CarrionFlame":113,"vexMod:HeadHunter":0,"Bromod:ArcaneDeflection":80,"reliquary:Stiletto":145,"qcfpunch:Red_Headband":0,"Membership Card":0,"potionbrewer:Keyblade":145,"Elementarium:FlickeringLantern":186}]},"card_choices":[{"not_picked":["hydrologistmod:Ripcurrent","hydrologistmod:StaticIce","hydrologistmod:SteadyTide"],"picked":"SKIP","floor":1},{"not_picked":["hydrologistmod:Cascade","hydrologistmod:Drench","hydrologistmod:Pneumatics"],"picked":"SKIP","floor":4},{"not_picked":["hydrologistmod:Debilitate","hydrologistmod:MirageMist","hydrologistmod:SoggySynthesis"],"picked":"SKIP","floor":5},{"not_picked":["hydrologistmod:Debilitate","hydrologistmod:SoggySynthesis","hydrologistmod:HighTide"],"picked":"SKIP","floor":6},{"not_picked":["hydrologistmod:Endothermancy","hydrologistmod:StaticIce","hydrologistmod:SwelteringStrike"],"picked":"SKIP","floor":8},{"not_picked":["hydrologistmod:SurfaceTension","hydrologistmod:DeepFreeze","hydrologistmod:FreezeDry"],"picked":"SKIP","floor":12},{"not_picked":["hydrologistmod:PureSteam","hydrologistmod:GlacialStrike"],"picked":"hydrologistmod:BracedForm","floor":13},{"not_picked":["hydrologistmod:Reservoir","hydrologistmod:CrystalSpear"],"picked":"hydrologistmod:CrystalIce","floor":16},{"not_picked":["hydrologistmod:StaticWater","hydrologistmod:Aqueducts+1","hydrologistmod:StaticIce"],"picked":"SKIP","floor":18},{"not_picked":["hydrologistmod:Scald","hydrologistmod:CrystalSpear"],"picked":"hydrologistmod:MeltingIceberg","floor":20},{"not_picked":["hydrologistmod:Drench","hydrologistmod:DimensionalIcicles","hydrologistmod:Debilitate+1"],"picked":"SKIP","floor":22},{"not_picked":["hydrologistmod:Defrost","hydrologistmod:Dehydrate","hydrologistmod:Blizzard"],"picked":"SKIP","floor":23},{"not_picked":["hydrologistmod:GlacialSynthesis","hydrologistmod:TidalWave","hydrologistmod:Cascade"],"picked":"SKIP","floor":25},{"not_picked":["hydrologistmod:StaticSteam","hydrologistmod:DimensionalIcicles"],"picked":"hydrologistmod:PressureBlast","floor":27},{"not_picked":["hydrologistmod:ReleaseValve","hydrologistmod:Scald"],"picked":"hydrologistmod:ScaldingGeyser","floor":33},{"not_picked":["hydrologistmod:Defrost","hydrologistmod:GhostlyMist","hydrologistmod:Ripcurrent+1"],"picked":"SKIP","floor":35},{"not_picked":["hydrologistmod:ResonantCrystal","hydrologistmod:Pneumatics+1","hydrologistmod:Hail+1"],"picked":"SKIP","floor":39},{"not_picked":["hydrologistmod:OccludingMist","hydrologistmod:MirageMist+1","hydrologistmod:Aqueducts"],"picked":"SKIP","floor":41},{"not_picked":["hydrologistmod:GlacialSynthesis+1","hydrologistmod:WaterWheel+1","hydrologistmod:Debilitate"],"picked":"SKIP","floor":42},{"not_picked":["hydrologistmod:SwelteringStrike+1","hydrologistmod:StaticWater"],"picked":"hydrologistmod:CrystalLattice+1","floor":44},{"not_picked":["hydrologistmod:PressureCycle","hydrologistmod:Aqueducts","hydrologistmod:HighTide"],"picked":"SKIP","floor":45},{"not_picked":["hydrologistmod:Debilitate","hydrologistmod:Cryogenics+1","hydrologistmod:GlacialStrike+1"],"picked":"SKIP","floor":46},{"not_picked":["hydrologistmod:ViscousShell+1","hydrologistmod:SwelteringStrike","hydrologistmod:GlacialSynthesis"],"picked":"SKIP","floor":47}],"player_experience":1396547,"relics_obtained":[{"floor":8,"key":"hydrologistmod:PreciousNecklace"},{"floor":12,"key":"hydrologistmod:CursedCabbage"},{"floor":23,"key":"reliquary:Boomerang"},{"floor":25,"key":"wanderingMiniBosses:AbyssPearl"},{"floor":26,"key":"qcfpunch:Spiky_Bracers"},{"floor":38,"key":"Pen Nib"},{"floor":42,"key":"infinitespire:CheckeredPen"},{"floor":43,"key":"Strawberry"},{"floor":44,"key":"Mastiff:ReiMu"},{"floor":47,"key":"Runesmith:Nanobots"}],"event_choices":[{"damage_healed":0,"gold_gain":0,"player_choice":"Take","damage_taken":0,"max_hp_gain":0,"max_hp_loss":0,"event_name":"Elementarium:BladeSeller","floor":19,"gold_loss":0,"cards_obtained":["Elementarium:EarthblessedBlade"]},{"damage_healed":0,"gold_gain":0,"player_choice":"Take","damage_taken":0,"relics_obtained":["Elementarium:FlickeringLantern"],"max_hp_gain":0,"max_hp_loss":0,"event_name":"Elementarium:HeartOfTheVoid","floor":28,"gold_loss":0},{"damage_healed":0,"gold_gain":0,"player_choice":"Touch","damage_taken":0,"max_hp_gain":0,"max_hp_loss":30,"event_name":"Elementarium:ElementalBlades","floor":29,"gold_loss":0,"cards_obtained":["Elementarium:FireblessedBlade","Elementarium:WindblessedBlade","Elementarium:EarthblessedBlade","Elementarium:IceblessedBlade","Elementarium:VoidblessedBlade"]},{"damage_healed":0,"gold_gain":0,"player_choice":"Dive in","damage_taken":0,"max_hp_gain":0,"max_hp_loss":5,"event_name":"Elementarium:FountainOfGold","floor":30,"gold_loss":0,"cards_obtained":["Elementarium:GildedForm"]}],"is_beta":false,"boss_relics":[{"not_picked":["Empty Cage","vexMod:CursedCompass"],"picked":"reliquary:RedPaperclip"},{"not_picked":["aspiration:FutureDiary","Pandora\u0027s Box"],"picked":"energizedSpire:HugeHouse"}],"items_purged_floors":[0,0,0,36],"is_endless":false,"potions_floor_spawned":[1,4,8,13,22,25,33,41,44,47],"ascension_level":1,"is_humility":true}}