{"host":"oeh4wb93hhtrshvk","time":1612375797,"event":{"mods":["2.2 Compatiblity","AchievementEnabler","Act Like it!","Aspiration","BaseMod","Better Skull","Better Third Choice","Block Reminder","Card Filter","Colored Powertips","Conspire","Curses Come First","Defuse TimeMaze Blight","Displayed Cursed Tome","Downfall","Energized Spire","GifTheSpireLib","Hermit","Hubris","Infinite Spire","Marisa????????","Minty Spire (QoL Compilation)","Pale of the Ancients","Poor People Problems","Quick Restart","Rare Cards Sparkle","Relic Filter","Reliquary","Replay The Spire","Shop Mod","Spicy Shops","StS++","StSLib","The Blue Laboratory","The Cursed","The Disciple","Transform Curses","Wandering Minibosses","Weighted Paths","Wide Potions"],"gold_per_floor":[116,116,129,129,145,145,175,187,187,212,63,77,92,117,117,220,220,189,189,46,71,71,71,86,86,86,86,98,125,156,176,176,281,281,295,306,413,2,27,61,61,61,61,61,61],"floor_reached":44,"language":"FRA","playtime":2557,"items_purged":[],"score":819,"play_id":"07347064-ae7c-4239-a844-fbc9a00269c1","local_time":"20210203190957","daily_mods":["Heirloom","DeadlyEvents"],"is_ascension_mode":false,"campfire_choices":[{"data":"infinitespire:SevenWalls","floor":6,"key":"SMITH"},{"floor":15,"key":"DIG"},{"data":"Buffer","floor":23,"key":"SMITH"},{"data":"Storm","floor":25,"key":"SMITH"},{"data":"Darkness","floor":32,"key":"SMITH"},{"data":"conspire:Banana","floor":41,"key":"SMITH"}],"circlet_count":0,"master_deck":["Strike_B","Strike_B","Strike_B","Strike_B","Defend_B","Defend_B","Defend_B","Defend_B","Zap","Dualcast","infinitespire:SevenWalls+1","Sunder","Glacier","Leap","Self Repair","Darkness+1","Storm+1","Buffer+1","Gash","Multi-Cast","conspire:Banana+1","infinitespire:SevenWalls+1","Sweeping Beam","Tempest+1","Gash","Loop","StSpp:Converter","Reboot","All For One","Madness","Madness"],"relics":["Cracked Core","Guardian:GemstoneGun","ReplayFunnel","conspire:DecoderRing","Replay:WaspNest","bronze:BronzeIdol","Ice Cream","hubris:CuriousFeather","Inserter","Replay:Wax Seal","DollysMirror","Omamori","hubris:Icosahedron","aspiration:EnhancedActuators","reliquary:WeakTea","Bird Faced Urn","infinitespire:Cupcake","aspiration:Lifesprig","reliquary:TatteredRug","Replay:Mystery Machine","conspire:Dentures","Strange Spoon","Kunai","Toolbox","Dead Branch","reliquary:LoveEmittingDiode","Frozen Egg 2"],"acts_visited":["Exordium","TheCity","TheBeyond"],"potions_floor_usage":[16,28,40],"damage_taken":[{"damage":1,"enemies":"Jaw Worm","floor":1,"turns":2},{"damage":0,"enemies":"2 Louse","floor":3,"turns":2},{"damage":1,"enemies":"Cultist","floor":5,"turns":6},{"damage":6,"enemies":"3 Sentries","floor":7,"turns":8},{"damage":0,"enemies":"Exordium Thugs","floor":8,"turns":3},{"damage":0,"enemies":"Lagavulin","floor":10,"turns":7},{"damage":0,"enemies":"Blue Slaver","floor":12,"turns":3},{"damage":0,"enemies":"3 Louse","floor":13,"turns":6},{"damage":15,"enemies":"Gremlin Nob","floor":14,"turns":5},{"damage":0,"enemies":"Hexaghost","floor":16,"turns":9},{"damage":11,"enemies":"2 Thieves","floor":18,"turns":5},{"damage":0,"enemies":"conspire:Head Lice","floor":21,"turns":10},{"damage":0,"enemies":"Chosen","floor":24,"turns":4},{"damage":0,"enemies":"Centurion and Healer","floor":28,"turns":7},{"damage":0,"enemies":"Gremlin Leader","floor":29,"turns":8},{"damage":19,"enemies":"Book of Stabbing","floor":30,"turns":5},{"damage":0,"enemies":"Snecko","floor":31,"turns":7},{"damage":0,"enemies":"hubris:MusketHawk","floor":33,"turns":10},{"damage":7,"enemies":"3 Shapes","floor":35,"turns":3},{"damage":0,"enemies":"Orb Walker","floor":36,"turns":3},{"damage":0,"enemies":"R_Hoarder","floor":39,"turns":6},{"damage":20,"enemies":"Reptomancer","floor":40,"turns":4},{"damage":24,"enemies":"Nightmare","floor":44,"turns":5}],"seed_played":"1819841162830606480","potions_obtained":[{"floor":8,"key":"LiquidBronze"},{"floor":10,"key":"Explosive Potion"},{"floor":13,"key":"blueLaboratory:ArtificerPotion"},{"floor":16,"key":"blueLaboratory:FrostheartPotion"},{"floor":18,"key":"Swift Potion"},{"floor":24,"key":"FocusPotion"},{"floor":30,"key":"StSpp:ScatteredWeakPotion"},{"floor":35,"key":"blueLaboratory:SystemWipe"},{"floor":39,"key":"Explosive Potion"}],"is_trial":true,"path_per_floor":["M","?","M","?","M","R","E","M","T","E","$","M","M","E","R","B",null,"M","?","$","E","?","R","M","R","T","$","M","E","E","M","R","B",null,"M","M","?","$","E","E","R","?","T","NM"],"character_chosen":"DEFECT","items_purchased":["bronze:BronzeIdol","Replay:Wax Seal","DollysMirror","conspire:Dentures","Strange Spoon","Kunai","Toolbox"],"campfire_rested":0,"item_purchase_floors":[11,20,20,38,38,38,38],"current_hp_per_floor":[74,56,56,56,55,55,49,49,49,49,49,49,56,48,48,55,75,64,64,64,65,65,65,73,73,73,73,78,79,68,81,81,82,82,83,83,15,15,31,18,18,7,7,0,0],"gold":61,"neow_bonus":"","is_daily":false,"chose_seed":false,"campfire_upgraded":5,"win_rate":0.0,"timestamp":1612375797,"path_taken":["M","?","M","?","?","R","?","M","T","E","?","?","?","?","R","BOSS","M","?","$","?","?","R","M","R","T","?","M","E","?","M","R","BOSS","M","M","?","$","?","E","R","?","T","NM"],"items_purchased_type":["Relic","Relic","Relic","Relic","Relic","Relic","Relic"],"build_version":"2020-12-22","purchased_purges":0,"victory":false,"max_hp_per_floor":[75,75,75,75,75,75,75,75,75,75,75,75,75,75,75,75,75,75,75,75,76,76,76,77,77,77,77,78,79,80,81,81,82,82,83,83,83,83,84,85,85,85,85,87,87],"card_choices":[{"not_picked":["Hologram","Cold Snap","Fusion"],"picked":"SKIP","floor":1},{"not_picked":["infinitespire:Punishment","infinitespire:FutureSight"],"picked":"infinitespire:SevenWalls","floor":2},{"not_picked":["Doom and Gloom","Streamline","Steam"],"picked":"SKIP","floor":3},{"not_picked":["Rebound","Streamline","Thunder Strike"],"picked":"SKIP","floor":5},{"not_picked":["Glacier","Compile Driver"],"picked":"Sunder","floor":7},{"not_picked":["Conserve Battery","Redo"],"picked":"Glacier","floor":8},{"not_picked":["Ball Lightning","Steam"],"picked":"Leap","floor":10},{"not_picked":["Cold Snap","aspiration:Polymerization"],"picked":"Self Repair","floor":12},{"not_picked":["Blizzard","Ball Lightning"],"picked":"Darkness","floor":13},{"not_picked":["Compile Driver","aspiration:Polymerization"],"picked":"Storm","floor":14},{"not_picked":["Seek","Meteor Strike"],"picked":"Buffer","floor":16},{"not_picked":["Conserve Battery","Capacitor"],"picked":"Gash","floor":18},{"not_picked":["Stack","Glacier"],"picked":"Sweeping Beam","floor":21},{"not_picked":["Streamline+1","White Noise"],"picked":"Tempest+1","floor":24},{"not_picked":["Barrage+1","Go for the Eyes","Coolheaded"],"picked":"SKIP","floor":28},{"not_picked":["Defragment","conspire:SharedLibrary"],"picked":"Gash","floor":29},{"not_picked":["Conserve Battery","StSpp:Fierceness"],"picked":"Loop","floor":30},{"not_picked":["Leap+1","Compile Driver","Heatsinks+1"],"picked":"SKIP","floor":31},{"not_picked":["StSpp:Saturation","Reboot"],"picked":"StSpp:Converter","floor":33},{"not_picked":["Sunder","Ball Lightning+1","Go for the Eyes"],"picked":"SKIP","floor":35},{"not_picked":["Doom and Gloom","Sweeping Beam+1","Tempest"],"picked":"SKIP","floor":36},{"not_picked":["Fusion","Go for the Eyes+1"],"picked":"Reboot","floor":39},{"not_picked":["Rebound","Ball Lightning+1"],"picked":"All For One","floor":40}],"player_experience":660141,"relics_obtained":[{"floor":7,"key":"ReplayFunnel"},{"floor":9,"key":"conspire:DecoderRing"},{"floor":10,"key":"Replay:WaspNest"},{"floor":14,"key":"Ice Cream"},{"floor":15,"key":"hubris:CuriousFeather"},{"floor":21,"key":"Omamori"},{"floor":26,"key":"aspiration:EnhancedActuators"},{"floor":29,"key":"reliquary:WeakTea"},{"floor":30,"key":"Bird Faced Urn"},{"floor":39,"key":"Dead Branch"},{"floor":40,"key":"reliquary:LoveEmittingDiode"},{"floor":43,"key":"Frozen Egg 2"}],"event_choices":[{"damage_healed":0,"gold_gain":0,"player_choice":"Ignored","damage_taken":0,"max_hp_gain":0,"max_hp_loss":0,"event_name":"NoteForYourself","floor":4,"gold_loss":0},{"damage_healed":0,"gold_gain":0,"player_choice":"2 cards matched","damage_taken":0,"max_hp_gain":0,"max_hp_loss":0,"event_name":"Match and Keep!","floor":19,"gold_loss":0,"cards_obtained":["Multi-Cast","conspire:Banana"]},{"damage_healed":0,"gold_gain":0,"player_choice":"Random: Green","damage_taken":0,"max_hp_gain":0,"max_hp_loss":0,"event_name":"betterThird:BetterPortal","floor":37,"gold_loss":0},{"damage_healed":0,"gold_gain":107,"player_choice":"RE RE RE GO ","damage_taken":75,"relics_obtained":["aspiration:Lifesprig","reliquary:TatteredRug","Replay:Mystery Machine"],"max_hp_gain":0,"max_hp_loss":0,"event_name":"betterSkull:BetterSkull","floor":37,"gold_loss":0,"cards_upgraded":[]},{"damage_healed":0,"gold_gain":0,"player_choice":"Embrace Madness","damage_taken":11,"max_hp_gain":0,"max_hp_loss":0,"event_name":"Winding Halls","floor":42,"gold_loss":0,"cards_obtained":["Madness","Madness"]}],"is_beta":false,"boss_relics":[{"not_picked":["reliquary:Ember","hubris:HollowSoul"],"picked":"Inserter"},{"not_picked":["Pandora\u0027s Box","FrozenCore"],"picked":"infinitespire:Cupcake"}],"items_purged_floors":[],"is_endless":false,"potions_floor_spawned":[8,10,13,14,16,18,24,30,35,39],"killed_by":"Nightmare","ascension_level":0}}