{"host":"rykcscnxwcosqdkz","time":1612372739,"event":{"mods":["BaseMod","Downfall","GifTheSpireLib","Minty Spire (QoL Compilation)","StSLib"],"gold_per_floor":[99,112,131,131,131,147,147,47,62,47,79,179,179,214,227,325,325,225,244,263,263,283,283,283,283,283,294,314,330,17,52,70,166,166,66,83,110,110,126,126,153,169,45,57,77,77,77,94,104,104,104,136,45,45,45,45,45,45],"floor_reached":56,"language":"ENG","playtime":4559,"items_purged":["Writhe"],"score":833,"play_id":"4ccd3f07-c346-460a-aea7-5e8cd49b4ceb","local_time":"20210203181859","is_ascension_mode":false,"campfire_choices":[{"floor":1,"key":"RECALL"},{"data":"champ:Taunt","floor":8,"key":"SMITH"},{"data":"champ:DancingMaster","floor":18,"key":"SMITH"},{"data":"champ:FlashCut","floor":23,"key":"SMITH"},{"data":"champ:IronFortress","floor":35,"key":"SMITH"},{"data":"champ:GladiatorForm","floor":40,"key":"SMITH"},{"data":"champ:DefensiveStyle","floor":54,"key":"SMITH"}],"circlet_count":0,"master_deck":["champ:Defend+1","champ:Defend","champ:Defend","champ:Taunt+1","champ:ShieldSlam+1","champ:SkillfulDodge+1","champ:ShieldWall+1","champ:FlashCut+1","champ:DancingMaster+1","champ:DefensiveShout+1","champ:SkillfulDodge+1","champ:FancyFootwork+1","champ:StanceDance+1","champ:StanceDance+1","champ:DefensiveShout+1","champ:FancyFootwork+1","champ:IronFortress+1","champ:BerserkerStyle+1","champ:GladiatorForm+1","champ:FancyFootwork+1","champ:BerserkersShout+1","champ:DefensiveStyle+1","champ:StanceDance+1","champ:ShieldSlam+1","champ:ShieldThrow","expansioncontent:Chronoboost"],"relics":["champ:ChampionCrown","champ:LiftRelic","Toxic Egg 2","downfall:HeartBlessingRed","Pear","War Paint","Empty Cage","downfall:HeartBlessingBlue","Blue Candle","Eternal Feather","Enchiridion","Mummified Hand","Potion Belt","Cursed Key","downfall:HeartBlessingGreen","Omamori","MealTicket","Bottled Lightning"],"acts_visited":["Exordium","TheCity","TheBeyond","TheEnding"],"potions_floor_usage":[12,22,27,31,33,50,56,56],"damage_taken":[{"damage":28,"enemies":"Jaw Worm","floor":2,"turns":7},{"damage":10,"enemies":"Small Slimes","floor":3,"turns":3},{"damage":10,"enemies":"2 Louse","floor":6,"turns":3},{"damage":10,"enemies":"2 Fungi Beasts","floor":9,"turns":4},{"damage":0,"enemies":"downfall:FleeingMerchant","floor":10,"turns":4},{"damage":25,"enemies":"Lagavulin","floor":11,"turns":7},{"damage":6,"enemies":"downfall:Heads","floor":12,"turns":7},{"damage":5,"enemies":"3 Sentries","floor":14,"turns":7},{"damage":8,"enemies":"Red Slaver","floor":15,"turns":4},{"damage":23,"enemies":"DF_ARCHETYPE_STREAMLINE","floor":16,"turns":9},{"damage":20,"enemies":"3 Byrds","floor":19,"turns":5},{"damage":19,"enemies":"Chosen","floor":20,"turns":4},{"damage":10,"enemies":"Snake Plant","floor":22,"turns":5},{"damage":20,"enemies":"Centurion and Healer","floor":27,"turns":5},{"damage":25,"enemies":"3 Cultists","floor":28,"turns":4},{"damage":5,"enemies":"Snake Plant","floor":29,"turns":4},{"damage":16,"enemies":"downfall:FleeingMerchant","floor":30,"turns":4},{"damage":45,"enemies":"Gremlin Leader","floor":31,"turns":7},{"damage":10,"enemies":"Shelled Parasite and Fungi","floor":32,"turns":3},{"damage":59,"enemies":"SI_MIRROR_ARCHETYPE","floor":33,"turns":7},{"damage":36,"enemies":"3 Shapes","floor":36,"turns":4},{"damage":15,"enemies":"3 Darklings","floor":39,"turns":4},{"damage":15,"enemies":"Spire Growth","floor":42,"turns":4},{"damage":29,"enemies":"downfall:FleeingMerchant","floor":43,"turns":4},{"damage":14,"enemies":"4 Shapes","floor":44,"turns":5},{"damage":26,"enemies":"Writhing Mass","floor":45,"turns":4},{"damage":42,"enemies":"Jaw Worm Horde","floor":48,"turns":3},{"damage":38,"enemies":"Maw","floor":49,"turns":6},{"damage":83,"enemies":"WA_ARCHETYPE_DIVINITY","floor":50,"turns":5},{"damage":43,"enemies":"downfall:CharBossMerchant","floor":52,"turns":4},{"damage":55,"enemies":"downfall:NeowBoss","floor":55,"turns":10},{"damage":127,"enemies":"downfall:NeowBossFinal","floor":56,"turns":8}],"seed_played":"-7912858817175020237","potions_obtained":[{"floor":2,"key":"ColorlessPotion"},{"floor":6,"key":"Weak Potion"},{"floor":11,"key":"champ:TechniquePotion"},{"floor":14,"key":"champ:OpenerPotion"},{"floor":22,"key":"EntropicBrew"},{"floor":27,"key":"Weak Potion"},{"floor":31,"key":"DistilledChaos"},{"floor":42,"key":"bronze:BurnAndBuffPotion"},{"floor":44,"key":"Regen Potion"},{"floor":52,"key":"bronze:BurnAndBuffPotion"}],"is_trial":false,"path_per_floor":["R","M","M","?","?","M","T","R","M","$","E","?","T","E","M","B",null,"R","M","M","?","M","R","T","?","?","M","M","M","$","E","M","B",null,"R","M","T","?","M","R","T","M","$","M","M","T","?","M","M","B",null,"E","$","R","B","B"],"character_chosen":"THE_CHAMP","items_purchased":["Mummified Hand","champ:IronFortress","champ:DefensiveStyle","expansioncontent:Chronoboost"],"campfire_rested":0,"item_purchase_floors":[30,30,43,53],"current_hp_per_floor":[90,72,72,72,72,72,72,72,72,72,77,71,71,66,63,45,100,110,105,101,96,91,91,91,91,75,70,70,65,64,64,64,52,110,110,107,107,107,106,110,110,109,109,102,102,102,87,71,71,83,110,110,110,110,95,0,0,0],"gold":45,"neow_bonus":"REMOVE_CARD","is_daily":false,"chose_seed":false,"campfire_upgraded":6,"win_rate":0.0,"timestamp":1612372739,"path_taken":["R","M","M","?","?","M","T","R","M","$","E","?","?","E","M","BOSS","R","M","M","?","M","R","T","?","?","M","M","M","?","E","M","BOSS","R","M","?","?","M","R","T","M","$","M","M","?","?","M","M","BOSS","E","$","R","BOSS","BOSS"],"items_purchased_type":["Relic","Card","Card","Card"],"build_version":"2020-12-22","purchased_purges":1,"victory":false,"max_hp_per_floor":[90,90,90,90,90,90,90,90,90,90,100,100,100,100,100,100,100,110,110,110,110,110,110,110,110,110,110,110,110,110,110,110,110,110,110,110,110,110,110,110,110,110,110,110,110,110,110,110,110,110,110,110,110,110,110,110,110,110],"card_choices":[{"not_picked":["champ:PerfectedStrike","champ:Encircle"],"picked":"champ:ShieldSlam","floor":2},{"not_picked":["champ:GutPunch","champ:TornadoPunch","champ:Backstep"],"picked":"SKIP","floor":3},{"not_picked":["champ:PerfectedStrike","champ:PreemptiveStrike","champ:Circumvent"],"picked":"SKIP","floor":6},{"not_picked":["champ:FlashCut","champ:EnGarde+1"],"picked":"champ:SkillfulDodge+1","floor":9},{"not_picked":["champ:StrikeOfGenius","champ:Improvising"],"picked":"champ:ShieldWall","floor":10},{"not_picked":["champ:ViciousMockery+1","champ:SetATrap+1"],"picked":"champ:FlashCut","floor":11},{"not_picked":["champ:PerfectedStrike","champ:TornadoPunch"],"picked":"champ:DefensiveShout+1","floor":12},{"not_picked":["champ:Haymaker","champ:PreciseThrust"],"picked":"champ:SkillfulDodge+1","floor":14},{"not_picked":["champ:CalledShot+1","champ:GutPunch"],"picked":"champ:FancyFootwork+1","floor":15},{"not_picked":["champ:RecklessLeap+1","champ:TornadoPunch","champ:Shatter"],"picked":"SKIP","floor":19},{"not_picked":["champ:DefensiveShout+1","champ:RecklessLeap+1"],"picked":"champ:StanceDance+1","floor":20},{"not_picked":["champ:PreemptiveStrike","champ:BladeFlurry"],"picked":"champ:StanceDance+1","floor":22},{"not_picked":["champ:FanOfKnives","champ:BerserkersShout+1","champ:ShieldWall"],"picked":"SKIP","floor":27},{"not_picked":["champ:PerfectedStrike","champ:Backstep+1"],"picked":"champ:DefensiveShout+1","floor":28},{"not_picked":["champ:Encircle","champ:AdrenalArmor+1","champ:PreciseThrust"],"picked":"SKIP","floor":29},{"not_picked":["champ:Shatter","champ:PreciseThrust"],"picked":"champ:FancyFootwork+1","floor":30},{"not_picked":["champ:BladeFlurry","champ:Endure+1","champ:FanOfKnives"],"picked":"SKIP","floor":31},{"not_picked":["champ:Duel","champ:UltimateStance+1"],"picked":"champ:BerserkerStyle+1","floor":32},{"not_picked":["champ:UltimateStance+1","champ:HeavySlash"],"picked":"champ:GladiatorForm","floor":33},{"not_picked":["champ:EnGarde+1","champ:Haymaker+1"],"picked":"champ:FancyFootwork+1","floor":36},{"not_picked":["champ:SkillfulDodge+1","champ:Shatter+1","champ:Devastate"],"picked":"SKIP","floor":39},{"not_picked":["champ:FocusedBerserking+1","champ:EnGarde+1","champ:DefensiveShout+1"],"picked":"SKIP","floor":42},{"not_picked":["champ:Haymaker","champ:EnragedBash+1"],"picked":"champ:BerserkersShout+1","floor":43},{"not_picked":["champ:FlashCut+1","champ:Haymaker","champ:BerserkersShout+1"],"picked":"SKIP","floor":44},{"not_picked":["champ:Circumvent+1","champ:DefensiveShout+1"],"picked":"champ:StanceDance+1","floor":45},{"not_picked":["champ:CrownThrow","champ:PerfectedStrike"],"picked":"champ:ShieldSlam+1","floor":48},{"not_picked":["champ:EnGarde+1","champ:BladeFlurry","champ:Haymaker"],"picked":"SKIP","floor":49},{"not_picked":["champ:CalledShot+1","champ:CrownThrow+1"],"picked":"champ:ShieldThrow","floor":52}],"player_experience":92568,"relics_obtained":[{"floor":7,"key":"Toxic Egg 2"},{"floor":11,"key":"Pear"},{"floor":14,"key":"War Paint"},{"floor":24,"key":"Eternal Feather"},{"floor":26,"key":"Enchiridion"},{"floor":31,"key":"Potion Belt"},{"floor":37,"key":"Omamori"},{"floor":41,"key":"MealTicket"},{"floor":52,"key":"Bottled Lightning"}],"event_choices":[{"damage_healed":0,"gold_gain":0,"player_choice":"Ignored","damage_taken":0,"max_hp_gain":0,"max_hp_loss":0,"event_name":"Vampires","floor":25,"gold_loss":0},{"cards_removed":["champ:Execute"],"damage_healed":0,"gold_gain":0,"player_choice":"Removed Attack","damage_taken":0,"max_hp_gain":0,"max_hp_loss":0,"event_name":"Falling","floor":38,"gold_loss":0}],"is_beta":false,"boss_relics":[{"not_picked":["Snecko Eye","Velvet Choker"],"picked":"Empty Cage"},{"not_picked":["Tiny House","Coffee Dripper"],"picked":"Cursed Key"}],"items_purged_floors":[43],"is_endless":false,"potions_floor_spawned":[2,6,11,14,20,22,27,29,31,42,44,45,49,52],"killed_by":"downfall:NeowBossFinal","ascension_level":0}}