{"host":"sav7uxregyirlf69","time":1612362642,"event":{"mods":["AchievementEnabler","BaseMod","Colored Map","DeckTracker","Keyboard Shortcuts","Minty Spire (QoL Compilation)","READ ME - Guardian Mod","StSLib","SuperFastMode"],"gold_per_floor":[361,380,397,397,447,465,480,218,272,289,316,346,359,389,389,464,464,477,477,477,495,512,512,24,40,87,101,101,101,151,151,151,227,227,240,254,21,21,38,38,38],"floor_reached":40,"language":"KOR","playtime":1021,"items_purged":["Pain","Predator","Masterful Stab"],"score":850,"play_id":"b113f0e2-b42c-4ec0-b883-99e8745cb2a4","local_time":"20210203233042","is_ascension_mode":true,"campfire_choices":[{"data":"Noxious Fumes","floor":15,"key":"SMITH"},{"data":"Accuracy","floor":23,"key":"SMITH"},{"floor":28,"key":"REST"},{"data":"Cloak And Dagger","floor":32,"key":"SMITH"}],"circlet_count":0,"master_deck":["AscendersBane","Survivor","Neutralize","Dagger Throw","Infinite Blades","Blade Dance","Noxious Fumes+1","After Image","Cloak And Dagger+1","After Image","Corpse Explosion","Burst","Accuracy+1","PiercingWail","Dagger Spray","Heel Hook","Acrobatics","Heel Hook","Leg Sweep","Blade Dance","All Out Attack","Deflect","Backflip","Master of Strategy","Malaise","CurseOfTheBell","Backflip","Blade Dance+1","Flash of Steel"],"relics":["Ring of the Snake","Lee\u0027s Waffle","PreservedInsect","Odd Mushroom","Lantern","Pandora\u0027s Box","Oddly Smooth Stone","Bag of Preparation","Calling Bell","Smiling Mask","Darkstone Periapt","Gambling Chip"],"acts_visited":["Exordium","TheCity","TheBeyond"],"potions_floor_usage":[11,14,16,33,36,40,40],"damage_taken":[{"damage":12.0,"enemies":"Small Slimes","floor":1.0,"turns":6.0},{"damage":3.0,"enemies":"Cultist","floor":2.0,"turns":3.0},{"damage":2.0,"enemies":"2 Louse","floor":3.0,"turns":3.0},{"damage":15,"enemies":"Large Slime","floor":6,"turns":7},{"damage":7,"enemies":"2 Fungi Beasts","floor":7,"turns":4},{"damage":18,"enemies":"Lots of Slimes","floor":10,"turns":4},{"damage":4,"enemies":"3 Sentries","floor":11,"turns":6},{"damage":11,"enemies":"The Mushroom Lair","floor":12,"turns":4},{"damage":2,"enemies":"3 Louse","floor":13,"turns":4},{"damage":0,"enemies":"Gremlin Nob","floor":14,"turns":3},{"damage":22,"enemies":"Slime Boss","floor":16,"turns":8},{"damage":21,"enemies":"Spheric Guardian","floor":18,"turns":4},{"damage":0,"enemies":"Chosen","floor":21,"turns":3},{"damage":11,"enemies":"Snecko","floor":22,"turns":5},{"damage":6,"enemies":"Snake Plant","floor":25,"turns":6},{"damage":14,"enemies":"Centurion and Healer","floor":27,"turns":6},{"damage":1,"enemies":"Champ","floor":33,"turns":9},{"damage":0,"enemies":"Orb Walker","floor":35,"turns":4},{"damage":26,"enemies":"3 Darklings","floor":36,"turns":3},{"damage":35,"enemies":"Transient","floor":39,"turns":6},{"damage":17,"enemies":"Reptomancer","floor":40,"turns":2}],"seed_played":"7480873455153931868","potions_obtained":[{"floor":3.0,"key":"Energy Potion"},{"floor":7,"key":"BlessingOfTheForge"},{"floor":14,"key":"EssenceOfSteel"},{"floor":16,"key":"Dexterity Potion"},{"floor":18,"key":"PowerPotion"},{"floor":25,"key":"SteroidPotion"},{"floor":27,"key":"CultistPotion"},{"floor":33,"key":"SteroidPotion"}],"is_trial":false,"path_per_floor":["M","M","M","?","?","M","M","$","T","M","E","?","M","E","R","B",null,"M","?","?","M","M","R","$","M","T","M","R","$","?","?","R","B",null,"M","M","$","T","M","E"],"character_chosen":"THE_SILENT","items_purchased":["Lee\u0027s Waffle","Cloak And Dagger","Backflip","Oddly Smooth Stone","Master of Strategy","Flash of Steel","Regen Potion"],"campfire_rested":1,"item_purchase_floors":[8,8,24,24,24,37,37],"current_hp_per_floor":[47,44,42,47,40,25,18,78,78,60,56,45,43,43,43,21,64,43,43,43,43,32,32,32,26,26,12,35,35,35,35,35,34,67,67,41,41,41,6,0,0],"gold":38,"neow_bonus":"TWO_FIFTY_GOLD","is_daily":false,"chose_seed":false,"campfire_upgraded":3,"win_rate":0.0,"timestamp":1612362642,"path_taken":["M","M","M","?","?","M","?","$","T","M","E","?","M","E","R","BOSS","M","?","?","M","M","R","$","M","T","M","R","$","?","?","R","BOSS","M","M","$","?","M","E"],"items_purchased_type":["Relic","Card","Card","Relic","Card","Card","Potion"],"build_version":"2020-12-22","purchased_purges":3,"victory":false,"max_hp_per_floor":[66,66,66,71,71,71,71,78,78,78,78,78,78,78,78,78,78,78,78,78,78,78,78,78,78,78,78,78,78,78,78,78,78,78,78,78,78,78,78,78,78],"card_choices":[{"not_picked":["Sucker Punch","Dodge and Roll"],"picked":"Dagger Throw","floor":1.0},{"not_picked":["Bane","Accuracy"],"picked":"Infinite Blades","floor":2.0},{"not_picked":["Bane","Prepared"],"picked":"Blade Dance","floor":3.0},{"not_picked":["Backflip","Backstab"],"picked":"Noxious Fumes","floor":6},{"not_picked":["Expertise","Prepared"],"picked":"After Image","floor":7},{"not_picked":["Slice","Outmaneuver"],"picked":"Masterful Stab","floor":10},{"not_picked":["Dodge and Roll","Reflex"],"picked":"After Image","floor":11},{"not_picked":["Outmaneuver","Sucker Punch","Slice"],"picked":"SKIP","floor":13},{"not_picked":["Calculated Gamble","Backstab"],"picked":"Corpse Explosion","floor":14},{"not_picked":["Wraith Form v2","Corpse Explosion"],"picked":"Burst","floor":16},{"not_picked":["Underhanded Strike","Deflect"],"picked":"Leg Sweep","floor":18},{"not_picked":["Expertise","Crippling Poison"],"picked":"Deflect","floor":21},{"not_picked":["Poisoned Stab+1","Predator","Riddle With Holes"],"picked":"SKIP","floor":22},{"not_picked":["Quick Slash","Flying Knee","Dagger Throw"],"picked":"SKIP","floor":25},{"not_picked":["Flying Knee","Acrobatics","Backstab"],"picked":"SKIP","floor":27},{"not_picked":["Wraith Form v2","Venomology"],"picked":"Malaise","floor":33},{"not_picked":["Calculated Gamble","Underhanded Strike"],"picked":"Backflip","floor":35},{"not_picked":["Deadly Poison","Bane"],"picked":"Blade Dance+1","floor":36},{"not_picked":["Cloak And Dagger","PiercingWail","Prepared"],"picked":"SKIP","floor":39}],"player_experience":1472822,"relics_obtained":[{"floor":9,"key":"PreservedInsect"},{"floor":12,"key":"Odd Mushroom"},{"floor":14,"key":"Lantern"},{"floor":26,"key":"Bag of Preparation"},{"floor":34,"key":"Smiling Mask"},{"floor":34,"key":"Darkstone Periapt"},{"floor":34,"key":"Gambling Chip"}],"event_choices":[{"damage_healed":0.0,"max_hp_gain":5.0,"max_hp_loss":0.0,"gold_gain":0.0,"event_name":"Big Fish","player_choice":"Donut","floor":4.0,"gold_loss":0.0,"damage_taken":0.0},{"damage_healed":0,"gold_gain":50,"player_choice":"Touch","damage_taken":7,"max_hp_gain":0,"max_hp_loss":0,"event_name":"FaceTrader","floor":5,"gold_loss":0},{"damage_healed":0,"gold_gain":0,"player_choice":"Fought Mushrooms","damage_taken":0,"max_hp_gain":0,"max_hp_loss":0,"event_name":"Mushrooms","floor":12,"gold_loss":0},{"damage_healed":0,"gold_gain":0,"cards_transformed":["Sucker Punch","Sucker Punch"],"player_choice":"Became Test Subject","damage_taken":0,"max_hp_gain":0,"max_hp_loss":0,"event_name":"Drug Dealer","floor":19,"gold_loss":0,"cards_obtained":["Blade Dance","All Out Attack"]},{"damage_healed":0,"gold_gain":0,"player_choice":"Ignored","damage_taken":0,"max_hp_gain":0,"max_hp_loss":0,"event_name":"Cursed Tome","floor":20,"gold_loss":0},{"damage_healed":0,"gold_gain":50,"player_choice":"Stole From Cult","damage_taken":0,"max_hp_gain":0,"max_hp_loss":0,"event_name":"Nest","floor":30,"gold_loss":0},{"cards_removed":["Endless Agony"],"damage_healed":0,"gold_gain":0,"player_choice":"Purged","damage_taken":0,"max_hp_gain":0,"max_hp_loss":0,"event_name":"Purifier","floor":31,"gold_loss":0}],"is_beta":false,"boss_relics":[{"not_picked":["Cursed Key","Coffee Dripper"],"picked":"Pandora\u0027s Box"},{"not_picked":["WristBlade","Black Star"],"picked":"Calling Bell"}],"items_purged_floors":[8,24,37],"is_endless":false,"potions_floor_spawned":[3,7,10,14,16,18,25,27,33],"killed_by":"Reptomancer","ascension_level":20}}