{"host":"61ejhfsushs0xmcl","time":1612353737,"event":{"mods":["ATMod(°¢èªMod)","Act Like it!","BaseMod","Colored Map","Gold Saver","Minty Spire (QoL Compilation)","MostiFishMod","Reliquary","Spicy Shops","StSLib","TestMod","[IsaacMod]ÒÔÈö¼âËþ","¡¾ÒÅÎï¿¨ÅÆ¡¿REMEMod","óô»ðÖ¸ÄÏ"],"gold_per_floor":[1063,1080,379,395,395,422,478,510,510,510,510,529,529,539,539,612,612,622,350,275,100,143,226,226,275,275,336,404,516,143,258,216,327,327,477,518,310,417,417,577,408,454,529,591,734,493,644,719,393,575,646,646,508,191,296,449],"floor_reached":57,"language":"ZHS","playtime":3144,"items_purged":["Strike_G","Strike_G","Strike_G","Strike_G","Strike_G","AT_OneInchPunch+1","Neutralize","Defend_G","Defend_G","Defend_G+1","Defend_G+1","Survivor+1"],"score":3200,"play_id":"51911edd-49d5-4024-8f3d-0ff9bcda7755","local_time":"20210203200217","is_ascension_mode":true,"campfire_choices":[{"data":"AT_OneInchPunch","floor":10.0,"key":"SMITH"},{"data":"Acrobatics","floor":13.0,"key":"SMITH"},{"data":"AT_ShadowStep","floor":15.0,"key":"SMITH"},{"floor":24.0,"key":"RECALL"}],"circlet_count":0,"master_deck":["AscendersBane","REME_BodyOfCthun+1","MostiFishMod:PerfectForm+1","REME_GreenPollution+1","Acrobatics+1","PiercingWail+1","AT_ShadowStep+1","MostiFishMod:Neurotoxin+1","Acrobatics+1","REME_GreenPollution+1","After Image+1","Calculated Gamble+1","MostiFishMod:Neurotoxin+1","Bouncing Flask+1","AT_ShadowStep+1","REME_GreenPollution+1","Tactician+1","MostiFishMod:Neurotoxin+1","Adrenaline+1","Parasite"],"relics":["Ring of the Snake","testmod-TestBox","DaveBox","AT_ATBox","REME_ComplimentaryCards","HushsDoor","TheBible","testmod-InjuryResistance","ImprovedEquipment","PokeGo","SynthV:TestCard","Omamori","Question Card","AT_BellDemon","OriginationStaff","AT_SeraphEmbrace","testmod-OneHitWonder","AT_SunfireAegis","reliquary:QuartzCube","reliquary:TridentHead","AT_SilvercatRing","Snecko Eye","Damocles","AT_MibuBalloonWealth","TheBean","BrkXgEgg","reliquary:SilkGlove","reliquary:TatteredRug","testmod-Acrobat","reliquary:JackalopeAntler","Blood Vial","Toxic Egg 2","BionicSphere","reliquary:Knoch","reliquary:RoseTintedGlasses","DoctorsRemote","HornCleat","Du-Vu Doll","SteamSale","Potion Belt","Bottled Tornado","Incense Burner","AT_RedTearstoneRing","reliquary:RosewoodLute","Civilization","reliquary:RadioactivePellet","RhineSuit","GuppysTail","NineLifeCat","White Beast Statue","AT_GuinsooRageblade","BelialBook","Ancient Tea Set","ClockworkSouvenir","Medical Kit","CombinedTypeHook","Bronze Scales","reliquary:Aerogel","Pen Nib","DianDianMeat","reliquary:BoilingFlask","TuHaoJin","Strawberry","Pantograph","AT_GoldPhoenixTree","Frozen Egg 2","BookofShadows","REME_ArchaeologicalTools","reliquary:Stiletto","testmod-LifeArmor","Dream Catcher","Snake Skull","testmod-ConstraintPeriapt","AT_RabadonDeathcap","DollysMirror","reliquary:KillPill","AT_ChloranthyRing","Art of War","reliquary:PartyBalloon","reliquary:Firecrackers","Nunchaku"],"acts_visited":["Exordium","TheCity","TheBeyond","TheEnding"],"potions_floor_usage":[56,56,56],"damage_taken":[{"damage":0.0,"enemies":"Cultist","floor":1.0,"turns":2.0},{"damage":0.0,"enemies":"Small Slimes","floor":2.0,"turns":3.0},{"damage":3.0,"enemies":"2 Louse","floor":4.0,"turns":4.0},{"damage":14.0,"enemies":"Gremlin Nob","floor":6.0,"turns":5.0},{"damage":8.0,"enemies":"3 Sentries","floor":7.0,"turns":9.0},{"damage":5.0,"enemies":"3 Sentries","floor":8.0,"turns":7.0},{"damage":5.0,"enemies":"Lots of Slimes","floor":12.0,"turns":4.0},{"damage":0.0,"enemies":"Large Slime","floor":14.0,"turns":3.0},{"damage":1.0,"enemies":"Hexaghost","floor":16.0,"turns":8.0},{"damage":0.0,"enemies":"2 Thieves","floor":18.0,"turns":5.0},{"damage":0.0,"enemies":"Chosen","floor":22.0,"turns":4.0},{"damage":0.0,"enemies":"Gremlin Leader","floor":23.0,"turns":3.0},{"damage":0.0,"enemies":"Snake Plant","floor":25.0,"turns":3.0},{"damage":0.0,"enemies":"Book of Stabbing","floor":27.0,"turns":4.0},{"damage":0.0,"enemies":"Sentry and Sphere","floor":28.0,"turns":3.0},{"damage":0.0,"enemies":"Gremlin Leader","floor":29.0,"turns":4.0},{"damage":0,"enemies":"Slavers","floor":31,"turns":3},{"damage":0,"enemies":"Champ","floor":33,"turns":4},{"damage":0,"enemies":"3 Darklings","floor":35,"turns":3},{"damage":0,"enemies":"Orb Walker","floor":36,"turns":2},{"damage":0,"enemies":"2 Orb Walkers","floor":38,"turns":2},{"damage":0,"enemies":"Reptomancer","floor":40,"turns":2},{"damage":0,"enemies":"Writhing Mass","floor":42,"turns":2},{"damage":0,"enemies":"Nemesis","floor":44,"turns":3},{"damage":0,"enemies":"3 Darklings","floor":45,"turns":3},{"damage":0,"enemies":"Sphere and 2 Shapes","floor":47,"turns":3},{"damage":0,"enemies":"Maw","floor":48,"turns":2},{"damage":0,"enemies":"Awakened One","floor":50,"turns":3},{"damage":0,"enemies":"Donu and Deca","floor":51,"turns":2},{"damage":0,"enemies":"Shield and Spear","floor":55,"turns":2},{"damage":0,"enemies":"Delirium","floor":56,"turns":4}],"seed_played":"-1097335809676997823","potions_obtained":[{"floor":4.0,"key":"AttackPotion"},{"floor":6.0,"key":"Swift Potion"},{"floor":12.0,"key":"Block Potion"},{"floor":14.0,"key":"Dexterity Potion"},{"floor":16.0,"key":"Block Potion"},{"floor":22.0,"key":"EssenceOfSteel"},{"floor":29,"key":"DuplicationPotion"},{"floor":33,"key":"AttackPotion"},{"floor":45,"key":"GhostInAJar"}],"is_trial":false,"path_per_floor":["M","M","$","M","T","E","?","E","T","R","?","M","R","M","R","B",null,"M","$","?","$","M","E","R","M","T","E","M","E","$","E","R","B",null,"M","M","$","?","?","E","$","M","T","E","M","R","M","M","R","B","B",null,"R","$","E","B",null],"character_chosen":"THE_SILENT","items_purchased":["Omamori","Question Card","MostiFishMod:PerfectForm","AT_BellDemon","Damocles","BrkXgEgg","Acrobatics","SteamSale","Potion Belt","Bottled Tornado","Civilization","Bouncing Flask+1","GuppysTail","NineLifeCat","GhostInAJar","ClockworkSouvenir","Medical Kit","TuHaoJin","testmod-LifeArmor","REME_GreenPollution+1","DollysMirror","reliquary:KillPill","AT_ChloranthyRing","Art of War"],"campfire_rested":0,"item_purchase_floors":[3,3,3,3,17,19,21,30,30,30,32,34,34,34,34,37,37,41,46,46,49,49,54,54],"current_hp_per_floor":[44,44,44,41,41,27,19,14,14,14,14,9,9,9,9,8,39,39,39,39,39,39,39,39,39,39,41,43,45,45,47,47,50,1,3,6,6,11,11,16,16,28,28,34,39,41,46,54,58,63,68,68,68,68,78,89],"gold":449,"neow_bonus":"ONE_RARE_RELIC","is_daily":false,"chose_seed":false,"campfire_upgraded":3,"win_rate":0.0,"timestamp":1612353737,"path_taken":["M","M","$","M","?","E","?","E","T","R","?","M","R","M","R","BOSS","M","$","?","$","?","E","R","M","T","E","M","E","$","E","R","BOSS","M","M","$","?","?","E","?","M","T","E","M","R","?","M","R","BOSS","BOSS","R","$","E","BOSS"],"items_purchased_type":["Relic","Relic","Card","Relic","Relic","Relic","Card","Relic","Relic","Relic","Relic","Card","Relic","Relic","Potion","Relic","Relic","Relic","Relic","Card","Relic","Relic","Relic","Relic"],"build_version":"2020-12-22","purchased_purges":12,"victory":true,"max_hp_per_floor":[66,66,66,66,66,66,66,66,66,66,66,66,66,66,66,66,49,49,49,49,49,49,49,49,49,49,49,49,49,49,49,49,50,1,3,6,6,11,11,16,16,28,28,34,39,41,46,54,58,63,68,68,68,68,78,89],"card_choices":[{"not_picked":["PiercingWail","Quick Slash","Predator"],"picked":"SKIP","floor":1.0},{"not_picked":["Flying Knee","Sucker Punch","Finisher","AT_Desolate","MostiFishMod:PerfectParry"],"picked":"SKIP","floor":2.0},{"not_picked":["Backflip","Quick Slash","Dagger Spray","Setup","MostiFishMod:PerfectParry","MostiFishMod:PreservedThorns"],"picked":"SKIP","floor":4.0},{"not_picked":["Glass Knife","Deadly Poison","MostiFishMod:LethalBlade","Quick Slash","Heel Hook","Slice"],"picked":"SKIP","floor":6.0},{"not_picked":["Dodge and Roll","Endless Agony","Deadly Poison","Dagger Spray","AT_TinkerSharpsword"],"picked":"REME_GreenPollution","floor":7.0},{"not_picked":["MostiFishMod:PerfectParry","Blade Dance","Outmaneuver","REME_LeechingPoison","Underhanded Strike"],"picked":"Acrobatics","floor":8.0},{"not_picked":["Outmaneuver","Cloak And Dagger","Dagger Spray","AT_ShadowStep","Slice"],"picked":"PiercingWail","floor":12.0},{"not_picked":["Crippling Poison","MostiFishMod:PoisonShield","Infinite Blades","Dagger Spray","Dagger Throw"],"picked":"AT_ShadowStep","floor":14.0},{"not_picked":["MostiFishMod:AdrenalineArouse","A Thousand Cuts","Adrenaline","Phantasmal Killer","MostiFishMod:Listen"],"picked":"MostiFishMod:Neurotoxin","floor":16.0},{"not_picked":["AT_WindFlip","Cloak And Dagger","Flying Knee","Terror","Outmaneuver","Prepared"],"picked":"SKIP","floor":18.0},{"not_picked":["Sucker Punch","AT_WindRun","Deadly Poison","Deflect","Flying Knee","MostiFishMod:Confrontation+1"],"picked":"SKIP","floor":22.0},{"not_picked":["Dagger Throw+1","Backflip","Quick Slash+1","Deflect+1","Dagger Spray+1","Underhanded Strike+1"],"picked":"SKIP","floor":23.0},{"not_picked":["Sucker Punch+1","Masterful Stab","MostiFishMod:FrostNova","Dagger Spray","Backflip"],"picked":"REME_GreenPollution","floor":25.0},{"not_picked":["Dodge and Roll+1","Flying Knee","Slice","AT_ArcaneSupremacy","PiercingWail+1"],"picked":"After Image+1","floor":27.0},{"not_picked":["AT_WindFlip+1","Acrobatics+1","AT_KneejerkReflex","Masterful Stab","Dodge and Roll+1"],"picked":"Calculated Gamble+1","floor":28.0},{"not_picked":["Poisoned Stab","Unload+1","Flying Knee","AT_WindFlip","AT_MyraUnstableElement+1","Bane"],"picked":"SKIP","floor":29},{"not_picked":["Sucker Punch+1","Slice","Infinite Blades","Dagger Spray","Backflip+1","Noxious Fumes+1"],"picked":"SKIP","floor":31},{"not_picked":["AT_KingSlayer+1","After Image+1","Storm of Steel+1","MostiFishMod:ShivMaster+1","REME_LeechingPoison+1"],"picked":"MostiFishMod:Neurotoxin+1","floor":33},{"not_picked":["AT_WindFlip+1","Dagger Throw","Flying Knee+1","PiercingWail+1","Terror+1","Poisoned Stab+1"],"picked":"SKIP","floor":35},{"not_picked":["AT_WindFlip","Expertise+1","Dash","Sucker Punch","Prepared+1","Noxious Fumes"],"picked":"SKIP","floor":36},{"not_picked":["Terror+1","AT_WindFlip","Slice","Heel Hook","Sucker Punch+1","PiercingWail+1"],"picked":"SKIP","floor":40},{"not_picked":["Heel Hook","Sucker Punch","Dodge and Roll+1","Dagger Throw+1","Dagger Spray+1","AT_KneejerkReflex+1"],"picked":"SKIP","floor":42},{"not_picked":["Heel Hook+1","Escape Plan+1","Grand Finale+1","Malaise+1","Outmaneuver+1"],"picked":"AT_ShadowStep+1","floor":44},{"not_picked":["Underhanded Strike","MostiFishMod:PerfectParry+1","Deflect+1","Dodge and Roll+1","Cloak And Dagger+1","AT_WomanClash+1"],"picked":"SKIP","floor":45},{"not_picked":["MostiFishMod:PerfectParry+1","Deadly Poison+1","Dagger Throw+1","Flying Knee","Quick Slash","Crippling Poison+1"],"picked":"SKIP","floor":47},{"not_picked":["MostiFishMod:PreservedThorns+1","REME_SpectralBlade+1","Poisoned Stab","AT_ThistleTea+1","MostiFishMod:InvigoratingSolution+1"],"picked":"Tactician+1","floor":48},{"not_picked":["MostiFishMod:PreservedThorns+1","Crippling Poison+1","AT_TinkerSharpsword+1","Escape Plan+1","Flechettes"],"picked":"Adrenaline+1","floor":55}],"player_experience":839713,"relics_obtained":[{"floor":1.0,"key":"SynthV:TestCard"},{"floor":6.0,"key":"OriginationStaff"},{"floor":6.0,"key":"AT_ArchangelStaff"},{"floor":7.0,"key":"testmod-OneHitWonder"},{"floor":8.0,"key":"AT_SunfireAegis"},{"floor":12.0,"key":"reliquary:QuartzCube"},{"floor":14.0,"key":"reliquary:TridentHead"},{"floor":16.0,"key":"AT_SilvercatRing"},{"floor":18.0,"key":"AT_MibuBalloonWealth"},{"floor":18.0,"key":"TheBean"},{"floor":22.0,"key":"reliquary:SilkGlove"},{"floor":22.0,"key":"reliquary:TatteredRug"},{"floor":23.0,"key":"testmod-Acrobat"},{"floor":23.0,"key":"reliquary:JackalopeAntler"},{"floor":25.0,"key":"Blood Vial"},{"floor":27.0,"key":"Toxic Egg 2"},{"floor":27.0,"key":"BionicSphere"},{"floor":27.0,"key":"reliquary:Knoch"},{"floor":28.0,"key":"reliquary:RoseTintedGlasses"},{"floor":28.0,"key":"DoctorsRemote"},{"floor":29,"key":"HornCleat"},{"floor":29,"key":"Du-Vu Doll"},{"floor":31,"key":"Incense Burner"},{"floor":31,"key":"AT_RedTearstoneRing"},{"floor":31,"key":"reliquary:RosewoodLute"},{"floor":33,"key":"reliquary:RadioactivePellet"},{"floor":35,"key":"White Beast Statue"},{"floor":35,"key":"AT_GuinsooRageblade"},{"floor":36,"key":"BelialBook"},{"floor":36,"key":"Ancient Tea Set"},{"floor":38,"key":"CombinedTypeHook"},{"floor":38,"key":"Bronze Scales"},{"floor":38,"key":"reliquary:Aerogel"},{"floor":40,"key":"Pen Nib"},{"floor":40,"key":"DianDianMeat"},{"floor":40,"key":"reliquary:BoilingFlask"},{"floor":42,"key":"Strawberry"},{"floor":42,"key":"Pantograph"},{"floor":44,"key":"AT_GoldPhoenixTree"},{"floor":44,"key":"Frozen Egg 2"},{"floor":44,"key":"BookofShadows"},{"floor":45,"key":"REME_ArchaeologicalTools"},{"floor":45,"key":"reliquary:Stiletto"},{"floor":47,"key":"Dream Catcher"},{"floor":47,"key":"Snake Skull"},{"floor":48,"key":"testmod-ConstraintPeriapt"},{"floor":48,"key":"AT_RabadonDeathcap"},{"floor":55,"key":"reliquary:PartyBalloon"},{"floor":55,"key":"reliquary:Firecrackers"},{"floor":55,"key":"Nunchaku"}],"event_choices":[{"damage_healed":0.0,"max_hp_gain":0.0,"max_hp_loss":0.0,"gold_gain":30.0,"event_name":"Dead Adventurer","player_choice":"Searched \u00273\u0027 times","floor":7.0,"gold_loss":0.0,"damage_taken":0.0},{"damage_healed":0.0,"max_hp_gain":0.0,"max_hp_loss":0.0,"gold_gain":0.0,"event_name":"Upgrade Shrine","player_choice":"Upgraded","floor":11.0,"gold_loss":0.0,"damage_taken":0.0,"cards_upgraded":["MostiFishMod:PerfectForm"]},{"cards_removed":["Defend_G"],"damage_healed":0.0,"max_hp_gain":0.0,"max_hp_loss":0.0,"gold_gain":0.0,"event_name":"Beggar","player_choice":"Gave Gold","floor":20.0,"gold_loss":75.0,"damage_taken":0.0},{"damage_healed":0,"gold_gain":0,"player_choice":"Fight","damage_taken":0,"max_hp_gain":0,"max_hp_loss":0,"event_name":"Mysterious Sphere","floor":38,"gold_loss":0},{"damage_healed":0,"gold_gain":0,"player_choice":"Ignored","damage_taken":0,"max_hp_gain":0,"max_hp_loss":0,"event_name":"Tomb of Lord Red Mask","floor":39,"gold_loss":0}],"is_beta":false,"boss_relics":[{"not_picked":["testmod-KeyOfTheVoid","ExusiaiGun"],"picked":"Snecko Eye"},{"not_picked":[]},{"not_picked":["Runic Pyramid","WristBlade"],"picked":"RhineSuit"},{"not_picked":[]}],"items_purged_floors":[3,17,19,21,30,34,37,41,46,49,53,54],"is_endless":false,"potions_floor_spawned":[4,6,12,14,16,22,25,28,29,33,35,36,38,40,42,44,45,47,48,55],"ascension_level":20}}