{"host":"e2ju6k0wppswbhbd","time":1612394790,"event":{"mods":["BaseMod","Minty Spire (QoL Compilation)","Rare Cards Sparkle","StSLib"],"gold_per_floor":[111,111,131,141,40,72,85,97,97,97,107,140,157,167,167,271,271,284,209,209,224,224,254,270,305,329,329,353,362,362,389,389,389,389],"floor_reached":33,"language":"FRA","playtime":4372,"items_purged":["Strike_G"],"score":351,"play_id":"9b14339e-f890-4c98-8bab-95e1aec21c22","local_time":"20210204002630","is_ascension_mode":false,"campfire_choices":[{"floor":10,"key":"RECALL"},{"data":"Backflip","floor":15,"key":"SMITH"},{"data":"Burst","floor":27,"key":"SMITH"},{"floor":30,"key":"REST"},{"floor":32,"key":"REST"}],"circlet_count":0,"master_deck":["Strike_G","Strike_G","Defend_G","Defend_G","Defend_G","Survivor","Neutralize+1","Predator","Underhanded Strike","Deadly Poison","Quick Slash","Leg Sweep","Flying Knee","Poisoned Stab","Bane+1","Crippling Poison","PiercingWail","Backflip+1","Burst+1","Dagger Spray+1","Wraith Form v2+1","All Out Attack+1","Eviscerate+1","Writhe","Caltrops+1","Prepared+1","Accuracy+1","Dagger Throw+1","RitualDagger+1","Deflect"],"relics":["Ring of the Snake","Art of War","Molten Egg 2","Thread and Needle","Astrolabe","Meat on the Bone","Mango","CeramicFish","Tiny Chest"],"acts_visited":["Exordium","TheCity"],"potions_floor_usage":[6,6,12,12,23,23,24,33],"damage_taken":[{"damage":0,"enemies":"Small Slimes","floor":1,"turns":3},{"damage":0,"enemies":"Cultist","floor":3,"turns":3},{"damage":0,"enemies":"2 Louse","floor":4,"turns":2},{"damage":22,"enemies":"Lagavulin","floor":6,"turns":8},{"damage":0,"enemies":"2 Fungi Beasts","floor":7,"turns":5},{"damage":0,"enemies":"Blue Slaver","floor":8,"turns":4},{"damage":0,"enemies":"Red Slaver","floor":11,"turns":4},{"damage":0,"enemies":"Gremlin Nob","floor":12,"turns":3},{"damage":0,"enemies":"2 Fungi Beasts","floor":13,"turns":3},{"damage":0,"enemies":"Blue Slaver","floor":14,"turns":3},{"damage":7,"enemies":"Hexaghost","floor":16,"turns":10},{"damage":0,"enemies":"Shell Parasite","floor":18,"turns":6},{"damage":0,"enemies":"3 Byrds","floor":21,"turns":4},{"damage":21,"enemies":"Slavers","floor":23,"turns":6},{"damage":22,"enemies":"Snecko","floor":24,"turns":5},{"damage":10,"enemies":"Gremlin Leader","floor":25,"turns":8},{"damage":22,"enemies":"Sentry and Sphere","floor":28,"turns":6},{"damage":12,"enemies":"Centurion and Healer","floor":31,"turns":7},{"damage":80,"enemies":"Collector","floor":33,"turns":14}],"seed_played":"224608925500056098","potions_obtained":[{"floor":1,"key":"GamblersBrew"},{"floor":3,"key":"LiquidBronze"},{"floor":6,"key":"SteroidPotion"},{"floor":8,"key":"Block Potion"},{"floor":14,"key":"Swift Potion"},{"floor":21,"key":"Swift Potion"},{"floor":23,"key":"Regen Potion"},{"floor":31,"key":"Swift Potion"}],"is_trial":false,"path_per_floor":["M","?","M","M","$","E","M","M","T","R","M","E","M","M","R","B",null,"M","?","?","M","T","E","M","E","T","R","M","?","R","M","R","B"],"character_chosen":"THE_SILENT","items_purchased":["Quick Slash"],"campfire_rested":2,"item_purchase_floors":[5],"current_hp_per_floor":[77,77,77,77,77,55,55,55,55,55,55,55,55,55,55,48,77,77,77,77,77,77,70,62,52,52,52,42,36,63,51,78,0,0],"gold":389,"neow_bonus":"TEN_PERCENT_HP_BONUS","is_daily":false,"chose_seed":false,"campfire_upgraded":2,"win_rate":0.0,"timestamp":1612394790,"path_taken":["M","?","M","M","?","E","M","?","T","R","M","E","M","M","R","BOSS","M","?","?","M","?","E","M","E","T","R","?","?","R","M","R","BOSS"],"items_purchased_type":["Card"],"build_version":"2020-12-22","purchased_purges":1,"victory":false,"max_hp_per_floor":[77,77,77,77,77,77,77,77,77,77,77,77,77,77,77,77,77,77,77,77,77,77,91,91,91,91,91,91,91,91,91,91,91,91],"card_choices":[{"not_picked":["Blur","Backflip"],"picked":"Predator","floor":1},{"not_picked":["Dodge and Roll","Quick Slash"],"picked":"Underhanded Strike","floor":3},{"not_picked":["Outmaneuver","Deflect"],"picked":"Deadly Poison","floor":4},{"not_picked":["Endless Agony","Accuracy"],"picked":"Leg Sweep","floor":6},{"not_picked":["Underhanded Strike","Deadly Poison"],"picked":"Flying Knee","floor":7},{"not_picked":["Phantasmal Killer","Dodge and Roll"],"picked":"Poisoned Stab","floor":8},{"not_picked":["Quick Slash+1","Concentrate"],"picked":"Bane+1","floor":11},{"not_picked":["Blade Dance","Bane+1"],"picked":"Crippling Poison","floor":12},{"not_picked":["Setup","Crippling Poison"],"picked":"PiercingWail","floor":13},{"not_picked":["Deadly Poison","PiercingWail"],"picked":"Backflip","floor":14},{"not_picked":["Night Terror","A Thousand Cuts"],"picked":"Burst","floor":16},{"not_picked":["Poisoned Stab+1","Sucker Punch+1"],"picked":"Eviscerate+1","floor":18},{"not_picked":["Outmaneuver","Bane+1"],"picked":"Caltrops+1","floor":21},{"not_picked":["Flechettes+1","Grand Finale+1","Quick Slash+1"],"picked":"SKIP","floor":23},{"not_picked":["Acrobatics","Backflip"],"picked":"Prepared+1","floor":24},{"not_picked":["Underhanded Strike+1","Caltrops"],"picked":"Accuracy+1","floor":25},{"not_picked":["Concentrate","Flying Knee+1"],"picked":"Dagger Throw+1","floor":28},{"not_picked":["Acrobatics","Quick Slash+1"],"picked":"Deflect","floor":31}],"player_experience":2786635,"relics_obtained":[{"floor":6,"key":"Art of War"},{"floor":9,"key":"Molten Egg 2"},{"floor":12,"key":"Thread and Needle"},{"floor":23,"key":"Mango"},{"floor":25,"key":"CeramicFish"},{"floor":26,"key":"Tiny Chest"}],"event_choices":[{"damage_healed":0,"gold_gain":0,"player_choice":"Upgraded","damage_taken":0,"max_hp_gain":0,"max_hp_loss":0,"event_name":"Upgrade Shrine","floor":2,"gold_loss":0,"cards_upgraded":["Neutralize"]},{"cards_removed":["Strike_G"],"damage_healed":0,"gold_gain":0,"player_choice":"Gave Gold","damage_taken":0,"max_hp_gain":0,"max_hp_loss":0,"event_name":"Beggar","floor":19,"gold_loss":75},{"damage_healed":0,"gold_gain":0,"player_choice":"Opened","damage_taken":0,"relics_obtained":["Meat on the Bone"],"max_hp_gain":0,"max_hp_loss":0,"event_name":"The Mausoleum","floor":20,"gold_loss":0,"cards_obtained":["Writhe"]},{"damage_healed":0,"gold_gain":0,"player_choice":"Joined the Cult","damage_taken":6,"max_hp_gain":0,"max_hp_loss":0,"event_name":"Nest","floor":29,"gold_loss":0,"cards_obtained":["RitualDagger"]}],"is_beta":false,"boss_relics":[{"not_picked":["Runic Dome","Calling Bell"],"picked":"Astrolabe"}],"items_purged_floors":[5],"is_endless":false,"potions_floor_spawned":[1,3,6,8,14,21,23,31],"killed_by":"Collector","ascension_level":0}}