{"host":"dn2xyj3kd3d9cfyb","time":1612344953,"event":{"mods":["BaseMod","Colored Powertips","Downfall","Hubris","Marisa£®ÏF”Í°°ƒß¿Ì…≥£©","Minty Spire (QoL Compilation)","Remilia£®¿Ÿ√◊¿Ú—«£©","Replay The Spire","Shop Mod","StSLib","The Animator","The Construct","The Cursed","The Mystic","Youmu£®ªÍ∆«—˝√Œ£©","Yuri Mod","Yuyuko"],"gold_per_floor":[115,66,66,66,66,66,101,113,159,170,196,89,89,107,107,207,207,222,236,254,7,7,7,41,41,93,105,144,170,208,233,245,357,369,402,461,497,525,558,570,612,76,151,184,184,184,218,242,242,242,242,242,31,63,63],"floor_reached":56,"language":"ZHS","playtime":9865,"items_purged":["hubris:Gluttony","Strike_YM","CommonCold","hubris:Greed"],"score":1878,"play_id":"8d1dce54-146e-41cc-9f67-e2dd21295e8d","local_time":"20210203173553","is_ascension_mode":false,"campfire_choices":[{"floor":6.0,"key":"RECALL"},{"data":"SpiritCuttingSword","floor":15.0,"key":"SMITH"},{"data":"SlashOfPresentWorld","floor":23.0,"key":"SMITH"},{"data":"SuddenDivineSeveringOfKarmicWind","floor":25.0,"key":"SMITH"},{"data":"HellRealmSword","floor":27.0,"key":"SMITH"},{"data":"ASingleThoughtAndInfiniteKalpas","floor":40,"key":"SMITH"},{"data":"FastingOfTheYoungPreta","floor":49,"key":"SMITH"},{"data":"Secret Technique","floor":52,"key":"SMITH"}],"circlet_count":0,"master_deck":["Strike_YM","Strike_YM","Defend_YM","Defend_YM","SlashOfPresentWorld+1","WheelOfPainOfLivingAndDead","SwordExtraction+1","SpiritCuttingSword+1","ThoughtCuttingSword","SlashOfDepartureFromHesitation","HellFireSword","HellFireSword+1","HellRealmSword+1","GhostSword+1","RapidSlash","TwoHundredYojanaInOneSlash+1","SuddenDivineSeveringOfKarmicWind+1","CherryBlossomFlashing","SwordExtraction","HumanGodSword+1","ConstancyOfTheConventionalTruth","SlashOfSaigyouSpringWind","downfall:Icky","ASingleThoughtAndInfiniteKalpas+1","GhostSword+1","SuddenPhantomFormationSlashOfKarmicWind","BizarrenessOfSixRealms+1","DispleasureOfTheSevenHakus","CelestialStarSword","SpiritCuttingSword","Secret Technique+1","Flash of Steel","Secret Weapon","Voices","CherryBlossomSword","FastingOfTheYoungPreta+1","LightFlashOfTheNetherworld","HeavenSword","HeavenSword","SwordExtraction+1"],"relics":["HalfPhantom","NeowsBlessing","hubris:SphereOfDissonance","Lantern","ReplayTheSpireMod:CursedCoin","MerchantsRug","Honey Jar","hubris:SlimyHat","Pet Ghost","MawBank","Dream Catcher","Art of War","Replay:Ancient Bell","Replay:Wax Seal","The Courier","Replay:PocketPolymizer","Incense Burner","Snack Pack","Iron Hammer","Replay:Baseball","ReplayTheSpireMod:ShopPack","Gremlin Horn","Bronze Scales","ReplayTheSpireMod:Ring of Exchange","Ring of Fangs","hubris:Icosahedron","Pantograph","Replay:Mystery Machine"],"acts_visited":["Exordium","TheCity","TheBeyond","TheEnding"],"potions_floor_usage":[50,50,55,55,55],"damage_taken":[{"damage":0.0,"enemies":"2 Louse","floor":1.0,"turns":1.0},{"damage":0.0,"enemies":"Lagavulin","floor":7.0,"turns":1.0},{"damage":0.0,"enemies":"Small Slimes","floor":8.0,"turns":1.0},{"damage":1.0,"enemies":"Jaw Worm","floor":10.0,"turns":2.0},{"damage":13.0,"enemies":"3 Sentries","floor":11.0,"turns":9.0},{"damage":2.0,"enemies":"Blue Slaver","floor":14.0,"turns":2.0},{"damage":16.0,"enemies":"Slime Boss","floor":16.0,"turns":5.0},{"damage":0.0,"enemies":"Chosen","floor":18.0,"turns":2.0},{"damage":0.0,"enemies":"Spheric Guardian","floor":19.0,"turns":3.0},{"damage":0.0,"enemies":"Snecko","floor":20.0,"turns":4.0},{"damage":2.0,"enemies":"Gremlin Leader","floor":24.0,"turns":3.0},{"damage":0.0,"enemies":"Replay:Snechameleon","floor":28.0,"turns":2.0},{"damage":0.0,"enemies":"Centurion and Healer","floor":29.0,"turns":2.0},{"damage":0.0,"enemies":"Slavers","floor":30.0,"turns":2.0},{"damage":0.0,"enemies":"3 Cultists","floor":31.0,"turns":3.0},{"damage":0.0,"enemies":"Pondfish","floor":33.0,"turns":5.0},{"damage":0,"enemies":"3 Shapes","floor":35,"turns":2},{"damage":0,"enemies":"3 Darklings","floor":37,"turns":4},{"damage":0,"enemies":"Transient","floor":38,"turns":5},{"damage":0,"enemies":"Spire Growth","floor":39,"turns":3},{"damage":13,"enemies":"Nemesis","floor":41,"turns":5},{"damage":0,"enemies":"R_Hoarder","floor":44,"turns":3},{"damage":0,"enemies":"Nemesis","floor":47,"turns":3},{"damage":7,"enemies":"4 Shapes","floor":48,"turns":3},{"damage":17,"enemies":"Awakened One","floor":50,"turns":5},{"damage":0,"enemies":"Shield and Spear","floor":54,"turns":3},{"damage":10,"enemies":"The Heart","floor":55,"turns":4}],"seed_played":"3079640273988037889","potions_obtained":[{"floor":8.0,"key":"Adrenaline Potion"},{"floor":11.0,"key":"Fire Potion"},{"floor":16.0,"key":"Swift Potion"},{"floor":19.0,"key":"DistilledChaos"},{"floor":20.0,"key":"Fire Potion"},{"floor":29.0,"key":"bronze:BurnAndBuffPotion"},{"floor":30.0,"key":"Fire Potion"},{"floor":33.0,"key":"Weak Potion"},{"floor":44,"key":"Ancient Potion"},{"floor":47,"key":"Fire Potion"}],"is_trial":false,"path_per_floor":["M","$","?","?","T","R","E","M","T","M","E","$","?","M","R","B",null,"M","M","M","$","?","R","E","R","T","R","E","M","E","M","R","B",null,"M","?","M","M","M","R","E","$","T","E","?","?","E","M","R","B",null,"R","$","E","B",null],"character_chosen":"YOUMU","items_purchased":["SwordExtraction","ReplayTheSpireMod:CursedCoin","MerchantsRug","HellFireSword","hubris:SlimyHat","Iron Hammer","Replay:Baseball","ReplayTheSpireMod:ShopPack","SpiritCuttingSword","HeavenSword"],"campfire_rested":0,"item_purchase_floors":[2,12,12,12,21,42,42,42,42,53],"current_hp_per_floor":[75,75,75,75,75,75,75,75,75,74,61,61,66,64,64,48,80,80,80,80,80,80,80,78,78,78,78,78,78,78,78,80,80,80,80,80,80,80,80,80,67,67,67,75,75,75,80,79,79,77,80,80,80,80,80],"gold":63,"neow_bonus":"THREE_ENEMY_KILL","is_daily":false,"chose_seed":false,"campfire_upgraded":7,"win_rate":0.0,"timestamp":1612344953,"path_taken":["M","$","?","?","?","R","E","M","T","M","E","?","?","M","R","BOSS","M","M","M","$","?","R","E","R","T","R","E","M","E","?","R","BOSS","M","?","M","?","M","R","E","$","T","E","?","?","E","M","R","BOSS","R","$","E","BOSS"],"items_purchased_type":["Card","Relic","Relic","Card","Relic","Relic","Relic","Relic","Card","Card"],"build_version":"2020-12-22","purchased_purges":4,"victory":true,"max_hp_per_floor":[75,75,75,75,75,75,75,75,75,75,75,75,80,80,80,80,80,80,80,80,80,80,80,80,80,80,80,80,80,80,80,80,80,80,80,80,80,80,80,80,80,80,80,80,80,80,80,80,80,80,80,80,80,80,80],"card_choices":[{"not_picked":["LifeCuttingSword","FlashingScatteredFlowers","SwordOfBindingDesires"],"picked":"SKIP","floor":1.0},{"not_picked":["GhostSword","HeartExcerptSlash"],"picked":"SpiritCuttingSword","floor":7.0},{"not_picked":["TransmigrationSlash","FiveSignsOfTheDyingDeva"],"picked":"ThoughtCuttingSword","floor":8.0},{"not_picked":["KarmicPunishmentOfTheIdleAndUnfocused","DoubleWheelOfPain","SwordOfBindingDesires"],"picked":"SKIP","floor":10.0},{"not_picked":["SwordExtraction","TwoHundredYojanaInOneSlash"],"picked":"SlashOfDepartureFromHesitation","floor":11.0},{"not_picked":["PretaSword","FiveSignsOfTheDyingDeva"],"picked":"HellFireSword","floor":14.0},{"not_picked":["GreatEnlightenmentAppearingAndDisappearing","VoidnessSword"],"picked":"HellRealmSword","floor":16.0},{"not_picked":["ThreeKonsSevenHakus","SlashOfMeditation","HumanKnowledgeSword"],"picked":"GhostSword+1","floor":18.0},{"not_picked":["HesitationCuttingSword","SanzenSekai+1","TwoHundredYojanaInOneSlash"],"picked":"RapidSlash","floor":19.0},{"not_picked":["SpiritMediumsBind","LifeCuttingSword+1","LowerRealmReflectionSlash+1"],"picked":"TwoHundredYojanaInOneSlash","floor":20.0},{"not_picked":["HeavenlyHaloSlash","FiveSignsOfTheDyingDeva","LifeCuttingSword"],"picked":"SuddenDivineSeveringOfKarmicWind","floor":24.0},{"not_picked":["RapidSlash","HumanGodSword","BizarrenessOfSixRealms"],"picked":"CherryBlossomFlashing","floor":28.0},{"not_picked":["PreachingAvici+1","SanzenSekai","TenKingsRetributionOnThePreta"],"picked":"SwordExtraction","floor":29.0},{"not_picked":["FlashingScatteredFlowers","SlashOfMeditation+1","CherryBlossomFlashing"],"picked":"HumanGodSword+1","floor":30.0},{"not_picked":["PhosphoricSlash","HeavenlyHaloSlash+1","ThreeKonsSevenHakus"],"picked":"ConstancyOfTheConventionalTruth","floor":31.0},{"not_picked":["IrresoluteSoul","GreatEnlightenmentAppearingAndDisappearing","MatsuyoiReflectingSatelliteSlash"],"picked":"SlashOfSaigyouSpringWind","floor":33.0},{"not_picked":["yuri:RhapsodyCurse","hubris:Sloth","animator:Curse_Greed"],"picked":"CommonCold","floor":34.0},{"not_picked":["downfall:Malfunctioning","Delirium","Spreading Infection"],"picked":"downfall:Icky","floor":34.0},{"not_picked":["Spreading Infection","hubris:Gluttony","Writhe"],"picked":"hubris:Greed","floor":34.0},{"not_picked":["ObsessionSword+1","HumanGodSword+1","LifeCuttingSword+1"],"picked":"ASingleThoughtAndInfiniteKalpas","floor":35},{"not_picked":["LotusPostureSlash+1","TurningAngelCut+1","HeartExcerptSlash+1"],"picked":"GhostSword+1","floor":36},{"not_picked":["SwordOfBindingDesires+1","FlashingScatteredFlowers","LifeCuttingSword+1"],"picked":"SuddenPhantomFormationSlashOfKarmicWind","floor":37},{"not_picked":["LowerRealmReflectionSlash+1","ObsessionSword","HeavenlyHaloSlash"],"picked":"BizarrenessOfSixRealms+1","floor":38},{"not_picked":["SlashOfMeditation","SanzenSekai","PreachingAvici"],"picked":"DispleasureOfTheSevenHakus","floor":39},{"not_picked":["SuddenPhantomFormationSlashOfKarmicWind+1","HumanKnowledgeSword","EchoesOfTheInclemencyOfAllBeings"],"picked":"CelestialStarSword","floor":41},{"not_picked":["Magnetism","Mayhem","Crow Ritual"],"picked":"Secret Technique","floor":42},{"not_picked":["Purity","Replay:Sssssssssstrike","Dramatic Entrance"],"picked":"Flash of Steel","floor":42},{"not_picked":["Poisoned Strike","Forethought","Specialist"],"picked":"Secret Weapon","floor":42},{"not_picked":["ObsessionWithThePresentWorld+1","PhosphoricSlash","SanzenSekai","LotusPostureSlash+1"],"picked":"SKIP","floor":44},{"not_picked":["LifeCuttingSword","LotusPostureSlash","ThreeKonsSevenHakus","HumanKnowledgeSword"],"picked":"SKIP","floor":47},{"not_picked":["ThoughtCuttingSword","SwordOfBindingDesires","CrescentMoonSlash"],"picked":"CherryBlossomSword","floor":48},{"not_picked":["HellFireSword+1","HellRealmSword","HumanGodSword+1"],"picked":"SwordExtraction+1","floor":54}],"player_experience":577373,"relics_obtained":[{"floor":7.0,"key":"hubris:SphereOfDissonance"},{"floor":9.0,"key":"Lantern"},{"floor":11.0,"key":"ScarletDevilRocket"},{"floor":24.0,"key":"Pet Ghost"},{"floor":26.0,"key":"MawBank"},{"floor":28.0,"key":"Dream Catcher"},{"floor":30.0,"key":"Art of War"},{"floor":36,"key":"Incense Burner"},{"floor":41,"key":"Snack Pack"},{"floor":43,"key":"Gremlin Horn"},{"floor":44,"key":"Bronze Scales"},{"floor":45,"key":"ReplayTheSpireMod:Ring of Exchange"},{"floor":45,"key":"Ring of Fangs"},{"floor":47,"key":"Pantograph"},{"floor":54,"key":"Replay:Mystery Machine"}],"event_choices":[{"damage_healed":0.0,"max_hp_gain":5.0,"max_hp_loss":0.0,"gold_gain":0.0,"event_name":"Big Fish","player_choice":"Donut","floor":13.0,"gold_loss":0.0,"damage_taken":0.0},{"damage_healed":0.0,"max_hp_gain":0.0,"max_hp_loss":0.0,"gold_gain":0.0,"event_name":"Upgrade Shrine","player_choice":"Upgraded","floor":22.0,"gold_loss":0.0,"damage_taken":0.0,"cards_upgraded":["TwoHundredYojanaInOneSlash"]}],"is_beta":false,"boss_relics":[{"not_picked":["construct:WeddingRing","Coffee Dripper"],"picked":"Honey Jar"},{"not_picked":["hubris:BlackHole","Velvet Choker"],"picked":"Replay:Ancient Bell"},{"not_picked":["PreservedInsect","Anchor"],"picked":"Replay:Wax Seal"},{"not_picked":["hubris:BottledRain","hubris:DisguiseKit"],"picked":"The Courier"},{"not_picked":["Dead Branch","Pocketwatch"],"picked":"Replay:PocketPolymizer"}],"items_purged_floors":[12,21,42,53],"is_endless":false,"potions_floor_spawned":[8,11,16,19,20,29,30,33,44,47],"ascension_level":0}}