{"host":"dm4yvegl9um2tlqd","time":1612350988,"event":{"mods":["2.2 Compatiblity","AchievementEnabler","BaseMod","Colored Map","DeckTracker","Highlight Path","KOR Keyword Fix","Keyboard Shortcuts","Minty Spire (QoL Compilation)","Permanent Neow","Quick Restart","Random Character Button","StSLib","SuperFastMode","everything is the same but u backflip on backflip"],"gold_per_floor":[118,137,156,171,346,378,378,400,451,462,475,475,475,475],"floor_reached":13,"language":"KOR","playtime":390,"items_purged":[],"score":131,"play_id":"088004a2-2dff-4e4d-a122-92150d27d95a","local_time":"20210203201628","is_ascension_mode":true,"campfire_choices":[{"data":"Body Slam","floor":12,"key":"SMITH"}],"circlet_count":0,"master_deck":["AscendersBane","Strike_R","Strike_R+1","Strike_R","Strike_R+1","Strike_R","Defend_R","Defend_R","Defend_R","Defend_R","Bash","Body Slam+1","Shrug It Off","Perfected Strike","Doubt","Brutality","Wild Strike","Evolve"],"relics":["Burning Blood","Charon\u0027s Ashes","The Courier","Odd Mushroom","Strawberry"],"acts_visited":["Exordium"],"potions_floor_usage":[8,11,13],"damage_taken":[{"damage":6.0,"enemies":"Cultist","floor":1.0,"turns":4.0},{"damage":5.0,"enemies":"2 Louse","floor":2.0,"turns":3.0},{"damage":10.0,"enemies":"Small Slimes","floor":3.0,"turns":4.0},{"damage":1.0,"enemies":"Looter","floor":4.0,"turns":4.0},{"damage":38.0,"enemies":"Gremlin Nob","floor":6.0,"turns":5.0},{"damage":24,"enemies":"The Mushroom Lair","floor":8,"turns":5},{"damage":6,"enemies":"2 Fungi Beasts","floor":10,"turns":4},{"damage":0,"enemies":"Large Slime","floor":11,"turns":4},{"damage":21,"enemies":"Lagavulin","floor":13,"turns":7}],"seed_played":"4652786073772246176","potions_obtained":[{"floor":3.0,"key":"Fire Potion"},{"floor":6.0,"key":"AttackPotion"},{"floor":10,"key":"Energy Potion"}],"is_trial":false,"path_per_floor":["M","M","M","M","?","E","?","?","T","M","M","R","E"],"character_chosen":"IRONCLAD","items_purchased":[],"campfire_rested":0,"item_purchase_floors":[],"current_hp_per_floor":[72,72,68,72,72,40,26,8,15,15,21,21,0,0],"gold":475,"neow_bonus":"ONE_RARE_RELIC","is_daily":false,"chose_seed":false,"campfire_upgraded":1,"win_rate":0.0,"timestamp":1612350988,"path_taken":["M","M","M","?","?","E","?","?","T","M","M","R","E"],"items_purchased_type":[],"build_version":"2020-12-22","purchased_purges":0,"victory":false,"max_hp_per_floor":[72,72,72,72,72,72,72,72,79,79,79,79,79,79],"card_choices":[{"not_picked":["Thunderclap","Iron Wave","Clothesline"],"picked":"SKIP","floor":1.0},{"not_picked":["Headbutt","Twin Strike"],"picked":"Body Slam","floor":2.0},{"not_picked":["Flex","Pummel"],"picked":"Shrug It Off","floor":3.0},{"not_picked":["Anger","Clash"],"picked":"Perfected Strike","floor":4.0},{"not_picked":["Thunderclap","Armaments"],"picked":"Brutality","floor":6.0},{"not_picked":["Sword Boomerang","Headbutt"],"picked":"Wild Strike","floor":8},{"not_picked":["Headbutt","Metallicize"],"picked":"Evolve","floor":10},{"not_picked":["Anger","Combust","Evolve"],"picked":"SKIP","floor":11}],"player_experience":104280,"relics_obtained":[{"floor":6.0,"key":"The Courier"},{"floor":8,"key":"Odd Mushroom"},{"floor":9,"key":"Strawberry"}],"event_choices":[{"damage_healed":0.0,"max_hp_gain":0.0,"max_hp_loss":0.0,"gold_gain":175.0,"event_name":"Liars Game","player_choice":"AGREE","floor":5.0,"gold_loss":0.0,"damage_taken":0.0,"cards_obtained":["Doubt"]},{"damage_healed":0,"gold_gain":0,"player_choice":"Entered Light","damage_taken":14,"max_hp_gain":0,"max_hp_loss":0,"event_name":"Shining Light","floor":7,"gold_loss":0,"cards_upgraded":["Strike_R","Strike_R"]},{"damage_healed":0,"gold_gain":0,"player_choice":"Fought Mushrooms","damage_taken":0,"max_hp_gain":0,"max_hp_loss":0,"event_name":"Mushrooms","floor":8,"gold_loss":0}],"is_beta":false,"boss_relics":[],"items_purged_floors":[],"is_endless":false,"potions_floor_spawned":[3,6,10],"killed_by":"Lagavulin","ascension_level":10}}