{"host":"f0gpob8hq9vgebej","time":1612370972,"event":{"mods":["AchievementEnabler","BaseMod","Minty Spire (QoL Compilation)","Quick Restart","SuperFastMode"],"gold_per_floor":[113,113,188,113,137,178,178,194,194,237,237,237,237],"floor_reached":12,"language":"KOR","playtime":206,"items_purged":[],"score":205,"play_id":"0c619a56-4b30-45bc-bfea-4b063e2b496b","local_time":"20210204014932","is_ascension_mode":true,"campfire_choices":[{"data":"Sword Boomerang","floor":7,"key":"SMITH"},{"data":"Rampage","floor":11,"key":"SMITH"}],"circlet_count":0,"master_deck":["AscendersBane","Strike_R","Strike_R","Strike_R","Strike_R","Defend_R","Defend_R","Defend_R","Defend_R","Bash","Evolve","Pommel Strike","Sword Boomerang+1","Reaper","Rampage+1"],"relics":["Burning Blood","NeowsBlessing","Golden Idol","Turnip","Question Card","Frozen Egg 2"],"acts_visited":["Exordium"],"potions_floor_usage":[10,10],"damage_taken":[{"damage":0,"enemies":"2 Louse","floor":1,"turns":1},{"damage":0,"enemies":"Small Slimes","floor":5,"turns":2},{"damage":0,"enemies":"Lagavulin","floor":6,"turns":2},{"damage":9,"enemies":"Jaw Worm","floor":8,"turns":4},{"damage":32,"enemies":"3 Sentries","floor":10,"turns":7},{"damage":30,"enemies":"Lagavulin","floor":12,"turns":5}],"seed_played":"6676266978758710809","potions_obtained":[{"floor":1,"key":"Strength Potion"},{"floor":6,"key":"GamblersBrew"},{"floor":8,"key":"BlessingOfTheForge"}],"is_trial":false,"path_per_floor":["M","?","?","?","M","E","R","M","T","E","R","E"],"character_chosen":"IRONCLAD","items_purchased":[],"campfire_rested":0,"item_purchase_floors":[],"current_hp_per_floor":[74,48,37,37,43,49,49,46,46,38,38,8,8],"gold":237,"neow_bonus":"THREE_ENEMY_KILL","is_daily":false,"chose_seed":false,"campfire_upgraded":2,"win_rate":0.0,"timestamp":1612370972,"path_taken":["M","?","?","?","M","E","R","M","T","E","R","E"],"items_purchased_type":[],"build_version":"2020-12-22","purchased_purges":0,"victory":false,"max_hp_per_floor":[75,75,75,75,75,75,75,75,75,75,75,75,75],"card_choices":[{"not_picked":["Headbutt","Infernal Blade"],"picked":"Evolve","floor":1},{"not_picked":["Metallicize","Warcry"],"picked":"Pommel Strike","floor":5},{"not_picked":["Intimidate","Iron Wave"],"picked":"Sword Boomerang","floor":6},{"not_picked":["Rupture","Wild Strike"],"picked":"Reaper","floor":8},{"not_picked":["Anger","Sever Soul","Evolve+1"],"picked":"Rampage","floor":10}],"player_experience":375617,"relics_obtained":[{"floor":6,"key":"Turnip"},{"floor":9,"key":"Question Card"},{"floor":10,"key":"Frozen Egg 2"}],"event_choices":[{"damage_healed":0,"gold_gain":0,"player_choice":"Take Damage","damage_taken":26,"relics_obtained":["Golden Idol"],"max_hp_gain":0,"max_hp_loss":0,"event_name":"Golden Idol","floor":2,"gold_loss":0},{"damage_healed":0,"gold_gain":75,"player_choice":"Gather Gold","damage_taken":11,"max_hp_gain":0,"max_hp_loss":0,"event_name":"World of Goop","floor":3,"gold_loss":0},{"cards_removed":["Strike_R"],"damage_healed":0,"gold_gain":0,"player_choice":"Card Removal","damage_taken":0,"max_hp_gain":0,"max_hp_loss":0,"event_name":"The Cleric","floor":4,"gold_loss":75}],"is_beta":false,"boss_relics":[],"items_purged_floors":[],"is_endless":false,"potions_floor_spawned":[1,6,8],"killed_by":"Lagavulin","ascension_level":17}}