{"host":"mdjg9uv47r2q55hg","time":1612329582,"event":{"mods":["BaseMod","Minty Spire (QoL Compilation)","Quick Restart","StSLib"],"gold_per_floor":[113,113,133,58,58,58,75,109,109,126,126,91,104,118,118,217,217,234,234,333,346,361,361,390,404,404,226,226,226],"floor_reached":28,"language":"ENG","playtime":1437,"items_purged":["Strike_P","Defend_P"],"score":264,"play_id":"64f9d66f-0f88-49c8-9c2f-6bdcb766e7ea","local_time":"20210202221942","is_ascension_mode":true,"campfire_choices":[{"data":"SashWhip","floor":6.0,"key":"SMITH"},{"data":"WindmillStrike","floor":15.0,"key":"SMITH"},{"floor":23,"key":"REST"}],"circlet_count":0,"master_deck":["Strike_P+1","Strike_P+1","Defend_P","Defend_P","Defend_P","Eruption+1","Vigilance","FollowUp+1","SashWhip+1","EmptyFist","Conclude+1","Weave+1","MentalFortress","ThirdEye","WindmillStrike+1","LessonLearned","JustLucky+1","FearNoEvil"],"relics":["PureWater","NeowsBlessing","Gambling Chip","Pantograph","Busted Crown","Enchiridion","Boot","Kunai"],"acts_visited":["Exordium","TheCity"],"potions_floor_usage":[21,22,22],"damage_taken":[{"damage":0.0,"enemies":"Jaw Worm","floor":1.0,"turns":1.0},{"damage":0.0,"enemies":"Small Slimes","floor":3.0,"turns":1.0},{"damage":0.0,"enemies":"2 Louse","floor":7.0,"turns":1.0},{"damage":9.0,"enemies":"3 Sentries","floor":8.0,"turns":7.0},{"damage":5.0,"enemies":"Large Slime","floor":10.0,"turns":2.0},{"damage":0.0,"enemies":"Looter","floor":13.0,"turns":2.0},{"damage":0.0,"enemies":"Red Slaver","floor":14.0,"turns":2.0},{"damage":34.0,"enemies":"The Guardian","floor":16.0,"turns":5.0},{"damage":9.0,"enemies":"Spheric Guardian","floor":18.0,"turns":4.0},{"damage":0,"enemies":"Shell Parasite","floor":21,"turns":3},{"damage":10,"enemies":"Sentry and Sphere","floor":22,"turns":4},{"damage":35,"enemies":"Gremlin Leader","floor":24,"turns":7},{"damage":18,"enemies":"Snecko","floor":25,"turns":5},{"damage":16,"enemies":"Snake Plant","floor":28,"turns":2}],"seed_played":"-6673370171935355750","potions_obtained":[{"floor":7.0,"key":"PowerPotion"},{"floor":8.0,"key":"LiquidMemories"},{"floor":13.0,"key":"LiquidBronze"},{"floor":18.0,"key":"Swift Potion"},{"floor":21,"key":"LiquidBronze"}],"is_trial":false,"path_per_floor":["M","?","M","$","?","R","M","E","T","M","?","$","M","M","R","B",null,"M","?","?","M","M","R","E","M","T","$","M"],"character_chosen":"WATCHER","items_purchased":["MentalFortress","FearNoEvil"],"campfire_rested":1,"item_purchase_floors":[12,27],"current_hp_per_floor":[72,65,65,65,70,70,70,61,61,56,41,41,41,41,41,32,77,68,52,52,52,42,65,30,12,12,12,0,0],"gold":226,"neow_bonus":"THREE_ENEMY_KILL","is_daily":false,"chose_seed":false,"campfire_upgraded":2,"win_rate":0.0,"timestamp":1612329582,"path_taken":["M","?","M","$","?","R","M","E","T","M","?","$","M","M","R","BOSS","M","?","?","M","M","R","E","M","T","$","M"],"items_purchased_type":["Card","Card"],"build_version":"2020-12-22","purchased_purges":2,"victory":false,"max_hp_per_floor":[72,72,72,72,77,77,77,77,77,77,77,77,77,77,77,77,77,77,77,77,77,77,77,77,77,77,77,77,77],"card_choices":[{"not_picked":["BowlingBash","Indignation"],"picked":"FollowUp","floor":1.0},{"not_picked":["EmptyMind","MentalFortress"],"picked":"SashWhip","floor":3.0},{"not_picked":["SignatureMove","Perseverance"],"picked":"EmptyFist","floor":7.0},{"not_picked":["Wallop","ClearTheMind"],"picked":"Conclude","floor":8.0},{"not_picked":["SashWhip","ReachHeaven"],"picked":"Weave","floor":10.0},{"not_picked":["Conclude","Nirvana"],"picked":"ThirdEye","floor":13.0},{"not_picked":["Consecrate","Fasting2"],"picked":"WindmillStrike","floor":14.0},{"not_picked":["Ragnarok","Vault"],"picked":"LessonLearned","floor":16.0},{"not_picked":["SashWhip"],"picked":"SKIP","floor":18.0},{"not_picked":["ThirdEye"],"picked":"SKIP","floor":21},{"not_picked":[],"picked":"JustLucky+1","floor":22},{"not_picked":["JustLucky"],"picked":"SKIP","floor":24},{"not_picked":["ClearTheMind"],"picked":"SKIP","floor":25}],"player_experience":230176,"relics_obtained":[{"floor":8.0,"key":"Gambling Chip"},{"floor":9.0,"key":"Pantograph"},{"floor":19.0,"key":"Enchiridion"},{"floor":24,"key":"Boot"},{"floor":26,"key":"Kunai"}],"event_choices":[{"cards_removed":["Strike_P"],"damage_healed":0.0,"max_hp_gain":0.0,"max_hp_loss":0.0,"gold_gain":0.0,"event_name":"Golden Wing","player_choice":"Card Removal","floor":2.0,"gold_loss":0.0,"damage_taken":7.0},{"damage_healed":0.0,"max_hp_gain":5.0,"max_hp_loss":0.0,"gold_gain":0.0,"event_name":"Big Fish","player_choice":"Donut","floor":5.0,"gold_loss":0.0,"damage_taken":0.0},{"damage_healed":0.0,"max_hp_gain":0.0,"max_hp_loss":0.0,"gold_gain":0.0,"event_name":"Shining Light","player_choice":"Entered Light","floor":11.0,"gold_loss":0.0,"damage_taken":15.0,"cards_upgraded":["Eruption","Weave"]},{"damage_healed":0.0,"max_hp_gain":0.0,"max_hp_loss":0.0,"gold_gain":0.0,"event_name":"Cursed Tome","player_choice":"Obtained Book","floor":19.0,"gold_loss":0.0,"damage_taken":16.0},{"damage_healed":0.0,"max_hp_gain":0.0,"max_hp_loss":0.0,"gold_gain":99.0,"event_name":"Nest","player_choice":"Stole From Cult","floor":20.0,"gold_loss":0.0,"damage_taken":0.0}],"is_beta":false,"boss_relics":[{"not_picked":["Runic Pyramid","Empty Cage"],"picked":"Busted Crown"}],"items_purged_floors":[4,27],"is_endless":false,"potions_floor_spawned":[7,8,13,18,21],"killed_by":"Snake Plant","ascension_level":2}}