{"host":"5w7hw1ne5h7avrl9","time":1612325698,"event":{"mods":["AchievementEnabler","BaseMod","Colored Map","Colored Powertips","Displayed Cursed Tome","Googly Eyes","Minty Spire (QoL Compilation)","SuperFastMode"],"gold_per_floor":[115,115,128,144,20,20,40,40,40,76,76,91,127,145,145,268,268,258,258,258,18,28,28,54,54,80,9,26,26,26],"floor_reached":29,"language":"ENG","playtime":2216,"items_purged":["Pain"],"score":266,"play_id":"5c62ef3a-c45b-4626-880f-4e66652e5f63","local_time":"20210202201458","is_ascension_mode":true,"campfire_choices":[{"data":"Flex","floor":6,"key":"SMITH"},{"data":"Rupture","floor":11,"key":"SMITH"},{"data":"Metallicize","floor":15,"key":"SMITH"},{"data":"Demon Form","floor":23,"key":"SMITH"},{"data":"Discovery","floor":25,"key":"SMITH"}],"circlet_count":0,"master_deck":["Strike_R","Strike_R","Strike_R","Strike_R","Strike_R","Defend_R","Defend_R","Defend_R","Defend_R","Bash","Flex+1","Evolve","Rupture+1","Metallicize","Discovery","Inflame","Headbutt","Shrug It Off","Feed","Metallicize+1","Demon Form+1","Spot Weakness","Discovery+1","Bloodletting+1","Whirlwind+1","Metallicize"],"relics":["Burning Blood","FossilizedHelix","Bloody Idol","WarpedTongs","Calipers","Champion Belt","Happy Flower","SacredBark","Enchiridion","Tiny Chest","Bag of Preparation"],"acts_visited":["Exordium","TheCity"],"potions_floor_usage":[10,10,12,12,14,16,24,29],"damage_taken":[{"damage":6,"enemies":"2 Louse","floor":1,"turns":3},{"damage":0,"enemies":"Cultist","floor":3,"turns":3},{"damage":2,"enemies":"Jaw Worm","floor":4,"turns":3},{"damage":0,"enemies":"Exordium Wildlife","floor":7,"turns":4},{"damage":16,"enemies":"3 Sentries","floor":10,"turns":5},{"damage":0,"enemies":"Lots of Slimes","floor":12,"turns":3},{"damage":20,"enemies":"Lagavulin","floor":13,"turns":7},{"damage":8,"enemies":"Looter","floor":14,"turns":3},{"damage":13,"enemies":"Hexaghost","floor":16,"turns":8},{"damage":19,"enemies":"2 Thieves","floor":18,"turns":4},{"damage":0,"enemies":"Chosen","floor":22,"turns":7},{"damage":36,"enemies":"Book of Stabbing","floor":24,"turns":8},{"damage":2,"enemies":"Centurion and Healer","floor":28,"turns":3},{"damage":52,"enemies":"Slavers","floor":29,"turns":4}],"seed_played":"8265576013223476882","potions_obtained":[{"floor":1,"key":"PowerPotion"},{"floor":3,"key":"EntropicBrew"},{"floor":4,"key":"PowerPotion"},{"floor":14,"key":"Swift Potion"},{"floor":22,"key":"Swift Potion"},{"floor":24,"key":"Block Potion"}],"is_trial":false,"path_per_floor":["M","?","M","M","$","R","M","?","T","E","R","M","E","M","R","B",null,"M","?","?","$","M","R","E","R","T","$","M","E"],"character_chosen":"IRONCLAD","items_purchased":["Metallicize","Discovery","Spot Weakness","Discovery","Metallicize"],"campfire_rested":0,"item_purchase_floors":[5,5,21,21,27],"current_hp_per_floor":[56,36,42,46,46,46,52,52,52,42,42,48,34,32,32,25,80,67,51,51,51,62,62,37,37,42,42,51,0,0],"gold":26,"neow_bonus":"ONE_RARE_RELIC","is_daily":false,"chose_seed":false,"campfire_upgraded":5,"win_rate":0.0,"timestamp":1612325698,"path_taken":["M","?","M","M","$","R","M","?","T","E","R","?","E","M","R","BOSS","M","?","?","$","M","R","E","R","T","?","M","E"],"items_purchased_type":["Card","Card","Card","Card","Card"],"build_version":"2020-12-22","purchased_purges":1,"victory":false,"max_hp_per_floor":[80,80,80,80,80,80,80,80,80,80,80,80,80,80,80,80,80,80,80,80,80,80,80,80,80,80,80,80,80,80],"card_choices":[{"not_picked":["Blood for Blood","Sword Boomerang"],"picked":"Flex","floor":1},{"not_picked":["Body Slam","True Grit"],"picked":"Evolve","floor":3},{"not_picked":["Flex","Metallicize"],"picked":"Rupture","floor":4},{"not_picked":["Body Slam","Rupture"],"picked":"Inflame","floor":7},{"not_picked":["Second Wind","Body Slam"],"picked":"Headbutt","floor":10},{"not_picked":["Shockwave","Body Slam"],"picked":"Shrug It Off","floor":12},{"not_picked":["Wild Strike","Thunderclap"],"picked":"Feed","floor":13},{"not_picked":["Warcry","Sever Soul"],"picked":"Metallicize","floor":14},{"not_picked":["Reaper","Immolate"],"picked":"Demon Form","floor":16},{"not_picked":["Pommel Strike","Headbutt","Seeing Red"],"picked":"SKIP","floor":18},{"not_picked":["Perfected Strike","Entrench+1"],"picked":"Bloodletting+1","floor":22},{"not_picked":["Second Wind","Exhume"],"picked":"Whirlwind+1","floor":24},{"not_picked":["Entrench+1","Clash+1","Uppercut"],"picked":"SKIP","floor":28}],"player_experience":156314,"relics_obtained":[{"floor":9,"key":"Calipers"},{"floor":10,"key":"Champion Belt"},{"floor":13,"key":"Happy Flower"},{"floor":24,"key":"Tiny Chest"},{"floor":26,"key":"Bag of Preparation"}],"event_choices":[{"damage_healed":0,"gold_gain":0,"player_choice":"Take Damage","damage_taken":20,"relics_obtained":["Golden Idol"],"max_hp_gain":0,"max_hp_loss":0,"event_name":"Golden Idol","floor":2,"gold_loss":0},{"damage_healed":0,"gold_gain":0,"player_choice":"Rummage","damage_taken":0,"relics_obtained":["WarpedTongs"],"max_hp_gain":0,"max_hp_loss":0,"event_name":"Accursed Blacksmith","floor":8,"gold_loss":0,"cards_obtained":["Pain"]},{"damage_healed":0,"gold_gain":0,"player_choice":"Obtained Book","damage_taken":16,"max_hp_gain":0,"max_hp_loss":0,"event_name":"Cursed Tome","floor":19,"gold_loss":0},{"damage_healed":0,"gold_gain":0,"player_choice":"Gave Idol","damage_taken":0,"relics_obtained":["Bloody Idol"],"max_hp_gain":0,"max_hp_loss":0,"event_name":"Forgotten Altar","floor":20,"relics_lost":["Golden Idol"],"gold_loss":0}],"is_beta":false,"boss_relics":[{"not_picked":["Calling Bell","Runic Dome"],"picked":"SacredBark"}],"items_purged_floors":[21],"is_endless":false,"potions_floor_spawned":[1,3,4,14,22,24],"killed_by":"Slavers","ascension_level":1}}