{"host":"ugys05tpep779cl6","time":1612346836,"event":{"mods":["AchievementEnabler","Aspiration","BaseMod","Beaked The Cultist","CatGirl Mod","Colored Powertips","HololiveMod","Lobotomy","Minty Spire (QoL Compilation)","Quick Restart","Replay The Spire","Spicy Shops","StSLib","The Druid"],"gold_per_floor":[80,96,96,96,114,143,143,174,174,184,174,187,204,224,224,322,322,342,342,357,58,77,103,115,115,115],"floor_reached":25,"language":"ENG","playtime":1847,"items_purged":[],"score":361,"play_id":"8d5674ed-28c9-4d23-8a93-3d0e8a387766","local_time":"20210203110716","is_ascension_mode":true,"campfire_choices":[{"data":"Hololive_CallTokinoSora","floor":7.0,"key":"SMITH"},{"data":"Hololive_CallTsunomakiWatame","floor":15.0,"key":"SMITH"}],"circlet_count":0,"master_deck":["Hololive_Strike+1","Hololive_Strike","Hololive_Defend","Hololive_Defend","Hololive_Yoholoon","Hololive_CallTsunomakiWatame+1","Hololive_CallShirakamiFubuki","Hololive_CallAyundaRisu","Hololive_CallRosalyn+1","Hololive_CallOzoraSubaru+1","Hololive_CallAkaiHaato","Hololive_CallTokinoSora+1","Hololive_CallHoshimachiSuisei","Hololive_CallOmaruPolka+1","Hololive_CallNatsuiroMatsuri","Hololive_CallShiroganeNoel","Hololive_CallCivia","Hololive_CallShiranuiFlare","Hololive_IdolExercise","Hololive_CallNakiriAyame","Hololive_CallShiroganeNoel+1","Hololive_CallAmaneKanata","Hololive_CallManoAloe","Hololive_CallYuzukiChoco+1","Hololive_CallMomosuzuNene"],"relics":["Hololive_TheStar","aspiration:Nostalgia","Burning Blood","Kunai","Eternal Feather","FossilizedHelix","Happy Flower","Durian"],"acts_visited":["Exordium","TheCity"],"potions_floor_usage":[25],"damage_taken":[{"damage":0.0,"enemies":"Jaw Worm","floor":1.0,"turns":4.0},{"damage":0.0,"enemies":"Small Slimes","floor":2.0,"turns":3.0},{"damage":0.0,"enemies":"Cultist","floor":5.0,"turns":3.0},{"damage":0.0,"enemies":"Gremlin Nob","floor":6.0,"turns":5.0},{"damage":0.0,"enemies":"Lagavulin","floor":8.0,"turns":4.0},{"damage":6.0,"enemies":"Exordium Wildlife","floor":10.0,"turns":4.0},{"damage":19.0,"enemies":"Exordium Thugs","floor":11.0,"turns":4.0},{"damage":5.0,"enemies":"Blue Slaver","floor":12.0,"turns":3.0},{"damage":4.0,"enemies":"2 Fungi Beasts","floor":13.0,"turns":3.0},{"damage":0.0,"enemies":"Lots of Slimes","floor":14.0,"turns":4.0},{"damage":4.0,"enemies":"Fading Forest","floor":16.0,"turns":11.0},{"damage":11.0,"enemies":"3 Byrds","floor":18.0,"turns":6.0},{"damage":0.0,"enemies":"Spheric Guardian","floor":20.0,"turns":6.0},{"damage":17.0,"enemies":"3 Cultists","floor":22.0,"turns":6.0},{"damage":5,"enemies":"Replay:Snechameleon","floor":23,"turns":7},{"damage":0,"enemies":"Snake Plant","floor":24,"turns":4},{"damage":40,"enemies":"Slavers","floor":25,"turns":4}],"seed_played":"-8599541383334873675","potions_obtained":[{"floor":6.0,"key":"Explosive Potion"},{"floor":8.0,"key":"Elixir"},{"floor":16.0,"key":"LiquidMemories"},{"floor":24,"key":"Dexterity Potion"}],"is_trial":false,"path_per_floor":["M","M","?","?","M","E","R","E","T","M","M","M","M","M","R","B",null,"M","?","M","$","M","E","M","E"],"character_chosen":"Hololive_HololiveCharacter","items_purchased":["Hololive_CallAmaneKanata","FossilizedHelix","Happy Flower"],"campfire_rested":0,"item_purchase_floors":[21,21,21],"current_hp_per_floor":[35,35,35,28,34,35,35,35,35,35,22,23,25,31,35,35,35,30,30,35,35,24,30,36,0,0],"gold":115,"neow_bonus":"NOSTALGIA","is_daily":false,"chose_seed":false,"campfire_upgraded":2,"win_rate":0.0,"timestamp":1612346836,"path_taken":["M","M","?","?","M","E","R","E","T","M","M","M","M","M","R","BOSS","M","?","M","$","M","E","M","E"],"items_purchased_type":["Card","Relic","Relic"],"build_version":"2020-12-22","purchased_purges":0,"victory":false,"max_hp_per_floor":[35,35,35,35,35,35,35,35,35,35,35,35,35,35,35,35,35,35,35,35,35,35,40,40,40,40],"card_choices":[{"not_picked":["Hololive_RevenueBasedLive","Hololive_LuckPotion","Hololive_CallShirakamiFubuki","Hololive_Psychosis"],"picked":"SKIP","floor":1.0},{"not_picked":["Hololive_Trident","Hololive_FlyingPonyTail","Hololive_HuntDinosaur"],"picked":"Hololive_CallAkaiHaato","floor":2.0},{"not_picked":["Hololive_CallTsunomakiWatame","Hololive_LuckPotion","Hololive_FlyingPonyTail"],"picked":"Hololive_CallTokinoSora","floor":5.0},{"not_picked":["Hololive_CallTsunomakiWatame","Hololive_Rebound","Hololive_CallTokinoSora","Hololive_Drill"],"picked":"SKIP","floor":6.0},{"not_picked":["Hololive_Yoholoon","Hololive_CallInugamiKorone","Hololive_ManjiGathering"],"picked":"Hololive_CallHoshimachiSuisei","floor":8.0},{"not_picked":["Hololive_Sequa","Hololive_HuntDinosaur","Hololive_CallShirakamiFubuki"],"picked":"Hololive_CallOmaruPolka","floor":10.0},{"not_picked":["Hololive_CallAkaiHaato","Hololive_Breathe","Hololive_StarCraft"],"picked":"Hololive_CallNatsuiroMatsuri","floor":11.0},{"not_picked":["Hololive_CallTokoyamiTowa","Hololive_CocoNews","Hololive_HuntDinosaur"],"picked":"Hololive_CallShiroganeNoel","floor":12.0},{"not_picked":["Hololive_Psychosis","Hololive_Trident","Hololive_Breathe"],"picked":"Hololive_CallCivia","floor":13.0},{"not_picked":["Hololive_OvertimeWork","Hololive_CallManoAloe","Hololive_Trident"],"picked":"Hololive_CallShiranuiFlare","floor":14.0},{"not_picked":["Hololive_HighAtkLowDef","Hololive_AWSL","Hololive_StarCraft"],"picked":"Hololive_IdolExercise","floor":16.0},{"not_picked":["Hololive_CallYozoraMel","Hololive_FlyingPonyTail","Hololive_Breathe"],"picked":"Hololive_CallNakiriAyame","floor":18.0},{"not_picked":["Hololive_LuckPotion+1","Hololive_Rebound","Hololive_HuntDinosaur"],"picked":"Hololive_CallShiroganeNoel+1","floor":20.0},{"not_picked":["Hololive_Breathe+1","Hololive_Spy+1","Hololive_StrengthChampion"],"picked":"Hololive_CallManoAloe","floor":22.0},{"not_picked":["Hololive_ASMR","Hololive_CallShirakamiFubuki","Hololive_CallTsunomakiWatame"],"picked":"Hololive_CallYuzukiChoco+1","floor":23},{"not_picked":["Hololive_CallTokinoSora+1","Hololive_CallOzoraSubaru","Hololive_LuckPotion+1"],"picked":"Hololive_CallMomosuzuNene","floor":24}],"player_experience":1190442,"relics_obtained":[{"floor":6.0,"key":"Kunai"},{"floor":8.0,"key":"Eternal Feather"},{"floor":23,"key":"Durian"}],"event_choices":[{"damage_healed":0.0,"max_hp_gain":0.0,"max_hp_loss":0.0,"gold_gain":0.0,"event_name":"Shining Light","player_choice":"Entered Light","floor":4.0,"gold_loss":0.0,"damage_taken":7.0,"cards_upgraded":["Hololive_CallRosalyn","Hololive_Strike"]},{"damage_healed":0.0,"max_hp_gain":0.0,"max_hp_loss":0.0,"gold_gain":0.0,"event_name":"Accursed Blacksmith","player_choice":"Forge","floor":19.0,"gold_loss":0.0,"damage_taken":0.0,"cards_upgraded":["Hololive_CallOmaruPolka"]}],"is_beta":false,"boss_relics":[{"not_picked":["ChewingGum","Replay:Drink Me","Cursed Key"]}],"items_purged_floors":[],"is_endless":false,"potions_floor_spawned":[6,8,16,24],"killed_by":"Slavers","ascension_level":5}}