{"host":"7tvb1em0d2fx72q7","time":1612331818,"event":{"mods":["BaseMod","Challenge The Spire","Minty Spire (QoL Compilation)","StSLib","everything is the same but u backflip on backflip"],"gold_per_floor":[109,109,34,47,64,64,90,90,90,109,140,155,70,85,85,85,85],"floor_reached":16,"language":"ENG","playtime":695,"items_purged":[],"score":224,"play_id":"de0c32a5-4906-4d4f-9f8a-5b0d17ecf4b7","local_time":"20210203005658","is_ascension_mode":true,"campfire_choices":[{"data":"Bash","floor":6.0,"key":"SMITH"},{"data":"Sword Boomerang","floor":8,"key":"SMITH"},{"data":"Heavy Blade","floor":15,"key":"SMITH"}],"circlet_count":0,"master_deck":["AscendersBane","Strike_R","Strike_R","Strike_R","Strike_R","Strike_R","Defend_R","Defend_R","Defend_R","Defend_R","Bash+1","Cleave","Sword Boomerang+1","Ghostly Armor","Twin Strike","Pommel Strike","Pommel Strike","Inflame+1","Evolve+1","Heavy Blade+1"],"relics":["Burning Blood","Du-Vu Doll","Mummified Hand","Omamori","Frozen Egg 2","Magic Flower"],"acts_visited":["Exordium"],"potions_floor_usage":[11],"damage_taken":[{"damage":1.0,"enemies":"Cultist","floor":1.0,"turns":3.0},{"damage":11.0,"enemies":"Small Slimes","floor":4.0,"turns":4.0},{"damage":4.0,"enemies":"Jaw Worm","floor":5.0,"turns":3.0},{"damage":35.0,"enemies":"3 Sentries","floor":7.0,"turns":9.0},{"damage":2,"enemies":"Looter","floor":10,"turns":4},{"damage":8,"enemies":"Gremlin Nob","floor":11,"turns":3},{"damage":0,"enemies":"Large Slime","floor":12,"turns":2},{"damage":7,"enemies":"Exordium Wildlife","floor":14,"turns":2},{"damage":43,"enemies":"Hexaghost","floor":16,"turns":7}],"seed_played":"-5532582769523398849","potions_obtained":[{"floor":5.0,"key":"DuplicationPotion"},{"floor":7,"key":"SmokeBomb"},{"floor":10,"key":"SpeedPotion"}],"is_trial":false,"path_per_floor":["M","?","?","M","M","R","E","R","T","M","E","M","$","M","R","B"],"character_chosen":"IRONCLAD","items_purchased":["Evolve+1"],"campfire_rested":0,"item_purchase_floors":[13],"current_hp_per_floor":[73,62,62,57,59,59,30,30,30,34,32,41,41,43,43,0,0],"gold":85,"neow_bonus":"ONE_RARE_RELIC","is_daily":false,"chose_seed":false,"campfire_upgraded":3,"win_rate":0.0,"timestamp":1612331818,"path_taken":["M","?","?","M","M","R","E","R","T","M","E","M","$","M","R","BOSS"],"items_purchased_type":["Card"],"build_version":"2020-12-22","purchased_purges":0,"victory":false,"max_hp_per_floor":[75,75,75,75,75,75,75,75,75,75,75,75,75,75,75,75,75],"card_choices":[{"not_picked":["True Grit","Thunderclap"],"picked":"Cleave","floor":1.0},{"not_picked":["Uppercut","Combust"],"picked":"Sword Boomerang","floor":4.0},{"not_picked":["Reckless Charge","Clash"],"picked":"Ghostly Armor","floor":5.0},{"not_picked":["Dark Embrace","Bloodletting"],"picked":"Twin Strike","floor":7},{"not_picked":["Perfected Strike","Thunderclap"],"picked":"Pommel Strike","floor":10},{"not_picked":["Havoc","Headbutt"],"picked":"Pommel Strike","floor":11},{"not_picked":["Rupture+1","Iron Wave"],"picked":"Inflame+1","floor":12},{"not_picked":["Armaments","Flex"],"picked":"Heavy Blade","floor":14}],"player_experience":2011811,"relics_obtained":[{"floor":7,"key":"Omamori"},{"floor":9,"key":"Frozen Egg 2"},{"floor":11,"key":"Magic Flower"}],"event_choices":[{"damage_healed":0.0,"max_hp_gain":0.0,"max_hp_loss":0.0,"gold_gain":0.0,"event_name":"Scrap Ooze","player_choice":"Success","floor":2.0,"gold_loss":0.0,"damage_taken":11.0,"relics_obtained":["Mummified Hand"]},{"cards_removed":["Doubt"],"damage_healed":0.0,"max_hp_gain":0.0,"max_hp_loss":0.0,"gold_gain":0.0,"event_name":"The Cleric","player_choice":"Card Removal","floor":3.0,"gold_loss":75.0,"damage_taken":0.0}],"is_beta":false,"boss_relics":[],"items_purged_floors":[],"is_endless":false,"potions_floor_spawned":[5,7,10],"killed_by":"Hexaghost","ascension_level":20}}