{"host":"f0gpob8hq9vgebej","time":1612372777,"event":{"mods":["AchievementEnabler","BaseMod","Minty Spire (QoL Compilation)","Quick Restart","SuperFastMode"],"gold_per_floor":[115,135,115,131,150,150,181,48,48,79,79,91,91,111,111,111,111],"floor_reached":16,"language":"KOR","playtime":314,"items_purged":["Strike_R"],"score":207,"play_id":"6b5f0e6d-c643-48ff-9c8d-1502974686aa","local_time":"20210204021937","is_ascension_mode":true,"campfire_choices":[{"data":"Perfected Strike","floor":6.0,"key":"SMITH"},{"data":"Perfected Strike","floor":11.0,"key":"SMITH"},{"data":"Bash","floor":13.0,"key":"SMITH"},{"data":"Burning Pact","floor":15.0,"key":"SMITH"}],"circlet_count":0,"master_deck":["AscendersBane","Strike_R","Strike_R","Strike_R","Defend_R","Defend_R","Defend_R","Bash+1","Perfected Strike+1","Wild Strike","Power Through","Perfected Strike+1","Impervious","Burning Pact+1"],"relics":["Burning Blood","Dream Catcher","Boot","InkBottle"],"acts_visited":["Exordium"],"potions_floor_usage":[],"damage_taken":[{"damage":4.0,"enemies":"Small Slimes","floor":1.0,"turns":4.0},{"damage":2.0,"enemies":"Cultist","floor":2.0,"turns":4.0},{"damage":7.0,"enemies":"Jaw Worm","floor":4.0,"turns":2.0},{"damage":0.0,"enemies":"3 Louse","floor":5.0,"turns":3.0},{"damage":25.0,"enemies":"3 Sentries","floor":7.0,"turns":8.0},{"damage":35.0,"enemies":"Lagavulin","floor":10.0,"turns":4.0},{"damage":0.0,"enemies":"Large Slime","floor":12.0,"turns":5.0},{"damage":2.0,"enemies":"Gremlin Gang","floor":14.0,"turns":4.0},{"damage":18,"enemies":"Hexaghost","floor":16,"turns":9}],"seed_played":"9216441443296176241","potions_obtained":[{"floor":2.0,"key":"SpeedPotion"},{"floor":3.0,"key":"Dexterity Potion"},{"floor":7.0,"key":"BlessingOfTheForge"},{"floor":12.0,"key":"DistilledChaos"}],"is_trial":false,"path_per_floor":["M","M","?","M","M","R","E","$","T","E","R","M","R","M","R","B"],"character_chosen":"IRONCLAD","items_purchased":["Perfected Strike"],"campfire_rested":0,"item_purchase_floors":[8],"current_hp_per_floor":[52,56,56,55,61,61,42,42,42,13,13,19,19,23,23,5,5],"gold":111,"neow_bonus":"REMOVE_TWO","is_daily":false,"chose_seed":false,"campfire_upgraded":4,"win_rate":0.0,"timestamp":1612372777,"path_taken":["M","M","?","M","?","R","E","$","T","E","R","M","R","M","R","BOSS"],"items_purchased_type":["Card"],"build_version":"2020-12-22","purchased_purges":1,"victory":false,"max_hp_per_floor":[75,75,75,75,75,75,75,75,75,75,75,75,75,75,75,75,75],"card_choices":[{"not_picked":["Burning Pact","Uppercut"],"picked":"Perfected Strike","floor":1.0},{"not_picked":["Clothesline","True Grit"],"picked":"Wild Strike","floor":2.0},{"not_picked":["Entrench","Cleave"],"picked":"Power Through","floor":4.0},{"not_picked":["Armaments","Sword Boomerang","Havoc"],"picked":"SKIP","floor":5.0},{"not_picked":["Havoc","Sword Boomerang","Wild Strike"],"picked":"SKIP","floor":7.0},{"not_picked":["Pommel Strike","Bloodletting"],"picked":"Impervious","floor":10.0},{"not_picked":["Body Slam","Carnage","Armaments"],"picked":"SKIP","floor":12.0},{"not_picked":["Heavy Blade","Anger"],"picked":"Burning Pact","floor":14.0}],"player_experience":375617,"relics_obtained":[{"floor":7.0,"key":"Dream Catcher"},{"floor":9.0,"key":"Boot"},{"floor":10.0,"key":"InkBottle"}],"event_choices":[{"damage_healed":0.0,"max_hp_gain":0.0,"max_hp_loss":0.0,"gold_gain":0.0,"event_name":"The Woman in Blue","player_choice":"Bought 1 Potion","floor":3.0,"gold_loss":0.0,"damage_taken":0.0}],"is_beta":false,"boss_relics":[],"items_purged_floors":[8],"is_endless":false,"potions_floor_spawned":[2,7,12],"killed_by":"Hexaghost","ascension_level":17}}