{"host":"xm0tf1maiknh0fp9","time":1612332319,"event":{"mods":["BaseMod","Colored Map","Colored Powertips","Googly Eyes","Minty Spire (QoL Compilation)","Replay The Spire","StSLib"],"gold_per_floor":[118,118,118,43,4,4,4,23,23,23,198,42,42,56,56,154,154,168,93,126,146,46,79,114,167,238,238,257,108,141,156,156,259,259,269,144,163,163,182,182,235,235,235,261,261,295,45,74,74,74],"floor_reached":51,"language":"ENG","playtime":1103,"items_purged":["Languid","Strike_P","Strike_P","Strike_P"],"score":1046,"play_id":"e4a6b6c7-0d7e-4cd3-96d3-7af47eab900b","local_time":"20210203010519","is_ascension_mode":true,"campfire_choices":[{"floor":6.0,"key":"REST"},{"data":"Ragnarok","floor":7.0,"key":"SMITH"},{"floor":10.0,"key":"REST"},{"data":"Eruption","floor":15.0,"key":"SMITH"},{"data":"Vigilance","floor":27.0,"key":"SMITH"},{"floor":32.0,"key":"REST"},{"floor":49.0,"key":"REST"}],"circlet_count":0,"master_deck":["Strike_P","Defend_P+1","Defend_P+1","Defend_P+1","Eruption+1","Vigilance+1","Ragnarok+1","FlurryOfBlows+1","Fasting2+1","Evaluate+1"],"relics":["PureWater","Ring of Searing","ReplayTheSpireMod:Ring of Addiction","Potion Belt","Chameleon Ring","WingedGreaves","Iron Hammer","Akabeko","Velvet Choker","Red Mask","Replay:Baseball","Damaru","PreservedInsect","Mummified Hand","HandDrill","Happy Flower","SacredBark","Bird Faced Urn","Orichalcum","Replay:Bottled Eggs","CeramicFish"],"acts_visited":["Exordium","TheCity","TheBeyond"],"potions_floor_usage":[50,50,50,50,50],"damage_taken":[{"damage":0.0,"enemies":"Jaw Worm","floor":1.0,"turns":3.0},{"damage":5.0,"enemies":"2 Louse","floor":8.0,"turns":2.0},{"damage":0.0,"enemies":"Small Slimes","floor":14.0,"turns":1.0},{"damage":5.0,"enemies":"Slime Boss","floor":16.0,"turns":2.0},{"damage":5.0,"enemies":"Shell Parasite","floor":18.0,"turns":2.0},{"damage":0.0,"enemies":"Masked Bandits","floor":20.0,"turns":1.0},{"damage":5.0,"enemies":"3 Byrds","floor":21.0,"turns":2.0},{"damage":9.0,"enemies":"Replay:Snechameleon","floor":23.0,"turns":2.0},{"damage":5.0,"enemies":"Gremlin Leader","floor":24.0,"turns":2.0},{"damage":6.0,"enemies":"Snake Plant","floor":28.0,"turns":2.0},{"damage":2.0,"enemies":"Book of Stabbing","floor":30.0,"turns":2.0},{"damage":0.0,"enemies":"Sentry and Sphere","floor":31.0,"turns":2.0},{"damage":26.0,"enemies":"Collector","floor":33.0,"turns":3.0},{"damage":0.0,"enemies":"Orb Walker","floor":35.0,"turns":1.0},{"damage":5.0,"enemies":"3 Darklings","floor":37.0,"turns":2.0},{"damage":16.0,"enemies":"Writhing Mass","floor":39.0,"turns":2.0},{"damage":0.0,"enemies":"2 Orb Walkers","floor":41.0,"turns":1.0},{"damage":13.0,"enemies":"R_Hoarder","floor":44.0,"turns":6.0},{"damage":14.0,"enemies":"Nemesis","floor":46.0,"turns":5.0},{"damage":9.0,"enemies":"Maw","floor":48.0,"turns":4.0},{"damage":19,"enemies":"Time Eater","floor":50,"turns":7}],"seed_played":"5615726396303413616","potions_obtained":[{"floor":1.0,"key":"Strength Potion"},{"floor":2.0,"key":"LiquidMemories"},{"floor":2.0,"key":"Adrenaline Potion"},{"floor":2.0,"key":"EntropicBrew"},{"floor":8.0,"key":"CultistPotion"},{"floor":21.0,"key":"StancePotion"},{"floor":28.0,"key":"Block Potion"},{"floor":40.0,"key":"Energy Potion"},{"floor":40.0,"key":"AttackPotion"},{"floor":41.0,"key":"AttackPotion"},{"floor":42.0,"key":"Ancient Potion"},{"floor":42.0,"key":"BlessingOfTheForge"},{"floor":45.0,"key":"BlessingOfTheForge"},{"floor":45.0,"key":"Dexterity Potion"},{"floor":46.0,"key":"Weak Potion"},{"floor":48.0,"key":"Venom Potion"}],"is_trial":false,"path_per_floor":["M","?","?","$","?","R","R","M","T","R","?","$","?","M","R","B",null,"M","?","?","M","$","E","E","T","T","R","M","$","E","M","R","B",null,"M","$","M","?","M","R","?","R","T","E","R","E","$","M","R","B",null],"character_chosen":"WATCHER","items_purchased":["Akabeko","HandDrill","Strength Potion","Swift Potion"],"campfire_rested":4,"item_purchase_floors":[12,29,47,47],"current_hp_per_floor":[51,51,33,33,33,54,54,49,49,68,68,68,68,66,66,61,66,61,61,61,56,56,47,42,42,42,42,36,36,34,34,52,26,62,62,62,55,55,39,39,39,39,39,36,36,24,24,17,34,17],"gold":74,"neow_bonus":"THREE_RARE_CARDS","is_daily":false,"chose_seed":false,"campfire_upgraded":3,"win_rate":0.0,"timestamp":1612332319,"path_taken":["M","?","?","$","?","R","R","M","T","R","?","$","?","M","R","BOSS","M","?","?","M","$","E","E","?","T","R","M","$","E","?","R","BOSS","M","$","M","?","?","R","?","R","T","E","R","E","$","M","R","BOSS"],"items_purchased_type":["Relic","Relic","Potion","Potion"],"build_version":"2020-12-22","purchased_purges":4,"victory":true,"max_hp_per_floor":[72,72,72,72,72,70,70,70,70,68,68,68,68,66,66,66,66,66,66,66,66,66,66,66,66,66,64,64,64,62,62,62,62,62,62,62,60,60,60,58,58,58,58,58,58,58,58,58,58,58],"card_choices":[{"not_picked":["LessonLearned","SpiritShield"],"picked":"Ragnarok","floor":0.0},{"not_picked":["CrushJoints","WindmillStrike","SashWhip"],"picked":"SKIP","floor":1.0},{"not_picked":["Study","WheelKick","InnerPeace"],"picked":"SKIP","floor":8.0},{"not_picked":["LikeWater","JustLucky","Replay:ManipulateFuture"],"picked":"SKIP","floor":14.0},{"not_picked":["Wallop","Replay:ManipulateFuture"],"picked":"Fasting2+1","floor":18.0},{"not_picked":["SandsOfTime","Sanctity+1","Replay:Cycle"],"picked":"SKIP","floor":21.0},{"not_picked":["Weave","DeceiveReality+1","MentalFortress"],"picked":"SKIP","floor":23.0},{"not_picked":["Wireheading","Wallop","InnerPeace"],"picked":"SKIP","floor":24.0},{"not_picked":["Prostrate+1","Replay:BluntJabs","JustLucky"],"picked":"SKIP","floor":28.0},{"not_picked":["MentalFortress","DeceiveReality","WaveOfTheHand"],"picked":"SKIP","floor":30.0},{"not_picked":["Meditate","BowlingBash+1","Indignation"],"picked":"SKIP","floor":31.0},{"not_picked":["Tantrum","Pray","Crescendo"],"picked":"SKIP","floor":35.0},{"not_picked":["Replay:Vibes","Evaluate","BowlingBash"],"picked":"SKIP","floor":37.0},{"not_picked":["Meditate","Swivel+1","InnerPeace+1"],"picked":"SKIP","floor":39.0},{"not_picked":["Pray","Meditate+1","Replay:BluntJabs"],"picked":"SKIP","floor":44.0},{"not_picked":["Consecrate+1","Study+1","Swivel"],"picked":"SKIP","floor":46.0},{"not_picked":["ForeignInfluence","ClearTheMind+1"],"picked":"Evaluate+1","floor":48.0}],"player_experience":169190,"relics_obtained":[{"floor":2.0,"key":"Ring of Searing"},{"floor":2.0,"key":"ReplayTheSpireMod:Ring of Addiction"},{"floor":2.0,"key":"Potion Belt"},{"floor":2.0,"key":"Chameleon Ring"},{"floor":9.0,"key":"Iron Hammer"},{"floor":20.0,"key":"Red Mask"},{"floor":23.0,"key":"Replay:Baseball"},{"floor":24.0,"key":"Damaru"},{"floor":25.0,"key":"PreservedInsect"},{"floor":26.0,"key":"Mummified Hand"},{"floor":30.0,"key":"Happy Flower"},{"floor":41.0,"key":"Bird Faced Urn"},{"floor":43.0,"key":"Orichalcum"},{"floor":44.0,"key":"Replay:Bottled Eggs"},{"floor":46.0,"key":"CeramicFish"}],"event_choices":[{"damage_healed":0.0,"max_hp_gain":0.0,"max_hp_loss":0.0,"gold_gain":0.0,"event_name":"Scrap Ooze","player_choice":"Success","floor":3.0,"gold_loss":0.0,"damage_taken":18.0,"relics_obtained":["WingedGreaves"]},{"damage_healed":0.0,"max_hp_gain":0.0,"max_hp_loss":0.0,"gold_gain":0.0,"event_name":"World of Goop","player_choice":"Left Gold","floor":5.0,"gold_loss":39.0,"damage_taken":0.0},{"damage_healed":0.0,"max_hp_gain":0.0,"max_hp_loss":0.0,"gold_gain":175.0,"event_name":"Liars Game","player_choice":"AGREE","floor":11.0,"gold_loss":0.0,"damage_taken":0.0,"cards_obtained":["Doubt"]},{"cards_removed":["Doubt"],"damage_healed":0.0,"max_hp_gain":0.0,"max_hp_loss":0.0,"gold_gain":0.0,"event_name":"Beggar","player_choice":"Gave Gold","floor":19.0,"gold_loss":75.0,"damage_taken":0.0},{"damage_healed":0.0,"max_hp_gain":0.0,"max_hp_loss":0.0,"gold_gain":0.0,"event_name":"Masked Bandits","player_choice":"Fought Bandits","floor":20.0,"gold_loss":0.0,"damage_taken":0.0},{"damage_healed":0.0,"max_hp_gain":0.0,"max_hp_loss":0.0,"gold_gain":0.0,"event_name":"Accursed Blacksmith","player_choice":"Forge","floor":38.0,"gold_loss":0.0,"damage_taken":0.0,"cards_upgraded":["Defend_P"]},{"damage_healed":0.0,"max_hp_gain":0.0,"max_hp_loss":0.0,"gold_gain":0.0,"event_name":"Mysterious Sphere","player_choice":"Fight","floor":41.0,"gold_loss":0.0,"damage_taken":0.0}],"is_beta":false,"boss_relics":[{"not_picked":["Philosopher\u0027s Stone","Ectoplasm"],"picked":"Velvet Choker"},{"not_picked":["Replay:Bronze Core","Painkiller Herb"],"picked":"SacredBark"}],"items_purged_floors":[4,22,36,47],"is_endless":false,"potions_floor_spawned":[1,8,20,21,28,41,46,48],"ascension_level":4}}