{"host":"wpxe4vcm7d9hc2g8","time":1612326876,"event":{"mods":["2.2 Compatiblity","Act Like it!","Aspiration","BaseMod","Better Match","Better Note","Better Sensory Stone","Better Third Choice","Better Vampires","Conspire","Custom Start","Energized Spire","GifTheSpireLib","Gremlin Mod","Hallownest","Hermit","Hubris","Infinite Spire","JesterMod","Koishi","Magitek Elite","Minty Spire (QoL Compilation)","Pale of the Ancients","Permanent Neow","Railgun Mod","Replay The Spire","Shade Mod","Shop Mod","Spicy Shops","StSLib","Stuff the Spire","Td1madao Mod","The Bug Knight","The Jungle","The Runesmith","The Servant 0.9.4","The Wild Card","TheFirefly","TheVacant","Wandering Minibosses"],"gold_per_floor":[15,15,26,26,36,36,47,47,73,119,151,238,264,301,313,425,437,462,263,281,293,306,338,338,371,396,396,396,396,406,406,406,504,504,520,520,532,258,258,258,278,278,278,312,312,340,355,67,67,67,67,67,15,44,44],"floor_reached":56,"language":"ENG","playtime":4002,"items_purged":["Vigilance","Eruption","conspire:GhostlyStrike","Hallownest:curseDreamersLament","Underhanded Strike","Storm of Steel"],"score":1644,"play_id":"c040d6f7-1486-49e5-ba4b-3bcb8fd4f8fd","local_time":"20210202223436","is_ascension_mode":true,"campfire_choices":[{"data":"Blizzard_P","floor":6.0,"key":"SMITH"},{"data":"Replay:Battleflow","floor":8.0,"key":"SMITH"},{"data":"PathToVictory","floor":15.0,"key":"SMITH"},{"data":"Prostrate","floor":24.0,"key":"SMITH"},{"data":"conspire:GhostlyDefend","floor":28.0,"key":"SMITH"},{"floor":32.0,"key":"DIG"},{"data":"StuffTheSpire:WarGroove","floor":40,"key":"SMITH"},{"data":"conspire:GhostlyDefend","floor":42,"key":"SMITH"},{"floor":45,"key":"RECALL"},{"floor":49,"key":"REST"},{"floor":52,"key":"REST"}],"circlet_count":1,"master_deck":["Blizzard_P+2","conspire:GhostlyDefend+1","conspire:GhostlyDefend+1","PathToVictory+1","Replay:Battleflow+1","PathToVictory+1","Prostrate+1","StuffTheSpire:WarGroove+1","ReplayTheSpireMod:Speed Training"],"relics":["PureWater","InkBottle","Gem_Box","Blue Doll","Akabeko","infinitespire:Cupcake","Hallownest:BeastSealRelic","MerchantsRug","Omamori","Circlet","Anchor"],"acts_visited":["Exordium","TheCity","Hallownest:KingdomsEdge","TheEnding"],"potions_floor_usage":[50,54,55,55],"damage_taken":[{"damage":0.0,"enemies":"Cultist","floor":1.0,"turns":3.0},{"damage":1.0,"enemies":"Jaw Worm","floor":3.0,"turns":5.0},{"damage":3.0,"enemies":"Small Slimes","floor":5.0,"turns":3.0},{"damage":0.0,"enemies":"Gremlin Gang","floor":7.0,"turns":1.0},{"damage":6.0,"enemies":"Lagavulin","floor":10.0,"turns":6.0},{"damage":4.0,"enemies":"3 Louse","floor":11.0,"turns":2.0},{"damage":1.0,"enemies":"Exordium Wildlife","floor":13.0,"turns":3.0},{"damage":10.0,"enemies":"Gremlin Nob","floor":14.0,"turns":3.0},{"damage":8.0,"enemies":"Fading Forest","floor":16.0,"turns":11.0},{"damage":2.0,"enemies":"2 Thieves","floor":18.0,"turns":5.0},{"damage":0.0,"enemies":"conspire:FuzzyDice","floor":20.0,"turns":2.0},{"damage":0.0,"enemies":"Snake Plant","floor":21.0,"turns":2.0},{"damage":0.0,"enemies":"Shelled Parasite and Fungi","floor":22.0,"turns":3.0},{"damage":0.0,"enemies":"conspire:Head Lice","floor":23.0,"turns":3.0},{"damage":0.0,"enemies":"Book of Stabbing","floor":25.0,"turns":3.0},{"damage":0.0,"enemies":"Centurion and Healer","floor":30.0,"turns":2.0},{"damage":0.0,"enemies":"Champ","floor":33.0,"turns":3.0},{"damage":0,"enemies":"Hallownest:3_Siblings","floor":35,"turns":1},{"damage":0,"enemies":"Hallownest:2_Littles","floor":37,"turns":1},{"damage":0,"enemies":"Hallownest:Xero_Hu_Marmu","floor":41,"turns":1},{"damage":0,"enemies":"Hallownest:eliteCollector","floor":44,"turns":4},{"damage":0,"enemies":"Hallownest:eliteHiveKnight","floor":46,"turns":3},{"damage":3,"enemies":"Hallownest:2_Great","floor":47,"turns":2},{"damage":0,"enemies":"Hallownest:Radiance","floor":50,"turns":1},{"damage":0,"enemies":"Shield and Spear","floor":54,"turns":1},{"damage":58,"enemies":"The Heart","floor":55,"turns":5}],"seed_played":"620913862227440083","potions_obtained":[{"floor":3.0,"key":"StancePotion"},{"floor":14.0,"key":"Elixir"},{"floor":20.0,"key":"EssenceOfSteel"},{"floor":21.0,"key":"PowerPotion"},{"floor":22.0,"key":"BlessingOfTheForge"},{"floor":30.0,"key":"Ancient Potion"},{"floor":41,"key":"Energy Potion"}],"is_trial":false,"path_per_floor":["M","?","M","?","M","R","M","R","T","E","M","?","M","E","R","B",null,"M","$","M","M","M","E","R","E","T","?","R","AVR","M","?","R","B",null,"M","?","M","$","?","R","M","R","T","E","R","E","M","$","R","B",null,"R","$","E","B",null],"character_chosen":"WATCHER","items_purchased":["Prostrate","MerchantsRug","Omamori","Swift Potion"],"campfire_rested":2,"item_purchase_floors":[19,38,38,53],"current_hp_per_floor":[72,72,71,71,68,68,68,68,68,62,58,51,50,40,40,40,72,70,70,70,70,70,80,80,80,80,64,64,64,64,44,44,44,82,82,82,82,82,82,82,82,82,82,82,82,82,79,79,82,82,82,82,82,82,24],"gold":44,"neow_bonus":"REMOVE_TWO","is_daily":false,"chose_seed":false,"campfire_upgraded":7,"win_rate":0.0,"timestamp":1612326876,"path_taken":["M","?","M","?","M","R","M","R","T","E","M","?","?","E","R","BOSS","M","$","M","M","?","E","R","E","T","?","R","AVR","M","?","R","BOSS","M","?","M","$","?","R","?","R","T","E","R","E","M","?","R","BOSS","R","$","E","BOSS"],"items_purchased_type":["Card","Relic","Relic","Potion"],"build_version":"2020-12-22","purchased_purges":6,"victory":true,"max_hp_per_floor":[72,72,72,72,72,72,72,72,72,72,72,72,72,72,72,72,72,72,72,72,72,72,82,82,82,82,82,82,82,82,82,82,82,82,82,82,82,82,82,82,82,82,82,82,82,82,82,82,82,82,82,82,82,82,82],"card_choices":[{"not_picked":["EmptyFist","Pray","Consecrate"],"picked":"SKIP","floor":1.0},{"not_picked":["JustLucky","ReachHeaven"],"picked":"PathToVictory","floor":3.0},{"not_picked":["Nirvana","ClearTheMind"],"picked":"Replay:Battleflow","floor":5.0},{"not_picked":["Evaluate","CrushJoints","ClearTheMind"],"picked":"SKIP","floor":7.0},{"not_picked":["JustLucky","Sanctity","FearNoEvil"],"picked":"SKIP","floor":10.0},{"not_picked":["BowlingBash","ThirdEye","Meditate"],"picked":"SKIP","floor":11.0},{"not_picked":["Replay:Anticipation","BowlingBash","FlyingSleeves"],"picked":"SKIP","floor":13.0},{"not_picked":["Replay:Hum","FlurryOfBlows","Replay:AtTheReady"],"picked":"SKIP","floor":14.0},{"not_picked":["InnerPeace+1","Replay:AtTheReady"],"picked":"PathToVictory+1","floor":18.0},{"not_picked":["Perseverance","CutThroughFate","Prostrate"],"picked":"SKIP","floor":20.0},{"not_picked":["FlurryOfBlows","Pray","Prostrate"],"picked":"SKIP","floor":21.0},{"not_picked":["LikeWater","Wallop","Replay:Hum"],"picked":"SKIP","floor":22.0},{"not_picked":["SandsOfTime","Perseverance","Wallop+1"],"picked":"SKIP","floor":23.0},{"not_picked":["BattleHymn+1","SpiritShield","EmptyBody"],"picked":"SKIP","floor":25.0},{"not_picked":["Replay:ManipulateFuture","PathToVictory","Evaluate+1"],"picked":"SKIP","floor":30.0},{"not_picked":["PathToVictory","Worship","Sanctity"],"picked":"SKIP","floor":35},{"not_picked":["FlurryOfBlows","Replay:AtTheReady+1","Tantrum"],"picked":"SKIP","floor":37},{"not_picked":["BattleHymn+1","Replay:AtTheReady","Protect+1"],"picked":"SKIP","floor":41},{"not_picked":["CarveReality","EmptyMind+1","FlyingSleeves"],"picked":"SKIP","floor":44},{"not_picked":["Consecrate","DeceiveReality","Evaluate"],"picked":"SKIP","floor":46},{"not_picked":["Replay:BluntJabs+1","FollowUp+1","Replay:AllIn"],"picked":"SKIP","floor":47},{"not_picked":["Evaluate+1","Replay:Cycle","Crescendo+1"],"picked":"SKIP","floor":54}],"player_experience":2806883,"relics_obtained":[{"floor":9.0,"key":"MawBank"},{"floor":10.0,"key":"InkBottle"},{"floor":14.0,"key":"Mirror"},{"floor":23.0,"key":"Pear"},{"floor":25.0,"key":"Blue Doll"},{"floor":26.0,"key":"Akabeko"},{"floor":32.0,"key":"Bronze Scales"},{"floor":44,"key":"Circlet"},{"floor":46,"key":"infinitespire:Beetle Shell"},{"floor":54,"key":"Anchor"}],"event_choices":[{"damage_healed":0.0,"max_hp_gain":0.0,"max_hp_loss":0.0,"gold_gain":0.0,"event_name":"conspire:LoneGhost","player_choice":"Agree","floor":4.0,"gold_loss":0.0,"damage_taken":0.0},{"damage_healed":0.0,"max_hp_gain":0.0,"max_hp_loss":0.0,"gold_gain":75.0,"event_name":"FaceTrader","player_choice":"Touch","floor":12.0,"gold_loss":0.0,"damage_taken":7.0},{"damage_healed":0.0,"max_hp_gain":0.0,"max_hp_loss":0.0,"gold_gain":0.0,"event_name":"Cursed Tome","player_choice":"Obtained Book","floor":27.0,"gold_loss":0.0,"damage_taken":16.0}],"is_beta":false,"boss_relics":[{"not_picked":["aspiration:RitualDagger","Velvet Choker"],"picked":"Gem_Box"},{"not_picked":["hubris:CrackedHourglass","Replay:Bronze Core"],"picked":"infinitespire:Cupcake"}],"items_purged_floors":[19,19,29,38,48,48],"is_endless":false,"potions_floor_spawned":[3,14,20,21,22,30,41,46,47],"ascension_level":3}}