{"host":"8ggbd7pl88epzona","time":1612319124,"event":{"mods":["Astrologer","Bard","BaseMod","Clawfect","Colored Map","Colored Powertips","Conspire","DeckTracker","Downfall","Hubris","Infinite Spire","Minty Spire (QoL Compilation)","Quick Restart","Replay The Spire","StSLib","The Bladedancer","The Cursed","The Disciple","The Druid","The Gatherer","The Runesmith","The Spell Scribe"],"gold_per_floor":[114,129,144,144,144,144,182,182,182,201,220,220,249,287,287,412,412,431,431,431,431,450,450,450,488,488,507,526,526,20,20,20,145,145,173,203,235,235,269,269,269,269],"floor_reached":40,"language":"ENG","playtime":12509,"items_purged":["hexamod:EmpoweredFlame"],"score":591,"play_id":"b74740d0-141b-4460-b8b9-febe362886a1","local_time":"20210202182524","daily_mods":["SealedDeck","Colorless Cards","Lethality"],"is_ascension_mode":false,"campfire_choices":[{"floor":6.0,"key":"REST"},{"floor":8.0,"key":"REST"},{"floor":15,"key":"REST"},{"floor":24,"key":"REST"},{"floor":29,"key":"REST"},{"data":"hexamod:ExtraCrispy","floor":32,"key":"SMITH"}],"circlet_count":0,"master_deck":["hexamod:PhantomFireball","hexamod:DynamicBlow","hexamod:SoulSteal","hexamod:SkipABeat","hexamod:FastForward","hexamod:FastForward","hexamod:InspiringFlames","hexamod:EmpoweredFlame","hexamod:InspiringFlames","hexamod:EmpoweredFlame","Violence","hexamod:FirstSeal","hexamod:FourthSeal","hexamod:BurningTouch","Discovery","Replay:Bootleg Shield Generator","hexamod:TimeOfNeed","hexamod:RecurringNightmare","hexamod:ForkedFlame","hexamod:SwordOfDarkness+1","ReplayTheSpireMod:Private Reserves","hexamod:SpectralAdrenaline","hexamod:ExtraCrispy","hexamod:ExtraCrispy+1","Panacea","hexamod:NightmareGuise","hexamod:UnleashSpirits","hexamod:VolcanoVisage","Dark Shackles+1","Dramatic Entrance","hexamod:GhostShield","hexamod:RecurringNightmare+1","infinitespire:UltimateForm","Dramatic Entrance+1"],"relics":["hexamod:SpiritBrand","Golden Idol","infinitespire:BottledMercury","Garlic","hubris:BundleOfHerbs","Shovel","Busted Crown","Enchiridion","Mango","hexamod:BolsterEngine","Prayer Wheel","BargainBundle","Letter Opener","Philosopher\u0027s Stone","infinitespire:EvilPickle"],"acts_visited":["Exordium","TheCity","TheBeyond"],"potions_floor_usage":[16,16,16,22,25,27,28,32,39,39,39,40],"damage_taken":[{"damage":3.0,"enemies":"infinitespire:Voidling","floor":1.0,"turns":4.0},{"damage":0.0,"enemies":"conspire:RoseBush","floor":2.0,"turns":2.0},{"damage":6.0,"enemies":"Small Slimes","floor":3.0,"turns":4.0},{"damage":54.0,"enemies":"Gremlin Nob","floor":7.0,"turns":5.0},{"damage":10.0,"enemies":"Blue Slaver","floor":10.0,"turns":3.0},{"damage":0.0,"enemies":"Exordium Thugs","floor":11.0,"turns":2.0},{"damage":26.0,"enemies":"conspire:MimicChest","floor":13.0,"turns":6.0},{"damage":18.0,"enemies":"Lagavulin","floor":14.0,"turns":5.0},{"damage":19,"enemies":"Slime Boss","floor":16,"turns":6},{"damage":25,"enemies":"Shell Parasite","floor":18,"turns":5},{"damage":13,"enemies":"3 Byrds","floor":22,"turns":4},{"damage":27,"enemies":"conspire:Head Lice","floor":25,"turns":5},{"damage":15,"enemies":"conspire:HollyBat","floor":27,"turns":5},{"damage":2,"enemies":"Cultist and Chosen","floor":28,"turns":3},{"damage":58,"enemies":"Pondfish","floor":33,"turns":10},{"damage":2,"enemies":"Orb Walker","floor":35,"turns":3},{"damage":13,"enemies":"3 Shapes","floor":36,"turns":3},{"damage":27,"enemies":"Sphere and 2 Shapes","floor":37,"turns":5},{"damage":3,"enemies":"3 Darklings","floor":39,"turns":3},{"damage":84,"enemies":"Nightmare","floor":40,"turns":6}],"seed_played":"-9070903199233054170","potions_obtained":[{"floor":1.0,"key":"Ancient Potion"},{"floor":7.0,"key":"Doom Potion"},{"floor":10.0,"key":"Regen Potion"},{"floor":11.0,"key":"BlessingOfTheForge"},{"floor":13.0,"key":"hexamod:SoulburnPotion"},{"floor":22,"key":"SpeedPotion"},{"floor":22,"key":"Weak Potion"},{"floor":25,"key":"conspire:TimeTravelPotion"},{"floor":27,"key":"Adrenaline Potion"},{"floor":28,"key":"Regen Potion"},{"floor":33,"key":"EntropicBrew"},{"floor":39,"key":"Death Potion"}],"is_trial":false,"path_per_floor":["M","M","M","?","?","R","E","R","T","M","M","?","?","E","R","B",null,"M","?","?","?","M","T","R","E","T","M","M","R","$","?","R_BF","B",null,"M","M","M","AVR","M","NM"],"character_chosen":"THE_SPIRIT","items_purchased":["BargainBundle","hexamod:ExtraCrispy","Fruit Juice","Letter Opener","Panacea","hexamod:NightmareGuise","hexamod:UnleashSpirits"],"campfire_rested":5,"item_purchase_floors":[30,30,30,30,30,30,30],"current_hp_per_floor":[67,67,61,44,37,58,11,32,32,22,22,22,18,25,46,33,70,52,36,36,36,30,44,69,55,55,62,60,84,84,84,89,31,89,89,76,61,61,80,0,0,0],"gold":269,"neow_bonus":"","is_daily":true,"chose_seed":false,"campfire_upgraded":1,"win_rate":0.0,"timestamp":1612319124,"path_taken":["M","M","?","?","?","R","E","R","T","M","M","?","?","E","R","BOSS","M","?","?","?","?","?","R","E","T","M","M","R","$","?","R_BF","BOSS","M","M","M","AVR","M","NM"],"items_purchased_type":["Relic","Card","Potion","Relic","Card","Card","Card"],"build_version":"2020-12-22","purchased_purges":1,"victory":false,"max_hp_per_floor":[70,70,70,70,70,70,70,70,70,70,70,70,70,70,70,70,70,70,70,70,70,70,84,84,84,84,84,84,84,84,84,89,89,89,89,89,89,89,89,89,89,89],"card_choices":[{"not_picked":["hexamod:NightmareGuise","hexamod:HeatMetal","hexamod:SwordOfDarkness"],"picked":"SKIP","floor":1.0},{"not_picked":["hexamod:NightmareGuise","hexamod:Firestarter"],"picked":"hexamod:EmpoweredFlame","floor":2.0},{"not_picked":["hexamod:HauntingEcho","hexamod:SwordOfDarkness"],"picked":"Violence","floor":3.0},{"not_picked":["hexamod:SuperheatedStrike","hexamod:GhostLash"],"picked":"hexamod:BurningTouch","floor":7.0},{"not_picked":["hexamod:SuperheatedStrike","hexamod:Incineration"],"picked":"Discovery","floor":10.0},{"not_picked":["hexamod:HeatMetal","hexamod:GhostLash"],"picked":"Replay:Bootleg Shield Generator","floor":11.0},{"not_picked":["hexamod:BurningTouch","Replay:BasicMightCard"],"picked":"hexamod:TimeOfNeed","floor":13.0},{"not_picked":["hexamod:HeatCrush","hexamod:BacktrackSmack"],"picked":"hexamod:RecurringNightmare","floor":14},{"not_picked":["HandOfGreed","Mayhem"],"picked":"hexamod:ForkedFlame","floor":16},{"not_picked":["hexamod:InspiringFlames"],"picked":"SKIP","floor":18},{"not_picked":["hexamod:FastForward"],"picked":"SKIP","floor":22},{"not_picked":[],"picked":"hexamod:SwordOfDarkness+1","floor":25},{"not_picked":[],"picked":"ReplayTheSpireMod:Private Reserves","floor":27},{"not_picked":[],"picked":"hexamod:SpectralAdrenaline","floor":27},{"not_picked":["hexamod:HauntingEcho"],"picked":"SKIP","floor":28},{"not_picked":["hexamod:SuperheatedStrike"],"picked":"SKIP","floor":28},{"not_picked":[],"picked":"hexamod:VolcanoVisage","floor":33},{"not_picked":[],"picked":"Dark Shackles+1","floor":35},{"not_picked":["hexamod:BacktrackSmack"],"picked":"SKIP","floor":35},{"not_picked":[],"picked":"Dramatic Entrance","floor":36},{"not_picked":[],"picked":"hexamod:GhostShield","floor":36},{"not_picked":[],"picked":"hexamod:RecurringNightmare+1","floor":37},{"not_picked":["hexamod:HeatCrush"],"picked":"SKIP","floor":37},{"not_picked":[],"picked":"Dramatic Entrance+1","floor":39},{"not_picked":["hexamod:RetreatToShadows"],"picked":"SKIP","floor":39}],"player_experience":1763898,"relics_obtained":[{"floor":7.0,"key":"infinitespire:BottledMercury"},{"floor":9.0,"key":"Garlic"},{"floor":13.0,"key":"hubris:BundleOfHerbs"},{"floor":14,"key":"Shovel"},{"floor":19,"key":"Enchiridion"},{"floor":23,"key":"Mango"},{"floor":25,"key":"hexamod:BolsterEngine"},{"floor":26,"key":"Prayer Wheel"}],"event_choices":[{"damage_healed":0.0,"max_hp_gain":0.0,"max_hp_loss":0.0,"gold_gain":0.0,"event_name":"Golden Idol","player_choice":"Take Damage","floor":4.0,"gold_loss":0.0,"damage_taken":17.0,"relics_obtained":["Golden Idol"]},{"damage_healed":0,"gold_gain":0,"player_choice":"Obtained Book","damage_taken":16,"max_hp_gain":0,"max_hp_loss":0,"event_name":"Cursed Tome","floor":19,"gold_loss":0},{"damage_healed":0,"gold_gain":0,"player_choice":"Ignored","damage_taken":0,"max_hp_gain":0,"max_hp_loss":0,"event_name":"Transmorgrifier","floor":31,"gold_loss":0}],"is_beta":false,"boss_relics":[{"not_picked":["Replay:Bronze Core","hubris:ScarierMask"],"picked":"Busted Crown"},{"not_picked":["ChewingGum","conspire:RoyalGoblet"],"picked":"Philosopher\u0027s Stone"}],"items_purged_floors":[30],"is_endless":false,"potions_floor_spawned":[1,10,13,16,22,27,28,33,35,36,39],"killed_by":"Nightmare","ascension_level":0}}