{"host":"l3qq6dhgi17n1wbp","time":1612372336,"event":{"mods":["BaseMod","Colored Map","Minty Spire (QoL Compilation)","SuperFastMode"],"gold_per_floor":[117,117,2,77,138,164,164,199,224,224,399,399,431,451,451,550,550,567,567,567,315,334,334,334,345,368,388,419,344,63,63,63,165,165,183,183,196,196,211,240,260,285,285,318,332,332,357,8,8,8],"floor_reached":51,"language":"KOR","playtime":1290,"items_purged":["Pain"],"score":1189,"play_id":"b999f3b1-999b-4569-8706-a945b77a2f92","local_time":"20210204021216","is_ascension_mode":true,"campfire_choices":[{"data":"Accuracy","floor":7,"key":"SMITH"},{"data":"Backstab","floor":10,"key":"SMITH"},{"data":"Neutralize","floor":12,"key":"SMITH"},{"data":"1","floor":15,"key":"LIFT"},{"data":"2","floor":24,"key":"LIFT"},{"data":"3","floor":32,"key":"LIFT"},{"floor":49,"key":"REST"}],"circlet_count":0,"master_deck":["Strike_G+1","Strike_G+1","Strike_G+1","Strike_G+1","Defend_G+1","Defend_G+1","Defend_G+1","Defend_G+1","Defend_G+1","Neutralize+1","Backstab+1","Accuracy+1","PiercingWail","Dagger Throw","Die Die Die","Infinite Blades","Prepared","Endless Agony+1","Blade Dance","Accuracy","Terror+1","Endless Agony+1","Accuracy","Flash of Steel","Reflex"],"relics":["Ring of the Snake","NeowsBlessing","WarpedTongs","Eternal Feather","Dead Branch","Pen Nib","Girya","Busted Crown","Spirit Poop","Ornamental Fan","Toy Ornithopter","Thread and Needle","Sling","Black Star","TungstenRod","Boot","Centennial Puzzle","Oddly Smooth Stone","Lantern","Ginger","Dream Catcher","Pantograph","HornCleat","HandDrill"],"acts_visited":["Exordium","TheCity","TheBeyond"],"potions_floor_usage":[23,23,28,28,28,33,33,33,33,47,50,50,50],"damage_taken":[{"damage":0,"enemies":"Small Slimes","floor":1,"turns":1},{"damage":0,"enemies":"3 Sentries","floor":6,"turns":1},{"damage":0,"enemies":"Lagavulin","floor":8,"turns":1},{"damage":15,"enemies":"Gremlin Nob","floor":13,"turns":4},{"damage":0,"enemies":"Cultist","floor":14,"turns":3},{"damage":55,"enemies":"The Guardian","floor":16,"turns":13},{"damage":0,"enemies":"Spheric Guardian","floor":18,"turns":2},{"damage":6,"enemies":"2 Thieves","floor":22,"turns":4},{"damage":0,"enemies":"Gremlin Leader","floor":23,"turns":4},{"damage":8,"enemies":"Chosen and Byrds","floor":25,"turns":3},{"damage":10,"enemies":"Centurion and Healer","floor":27,"turns":3},{"damage":11,"enemies":"Book of Stabbing","floor":28,"turns":4},{"damage":23,"enemies":"Collector","floor":33,"turns":3},{"damage":0,"enemies":"3 Shapes","floor":35,"turns":1},{"damage":0,"enemies":"Orb Walker","floor":37,"turns":2},{"damage":5,"enemies":"Sphere and 2 Shapes","floor":39,"turns":2},{"damage":0,"enemies":"Giant Head","floor":40,"turns":4},{"damage":0,"enemies":"Spire Growth","floor":41,"turns":2},{"damage":0,"enemies":"Reptomancer","floor":42,"turns":2},{"damage":4,"enemies":"Giant Head","floor":44,"turns":3},{"damage":8,"enemies":"3 Darklings","floor":45,"turns":3},{"damage":18,"enemies":"Nemesis","floor":47,"turns":3},{"damage":22,"enemies":"Awakened One","floor":50,"turns":5}],"seed_played":"1894490466470271783","potions_obtained":[{"floor":1,"key":"SmokeBomb"},{"floor":14,"key":"GamblersBrew"},{"floor":16,"key":"EntropicBrew"},{"floor":18,"key":"CultistPotion"},{"floor":27,"key":"Swift Potion"},{"floor":28,"key":"EntropicBrew"},{"floor":35,"key":"CunningPotion"},{"floor":38,"key":"CunningPotion"},{"floor":38,"key":"EntropicBrew"},{"floor":42,"key":"BlessingOfTheForge"},{"floor":47,"key":"Ancient Potion"}],"is_trial":false,"path_per_floor":["M","?","$","?","?","E","R","E","T","R","?","R","E","M","R","B",null,"M","?","?","$","M","E","R","M","T","M","E","?","$","?","R","B",null,"M","?","M","?","M","E","M","E","T","E","M","?","E","$","R","B",null],"character_chosen":"THE_SILENT","items_purchased":["Accuracy","Ornamental Fan","Blade Dance","Accuracy","Sling","HandDrill","FairyPotion","Flash of Steel"],"campfire_rested":1,"item_purchase_floors":[3,21,30,30,30,48,48,48],"current_hp_per_floor":[70,70,70,59,59,59,68,68,68,70,70,70,55,55,64,9,55,55,55,55,55,49,49,58,50,50,40,44,44,44,44,56,47,64,64,64,64,64,59,59,59,59,59,55,47,47,34,34,67,48],"gold":8,"neow_bonus":"THREE_ENEMY_KILL","is_daily":false,"chose_seed":false,"campfire_upgraded":3,"win_rate":0.0,"timestamp":1612372336,"path_taken":["M","?","?","?","?","E","R","E","T","R","?","R","E","M","R","BOSS","M","?","?","$","M","E","R","M","T","?","E","?","$","?","R","BOSS","M","?","M","?","M","E","M","E","T","E","?","?","E","$","R","BOSS"],"items_purchased_type":["Card","Relic","Card","Card","Relic","Relic","Potion","Card"],"build_version":"2020-12-22","purchased_purges":1,"victory":true,"max_hp_per_floor":[70,70,70,70,70,70,70,70,70,70,70,70,70,70,70,70,70,70,70,70,70,70,70,70,70,70,70,70,70,70,70,70,70,70,70,70,70,70,70,70,70,70,70,70,70,70,70,70,70,70],"card_choices":[{"not_picked":["PiercingWail","Deflect"],"picked":"Backstab","floor":1},{"not_picked":["Glass Knife","Night Terror"],"picked":"PiercingWail","floor":6},{"not_picked":["Tactician","Bullet Time","Dagger Throw"],"picked":"SKIP","floor":8},{"not_picked":["Well Laid Plans","All Out Attack","Deadly Poison"],"picked":"SKIP","floor":13},{"not_picked":["Underhanded Strike","Prepared"],"picked":"Dagger Throw","floor":14},{"not_picked":["Glass Knife","Corpse Explosion"],"picked":"Die Die Die","floor":16},{"not_picked":["Reflex"],"picked":"SKIP","floor":18},{"not_picked":["Footwork"],"picked":"SKIP","floor":22},{"not_picked":[],"picked":"Prepared","floor":25},{"not_picked":["Sucker Punch"],"picked":"SKIP","floor":27},{"not_picked":[],"picked":"Endless Agony+1","floor":28},{"not_picked":[],"picked":"Terror+1","floor":35},{"not_picked":[],"picked":"Endless Agony+1","floor":37},{"not_picked":["Slice+1"],"picked":"SKIP","floor":39},{"not_picked":["Calculated Gamble"],"picked":"SKIP","floor":40},{"not_picked":["Caltrops+1"],"picked":"SKIP","floor":41},{"not_picked":[],"picked":"Accuracy","floor":42},{"not_picked":["Quick Slash+1"],"picked":"SKIP","floor":44},{"not_picked":["PiercingWail+1"],"picked":"SKIP","floor":45},{"not_picked":["Distraction"],"picked":"SKIP","floor":47},{"not_picked":[],"picked":"Reflex","floor":49}],"player_experience":233237,"relics_obtained":[{"floor":6,"key":"Eternal Feather"},{"floor":8,"key":"Dead Branch"},{"floor":9,"key":"Pen Nib"},{"floor":13,"key":"Girya"},{"floor":26,"key":"Toy Ornithopter"},{"floor":28,"key":"Thread and Needle"},{"floor":40,"key":"TungstenRod"},{"floor":40,"key":"Boot"},{"floor":42,"key":"Centennial Puzzle"},{"floor":42,"key":"Oddly Smooth Stone"},{"floor":43,"key":"Lantern"},{"floor":44,"key":"Ginger"},{"floor":44,"key":"Dream Catcher"},{"floor":47,"key":"Pantograph"},{"floor":47,"key":"HornCleat"}],"event_choices":[{"damage_healed":0,"gold_gain":0,"player_choice":"Rummage","damage_taken":0,"relics_obtained":["WarpedTongs"],"max_hp_gain":0,"max_hp_loss":0,"event_name":"Accursed Blacksmith","floor":2,"gold_loss":0,"cards_obtained":["Pain"]},{"damage_healed":0,"gold_gain":75,"player_choice":"Gather Gold","damage_taken":11,"max_hp_gain":0,"max_hp_loss":0,"event_name":"World of Goop","floor":4,"gold_loss":0},{"damage_healed":0,"gold_gain":61,"player_choice":"Gained Gold","damage_taken":0,"max_hp_gain":0,"max_hp_loss":0,"event_name":"Golden Wing","floor":5,"gold_loss":0},{"damage_healed":0,"gold_gain":175,"player_choice":"AGREE","damage_taken":0,"max_hp_gain":0,"max_hp_loss":0,"event_name":"Liars Game","floor":11,"gold_loss":0,"cards_obtained":["Doubt"]},{"damage_healed":0,"gold_gain":0,"player_choice":"Read","damage_taken":0,"max_hp_gain":0,"max_hp_loss":0,"event_name":"The Library","floor":19,"gold_loss":0,"cards_obtained":["Infinite Blades"]},{"cards_removed":["Doubt"],"damage_healed":0,"gold_gain":0,"player_choice":"Offered Curse","damage_taken":0,"relics_obtained":["Spirit Poop"],"max_hp_gain":0,"max_hp_loss":0,"event_name":"Bonfire Elementals","floor":20,"gold_loss":0},{"cards_removed":["Strike_G"],"damage_healed":0,"gold_gain":0,"player_choice":"Gave Gold","damage_taken":0,"max_hp_gain":0,"max_hp_loss":0,"event_name":"Beggar","floor":29,"gold_loss":75},{"damage_healed":0,"gold_gain":0,"player_choice":"Simplicity","damage_taken":0,"max_hp_gain":0,"max_hp_loss":0,"event_name":"Back to Basics","floor":31,"gold_loss":0,"cards_upgraded":["Strike_G","Strike_G","Strike_G","Strike_G","Defend_G","Defend_G","Defend_G","Defend_G","Defend_G"]},{"cards_removed":["Survivor"],"damage_healed":0,"gold_gain":0,"player_choice":"Removed Skill","damage_taken":0,"max_hp_gain":0,"max_hp_loss":0,"event_name":"Falling","floor":36,"gold_loss":0},{"damage_healed":0,"gold_gain":0,"player_choice":"Got Potions","damage_taken":0,"max_hp_gain":0,"max_hp_loss":0,"event_name":"Lab","floor":38,"gold_loss":0},{"damage_healed":0,"gold_gain":0,"player_choice":"Bought 0 Potions","damage_taken":0,"max_hp_gain":0,"max_hp_loss":0,"event_name":"The Woman in Blue","floor":46,"gold_loss":0}],"is_beta":false,"boss_relics":[{"not_picked":["Fusion Hammer","Ring of the Serpent"],"picked":"Busted Crown"},{"not_picked":["Philosopher\u0027s Stone","Sozu"],"picked":"Black Star"}],"items_purged_floors":[3],"is_endless":false,"potions_floor_spawned":[1,14,16,18,27,28,35,42,47],"ascension_level":5}}