{"host":"j4g6ia6asvpyu2b0","time":1612358751,"event":{"mods":["BaseMod","Colored Map","Minty Spire (QoL Compilation)","Permanent Neow","Quick Restart","Relic Stats","StSLib","Unceasing Turn Reminder"],"gold_per_floor":[116,128,128,78,91,91,105,135,135,148,148,148,165,200,200,298,298,317,335,108,108,108,108,119,154,154,154,179,204,226,248,260,370,382,410,442,454,484,496,508,552,564,628,671,696,736,748,796,808,820,832,844,113,143,143],"floor_reached":56,"language":"ENG","playtime":2431,"items_purged":["Strike_R","Strike_R"],"score":1520,"play_id":"29654815-e26a-406c-8f2d-553b2dd4c627","local_time":"20210203062551","is_ascension_mode":true,"campfire_choices":[{"data":"Flame Barrier","floor":6.0,"key":"SMITH"},{"data":"Seeing Red","floor":12.0,"key":"SMITH"},{"data":"Body Slam","floor":15.0,"key":"SMITH"},{"data":"Berserk","floor":23,"key":"SMITH"},{"data":"Impervious","floor":27,"key":"SMITH"},{"data":"Armaments","floor":32,"key":"SMITH"},{"data":"Discovery","floor":40,"key":"SMITH"},{"data":"Discovery","floor":42,"key":"SMITH"},{"floor":49,"key":"RECALL"},{"data":"Offering","floor":52,"key":"SMITH"}],"circlet_count":0,"master_deck":["Defend_R","Defend_R","Defend_R+1","Defend_R","Bash","Juggernaut+1","Flame Barrier+1","Evolve","Seeing Red+1","Pommel Strike","Headbutt","Rage","Shrug It Off","Body Slam+1","Impervious+1","Berserk+1","Thunderclap","Bloodletting","Seeing Red","Warcry+1","Second Wind","Armaments+1","Seeing Red","Offering+1","Uppercut+1","Battle Trance+1","Magnetism","Discovery+1","Discovery+1","Impervious+1","Ghostly Armor","Body Slam","Shrug It Off","Impatience","Metallicize"],"relics":["Burning Blood","Sundial","Self Forming Clay","Lizard Tail","Runic Pyramid","Omamori","Enchiridion","Calipers","Toy Ornithopter","MawBank","Cursed Key","Ancient Tea Set","War Paint","Red Skull","Torii","Vajra","Centennial Puzzle"],"acts_visited":["Exordium","TheCity","TheBeyond","TheEnding"],"potions_floor_usage":[28,28,45,55,55,55],"damage_taken":[{"damage":7.0,"enemies":"Small Slimes","floor":1.0,"turns":3.0},{"damage":1.0,"enemies":"Jaw Worm","floor":2.0,"turns":6.0},{"damage":0.0,"enemies":"Cultist","floor":5.0,"turns":4.0},{"damage":0.0,"enemies":"2 Fungi Beasts","floor":7.0,"turns":3.0},{"damage":3.0,"enemies":"Lagavulin","floor":8.0,"turns":8.0},{"damage":1.0,"enemies":"3 Louse","floor":10.0,"turns":4.0},{"damage":7.0,"enemies":"Exordium Thugs","floor":13.0,"turns":5.0},{"damage":11.0,"enemies":"Gremlin Nob","floor":14.0,"turns":5.0},{"damage":53,"enemies":"Hexaghost","floor":16,"turns":10},{"damage":1,"enemies":"3 Byrds","floor":18,"turns":4},{"damage":0,"enemies":"Chosen","floor":19,"turns":5},{"damage":16,"enemies":"Snecko","floor":24,"turns":6},{"damage":8,"enemies":"Gremlin Leader","floor":25,"turns":6},{"damage":6,"enemies":"Slavers","floor":28,"turns":5},{"damage":15,"enemies":"Snake Plant","floor":29,"turns":5},{"damage":1,"enemies":"Centurion and Healer","floor":30,"turns":6},{"damage":0,"enemies":"Cultist and Chosen","floor":31,"turns":4},{"damage":25,"enemies":"Collector","floor":33,"turns":9},{"damage":17,"enemies":"3 Darklings","floor":35,"turns":5},{"damage":10,"enemies":"Orb Walker","floor":36,"turns":4},{"damage":10,"enemies":"4 Shapes","floor":38,"turns":3},{"damage":0,"enemies":"Nemesis","floor":41,"turns":5},{"damage":5,"enemies":"Reptomancer","floor":44,"turns":6},{"damage":25,"enemies":"Jaw Worm Horde","floor":45,"turns":5},{"damage":6,"enemies":"Giant Head","floor":46,"turns":4},{"damage":6,"enemies":"Sphere and 2 Shapes","floor":48,"turns":3},{"damage":40,"enemies":"Awakened One","floor":50,"turns":8},{"damage":0,"enemies":"Shield and Spear","floor":54,"turns":5},{"damage":37,"enemies":"The Heart","floor":55,"turns":8}],"seed_played":"6860268896650808257","potions_obtained":[{"floor":1.0,"key":"Block Potion"},{"floor":2.0,"key":"Explosive Potion"},{"floor":8.0,"key":"Block Potion"},{"floor":10.0,"key":"Ancient Potion"},{"floor":16,"key":"ElixirPotion"},{"floor":19,"key":"AttackPotion"},{"floor":29,"key":"LiquidBronze"},{"floor":31,"key":"Swift Potion"},{"floor":41,"key":"SkillPotion"},{"floor":45,"key":"FearPotion"}],"is_trial":false,"path_per_floor":["M","M","?","?","M","R","M","E","T","M","?","R","M","E","R","B",null,"M","M","$","?","?","R","M","E","T","R","E","M","M","M","R","B",null,"M","M","?","M","?","R","E","R","T","E","M","E","$","M","R","B",null,"R","$","E","B",null],"character_chosen":"IRONCLAD","items_purchased":["Omamori","Torii","Vajra","Shrug It Off","PowerPotion","Impatience"],"campfire_rested":0,"item_purchase_floors":[20,53,53,53,53,53],"current_hp_per_floor":[55,60,60,60,66,66,72,75,75,80,80,80,79,74,74,27,80,80,80,80,80,64,64,54,52,52,52,62,53,58,64,64,45,80,69,65,55,51,51,51,57,57,57,58,44,44,44,44,44,10,80,80,80,80,54],"gold":143,"neow_bonus":"THREE_RARE_CARDS","is_daily":false,"chose_seed":false,"campfire_upgraded":9,"win_rate":0.0,"timestamp":1612358751,"path_taken":["M","M","?","?","M","R","M","E","T","M","?","R","?","E","R","BOSS","M","M","$","?","?","R","M","E","T","R","E","M","M","M","R","BOSS","M","M","?","M","?","R","E","R","T","E","?","E","$","M","R","BOSS","R","$","E","BOSS"],"items_purchased_type":["Relic","Relic","Relic","Card","Potion","Card"],"build_version":"2020-12-22","purchased_purges":2,"victory":true,"max_hp_per_floor":[80,80,80,80,80,80,80,80,80,80,80,80,80,80,80,80,80,80,80,80,80,80,80,80,80,80,80,80,80,80,80,80,80,80,80,80,80,80,80,80,80,80,80,80,80,80,80,80,80,80,80,80,80,80,80],"relic_stats":{"Lizard Tail":0,"Centennial Puzzle":[2],"Torii":38,"counters":[29,154],"Sundial":[12],"Self Forming Clay":[216],"War Paint":["Battle Trance","Defend_R"],"MawBank":300,"Cursed Key":1,"obtain_stats":[{"Calipers":25,"Torii":53,"Self Forming Clay":9,"Enchiridion":22,"Vajra":53,"Omamori":20,"War Paint":44,"MawBank":28,"Cursed Key":34,"Ancient Tea Set":41,"Burning Blood":0,"Lizard Tail":14,"Centennial Puzzle":54,"Sundial":8,"Toy Ornithopter":26,"Red Skull":46,"Runic Pyramid":17},{"Calipers":13,"Torii":27,"Self Forming Clay":5,"Enchiridion":11,"Vajra":27,"Omamori":11,"War Paint":23,"MawBank":14,"Cursed Key":18,"Ancient Tea Set":22,"Burning Blood":0,"Lizard Tail":8,"Centennial Puzzle":28,"Sundial":5,"Toy Ornithopter":13,"Red Skull":25,"Runic Pyramid":9},{"Calipers":69,"Torii":141,"Self Forming Clay":24,"Enchiridion":57,"Vajra":141,"Omamori":57,"War Paint":121,"MawBank":74,"Cursed Key":98,"Ancient Tea Set":115,"Burning Blood":0,"Lizard Tail":38,"Centennial Puzzle":146,"Sundial":24,"Toy Ornithopter":69,"Red Skull":130,"Runic Pyramid":48}],"Burning Blood":157,"Toy Ornithopter":20},"card_choices":[{"not_picked":["Brutality","Fiend Fire"],"picked":"Juggernaut","floor":0.0},{"not_picked":["Ghostly Armor","Dual Wield"],"picked":"Flame Barrier","floor":1.0},{"not_picked":["Rupture","Thunderclap"],"picked":"Evolve","floor":2.0},{"not_picked":["Power Through","Wild Strike"],"picked":"Seeing Red","floor":5.0},{"not_picked":["Perfected Strike","Searing Blow"],"picked":"Pommel Strike","floor":7.0},{"not_picked":["Fire Breathing","Sword Boomerang"],"picked":"Headbutt","floor":8.0},{"not_picked":["Thunderclap","Pommel Strike"],"picked":"Rage","floor":10.0},{"not_picked":["Armaments","Headbutt"],"picked":"Shrug It Off","floor":13.0},{"not_picked":["Heavy Blade","Clash"],"picked":"Body Slam","floor":14.0},{"not_picked":["Limit Break","Exhume"],"picked":"Impervious","floor":16},{"not_picked":["Thunderclap","Perfected Strike+1","Sword Boomerang"],"picked":"SKIP","floor":18},{"not_picked":["Rupture","Havoc+1"],"picked":"Berserk","floor":19},{"not_picked":["Perfected Strike","Cleave"],"picked":"Seeing Red","floor":24},{"not_picked":["Clash","Thunderclap"],"picked":"Warcry+1","floor":25},{"not_picked":["Pommel Strike","Clash"],"picked":"Second Wind","floor":28},{"not_picked":["Blood for Blood","Thunderclap+1","Havoc"],"picked":"SKIP","floor":29},{"not_picked":["Headbutt","Clothesline"],"picked":"Armaments","floor":30},{"not_picked":["Infernal Blade","Headbutt"],"picked":"Seeing Red","floor":31},{"not_picked":["Feed","Demon Form"],"picked":"Offering","floor":33},{"not_picked":["Wild Strike","Inflame+1"],"picked":"Uppercut+1","floor":35},{"not_picked":["Flex","Sword Boomerang+1"],"picked":"Battle Trance","floor":36},{"not_picked":["Dramatic Entrance","Chrysalis"],"picked":"Magnetism","floor":37},{"not_picked":["Madness","Swift Strike"],"picked":"Discovery","floor":37},{"not_picked":["Violence","Secret Weapon"],"picked":"Discovery","floor":37},{"not_picked":["Fire Breathing","Flex+1","Combust"],"picked":"SKIP","floor":38},{"not_picked":["Second Wind+1","Headbutt+1","Thunderclap+1"],"picked":"SKIP","floor":41},{"not_picked":["Sword Boomerang","Dropkick","Havoc"],"picked":"SKIP","floor":44},{"not_picked":["Cleave+1","Flex+1"],"picked":"Ghostly Armor","floor":45},{"not_picked":["Thunderclap","Pommel Strike","Pummel+1"],"picked":"SKIP","floor":46},{"not_picked":["Cleave+1","Second Wind+1"],"picked":"Body Slam","floor":48},{"not_picked":["Heavy Blade","Dual Wield"],"picked":"Metallicize","floor":54}],"player_experience":1118803,"relics_obtained":[{"floor":8.0,"key":"Sundial"},{"floor":9.0,"key":"Self Forming Clay"},{"floor":14.0,"key":"Lizard Tail"},{"floor":22,"key":"Enchiridion"},{"floor":25,"key":"Calipers"},{"floor":26,"key":"Toy Ornithopter"},{"floor":28,"key":"MawBank"},{"floor":41,"key":"Ancient Tea Set"},{"floor":44,"key":"War Paint"},{"floor":46,"key":"Red Skull"},{"floor":54,"key":"Centennial Puzzle"}],"event_choices":[{"damage_healed":0.0,"max_hp_gain":0.0,"max_hp_loss":0.0,"gold_gain":0.0,"event_name":"Living Wall","player_choice":"Grow","floor":3.0,"gold_loss":0.0,"damage_taken":0.0,"cards_upgraded":["Juggernaut"]},{"cards_removed":["Strike_R"],"damage_healed":0.0,"max_hp_gain":0.0,"max_hp_loss":0.0,"gold_gain":0.0,"event_name":"The Cleric","player_choice":"Card Removal","floor":4.0,"gold_loss":50.0,"damage_taken":0.0},{"damage_healed":0.0,"max_hp_gain":0.0,"max_hp_loss":0.0,"gold_gain":0.0,"event_name":"Lab","player_choice":"Got Potions","floor":11.0,"gold_loss":0.0,"damage_taken":0.0},{"damage_healed":0,"gold_gain":0,"cards_transformed":["Strike_R","Strike_R"],"player_choice":"Became Test Subject","damage_taken":0,"max_hp_gain":0,"max_hp_loss":0,"event_name":"Drug Dealer","floor":21,"gold_loss":0,"cards_obtained":["Thunderclap","Bloodletting"]},{"damage_healed":0,"gold_gain":0,"player_choice":"Obtained Book","damage_taken":16,"max_hp_gain":0,"max_hp_loss":0,"event_name":"Cursed Tome","floor":22,"gold_loss":0},{"damage_healed":0,"gold_gain":0,"player_choice":"Memory 3","damage_taken":10,"max_hp_gain":0,"max_hp_loss":0,"event_name":"SensoryStone","floor":37,"gold_loss":0},{"damage_healed":0,"gold_gain":0,"player_choice":"Copied","damage_taken":0,"max_hp_gain":0,"max_hp_loss":0,"event_name":"Duplicator","floor":39,"gold_loss":0,"cards_obtained":["Impervious"]}],"is_beta":false,"boss_relics":[{"not_picked":["Calling Bell","Busted Crown"],"picked":"Runic Pyramid"},{"not_picked":["Astrolabe","Mark of Pain"],"picked":"Cursed Key"}],"items_purged_floors":[20,53],"is_endless":false,"potions_floor_spawned":[1,2,8,10,16,19,29,31,33,41,45,46],"ascension_level":2}}