{"host":"yf7adnp48nk06owi","time":1612375790,"event":{"mods":["AchievementEnabler","BaseMod","Bestiary","Minty Spire (QoL Compilation)","Quick Restart","Reliquary","StSLib","Swap Starting Deck Mod"],"gold_per_floor":[117,42,42,42,54,54,80,99,99,128,145,145,162,190,190,190,268,268,288,248,248],"floor_reached":20,"language":"ENG","playtime":747,"items_purged":[],"score":484,"play_id":"4212b1ca-abe3-4f12-9152-055cc72a2f60","local_time":"20210203190950","is_ascension_mode":true,"campfire_choices":[{"data":"FlurryOfBlows","floor":6.0,"key":"SMITH"},{"floor":12.0,"key":"REST"},{"floor":15.0,"key":"REST"},{"data":"Worship","floor":16.0,"key":"SMITH"}],"circlet_count":0,"master_deck":["AscendersBane","Strike_P","Strike_P","Strike_P","Defend_P","Defend_P","Defend_P","Defend_P","Eruption","Vigilance","FlurryOfBlows+1","FlurryOfBlows+1","Brilliance+1","Consecrate+1","WindmillStrike+1","CarveReality+1","Worship+1","EmptyMind","Establishment","FlurryOfBlows+1"],"relics":["PureWater","NeowsBlessing","Molten Egg 2","Omamori","GoldenEye","Question Card","Velvet Choker"],"acts_visited":["Exordium","TheCity"],"potions_floor_usage":[],"damage_taken":[{"damage":0.0,"enemies":"Small Slimes","floor":1.0,"turns":1.0},{"damage":0.0,"enemies":"Jaw Worm","floor":5.0,"turns":1.0},{"damage":0.0,"enemies":"3 Sentries","floor":7.0,"turns":1.0},{"damage":0.0,"enemies":"2 Louse","floor":8.0,"turns":2.0},{"damage":4.0,"enemies":"Gremlin Nob","floor":10.0,"turns":3.0},{"damage":40.0,"enemies":"Gremlin Gang","floor":11.0,"turns":4.0},{"damage":3.0,"enemies":"Blue Slaver","floor":13.0,"turns":3.0},{"damage":0.0,"enemies":"Lagavulin","floor":14.0,"turns":3.0},{"damage":17.0,"enemies":"Slime Boss","floor":17.0,"turns":9.0},{"damage":29.0,"enemies":"3 Byrds","floor":19.0,"turns":6.0},{"damage":9,"enemies":"2 Thieves","floor":20,"turns":2}],"seed_played":"6009143904008048","potions_obtained":[{"floor":1.0,"key":"StancePotion"},{"floor":7.0,"key":"Dexterity Potion"},{"floor":17.0,"key":"GamblersBrew"}],"is_trial":false,"path_per_floor":["M","?","?","?","M","R","E","M","T","E","M","R","M","E","R","R","B",null,"M","M"],"character_chosen":"WATCHER","items_purchased":[],"campfire_rested":2,"item_purchase_floors":[],"current_hp_per_floor":[61,61,61,61,61,61,61,61,61,57,17,37,34,34,54,54,37,60,31,22,22],"gold":248,"neow_bonus":"THREE_ENEMY_KILL","is_daily":false,"chose_seed":false,"campfire_upgraded":2,"win_rate":0.0,"timestamp":1612375790,"path_taken":["M","?","?","?","M","R","E","?","T","E","M","R","M","E","R","R","BOSS","M","M"],"items_purchased_type":[],"build_version":"2020-12-22","purchased_purges":0,"victory":false,"max_hp_per_floor":[68,68,68,68,68,68,68,68,68,68,68,68,68,68,68,68,68,68,68,68,68],"card_choices":[{"not_picked":["Tantrum","Wireheading"],"picked":"FlurryOfBlows","floor":1.0},{"not_picked":["EmptyFist","Protect"],"picked":"FlurryOfBlows","floor":5.0},{"not_picked":["EmptyMind","MentalFortress"],"picked":"Brilliance+1","floor":7.0},{"not_picked":["WindmillStrike+1","FlurryOfBlows+1"],"picked":"Consecrate+1","floor":8.0},{"not_picked":["Evaluate","Vengeance"],"picked":"WindmillStrike+1","floor":10.0},{"not_picked":["Protect","PathToVictory"],"picked":"CarveReality+1","floor":11.0},{"not_picked":["PathToVictory","Omniscience"],"picked":"Worship","floor":13.0},{"not_picked":["CutThroughFate+1","CrushJoints+1"],"picked":"EmptyMind","floor":14.0},{"not_picked":["Brilliance+1","ConjureBlade","MasterReality"],"picked":"Establishment","floor":17.0},{"not_picked":["Indignation","CrushJoints+1","Consecrate+1"],"picked":"FlurryOfBlows+1","floor":19.0}],"player_experience":313052,"relics_obtained":[{"floor":7.0,"key":"Molten Egg 2"},{"floor":9.0,"key":"Omamori"},{"floor":10.0,"key":"GoldenEye"},{"floor":14.0,"key":"Question Card"}],"event_choices":[{"cards_removed":["Strike_P"],"damage_healed":0.0,"max_hp_gain":0.0,"max_hp_loss":0.0,"gold_gain":0.0,"event_name":"The Cleric","player_choice":"Card Removal","floor":2.0,"gold_loss":75.0,"damage_taken":0.0},{"damage_healed":0.0,"max_hp_gain":0.0,"max_hp_loss":0.0,"gold_gain":0.0,"event_name":"Liars Game","player_choice":"Ignored","floor":3.0,"gold_loss":0.0,"damage_taken":0.0},{"damage_healed":0.0,"max_hp_gain":0.0,"max_hp_loss":0.0,"gold_gain":0.0,"event_name":"Living Wall","player_choice":"Grow","floor":4.0,"gold_loss":0.0,"damage_taken":0.0,"cards_upgraded":["FlurryOfBlows"]}],"is_beta":false,"boss_relics":[{"not_picked":["Runic Pyramid","Philosopher\u0027s Stone"],"picked":"Velvet Choker"}],"items_purged_floors":[],"is_endless":false,"potions_floor_spawned":[1,7,17],"killed_by":"2 Thieves","ascension_level":20}}