{"host":"0uumfqrc8aynrssa","time":1612335133,"event":{"mods":["AchievementEnabler","Act Like it!","Aspiration","Astrologer","BaseMod","Better Altar","Better Match","Better Note","Better Sensory Stone","Better Skull","Better Third Choice","Better Vampires","CapriCore","Colored Map","Colored Powertips","Conspire","Downfall","Energized Spire","Friendly Minions","Gensokyo","GifTheSpireLib","Hallownest","Hermit","Highlight Path","Hubris","Infinite Spire","Koishi","Marisa????????","Marked Mod","Minty Spire (QoL Compilation)","Pale of the Ancients","Permanent Neow","Potionbrewer","Random Character Button","Rare Cards Sparkle","Reimu??????","Relic Sorter","Reliquary","Remilia??????","Robot Space Explorer","Shop Mod","Somnambulant","Spicy Shops","Spikes Relics","Spire Arcade","StSLib","Stuff the Spire","The Animator","The Awakened One except there are too many feathers","The Bug Knight","The Cursed","The Hierophant","The Immortal","The Marked","The Problem Sleuth","The Runesmith","The Servant 0.9.4","TheBandit","TheFirefly","Trackpad","Wandering Minibosses","everything is the same but u backflip on backflip","slay the spire mod where everything is the same but ironclad has a cowboy hat"],"gold_per_floor":[111,36,52,68,78,78,111,111,111,111,108,108,119,144,144,124,124],"floor_reached":16,"language":"ENG","playtime":1413,"items_purged":["Strike_B"],"score":123,"play_id":"39db0edb-8f4d-4f91-82bb-b2da1ab131d7","local_time":"20210203015213","is_ascension_mode":true,"campfire_choices":[{"data":"Fusion","floor":6,"key":"SMITH"},{"floor":10,"key":"REST"},{"floor":15,"key":"REST"}],"circlet_count":0,"master_deck":["Strike_B+1","Strike_B+1","Defend_B","Defend_B","Defend_B","Defend_B","Zap","Dualcast","Defragment","Fusion+1","Self Repair","Fission","Redo"],"relics":["Cracked Core","Whetstone","HollowMod:PaleOreRelic","StuffTheSpire:GrapeVine","hubris:ToyBattleship"],"acts_visited":["Exordium"],"potions_floor_usage":[7,16],"damage_taken":[{"damage":7,"enemies":"Jaw Worm","floor":1,"turns":3},{"damage":4,"enemies":"Cultist","floor":3,"turns":5},{"damage":0,"enemies":"Small Slimes","floor":4,"turns":3},{"damage":3,"enemies":"conspire:2 RoseBushes","floor":5,"turns":5},{"damage":49,"enemies":"Lagavulin","floor":7,"turns":6},{"damage":18,"enemies":"Large Slime","floor":11,"turns":6},{"damage":21,"enemies":"Lots of Slimes","floor":13,"turns":4},{"damage":24,"enemies":"Gremlin Nob","floor":14,"turns":4},{"damage":37,"enemies":"The Guardian","floor":16,"turns":11}],"seed_played":"341657311131431892","potions_obtained":[{"floor":5,"key":"Regen Potion"},{"floor":7,"key":"Energy Potion"}],"is_trial":false,"path_per_floor":["M","$","M","M","M","R","E","?","T","R","M","?","M","E","R","B"],"character_chosen":"DEFECT","items_purchased":[],"campfire_rested":2,"item_purchase_floors":[],"current_hp_per_floor":[68,68,64,64,61,61,24,24,24,46,35,43,29,12,34,0,0],"gold":124,"neow_bonus":"RANDOM_COMMON_RELIC","is_daily":false,"chose_seed":false,"campfire_upgraded":1,"win_rate":0.0,"timestamp":1612335133,"path_taken":["M","$","M","M","M","R","E","?","T","R","?","?","M","E","R","BOSS"],"items_purchased_type":[],"build_version":"2020-12-22","purchased_purges":1,"victory":false,"max_hp_per_floor":[75,75,75,75,75,75,75,75,75,75,75,75,75,75,75,75,75],"card_choices":[{"not_picked":["Turbo","Leap"],"picked":"Defragment","floor":1},{"not_picked":["Compile Driver","Rebound","Stack"],"picked":"SKIP","floor":3},{"not_picked":["Coolheaded","Ball Lightning"],"picked":"Fusion","floor":4},{"not_picked":["Skim","Sweeping Beam"],"picked":"Self Repair","floor":5},{"not_picked":["Ball Lightning","Tempest","Sweeping Beam"],"picked":"SKIP","floor":7},{"not_picked":["Barrage","Sunder"],"picked":"Fission","floor":11},{"not_picked":["conspire:Rain","Sunder","Steam"],"picked":"SKIP","floor":13},{"not_picked":["Hello World","Static Discharge"],"picked":"Redo","floor":14}],"player_experience":978444,"relics_obtained":[{"floor":7,"key":"HollowMod:PaleOreRelic"},{"floor":9,"key":"StuffTheSpire:GrapeVine"},{"floor":14,"key":"hubris:ToyBattleship"}],"event_choices":[{"cards_removed":["Strike_B"],"damage_healed":0,"gold_gain":0,"player_choice":"Card Removal","damage_taken":0,"max_hp_gain":0,"max_hp_loss":0,"event_name":"Wheel of Change","floor":8,"gold_loss":0}],"is_beta":false,"boss_relics":[],"items_purged_floors":[2],"is_endless":false,"potions_floor_spawned":[5,7],"killed_by":"The Guardian","ascension_level":2}}