{"host":"6iv6hzocosv1haef","time":1612395432,"event":{"mods":["AchievementEnabler","AlwaysNeverKeys","BaseMod","Colored Map","Colored Powertips","Downfall","Friendly Minions","GifTheSpireLib","Highlight Path","Minty Spire (QoL Compilation)","Permanent Neow","Quick Restart","Relic Filter","Relic Sorter","StSLib"],"gold_per_floor":[115,115,131,131,145,171,171,189,238,248,280,308,308,335,335,335,335,335],"floor_reached":16,"language":"ENG","playtime":1736,"items_purged":[],"score":114,"play_id":"e25506ff-d08f-4478-9b28-945ebda072df","local_time":"20210203233712","is_ascension_mode":false,"campfire_choices":[{"data":"hexamod:GhostflameInferno","floor":7,"key":"SMITH"},{"floor":13,"key":"REST"},{"floor":15,"key":"REST"}],"circlet_count":0,"master_deck":["hexamod:Strike","hexamod:Strike","hexamod:Strike","hexamod:Strike","hexamod:Defend","hexamod:Defend","hexamod:Defend","hexamod:Sear","hexamod:GhostflameInferno+1","hexamod:TimeOfNeed","hexamod:EmpoweredFlame","hexamod:FastForward+1","hexamod:SoulSteal+1","hexamod:SecondSeal"],"relics":["hexamod:SpiritBrand","Toxic Egg 2","Unceasing Top"],"acts_visited":["Exordium"],"potions_floor_usage":[11,16],"damage_taken":[{"damage":2,"enemies":"Small Slimes","floor":1,"turns":4},{"damage":0,"enemies":"Cultist","floor":3,"turns":3},{"damage":4,"enemies":"2 Louse","floor":5,"turns":3},{"damage":34,"enemies":"Gremlin Nob","floor":6,"turns":5},{"damage":2,"enemies":"Exordium Thugs","floor":8,"turns":4},{"damage":2,"enemies":"Blue Slaver","floor":10,"turns":3},{"damage":3,"enemies":"Gremlin Gang","floor":11,"turns":3},{"damage":16,"enemies":"3 Sentries","floor":12,"turns":8},{"damage":7,"enemies":"Looter","floor":14,"turns":4},{"damage":42,"enemies":"The Guardian","floor":16,"turns":8}],"seed_played":"4162452604906264458","potions_obtained":[{"floor":3,"key":"BlessingOfTheForge"},{"floor":6,"key":"ColorlessPotion"},{"floor":12,"key":"Weak Potion"}],"is_trial":false,"path_per_floor":["M","?","M","?","M","E","R","M","T","M","M","E","R","M","R","B"],"character_chosen":"THE_SPIRIT","items_purchased":[],"campfire_rested":2,"item_purchase_floors":[],"current_hp_per_floor":[68,68,68,68,64,30,30,28,28,26,23,7,28,21,42,0,0,0],"gold":335,"neow_bonus":"ONE_RANDOM_RARE_CARD","is_daily":false,"chose_seed":false,"campfire_upgraded":1,"win_rate":0.0,"timestamp":1612395432,"path_taken":["M","?","?","?","M","E","R","M","T","?","M","E","R","M","R","BOSS"],"items_purchased_type":[],"build_version":"2020-12-22","purchased_purges":0,"victory":false,"max_hp_per_floor":[70,70,70,70,70,70,70,70,70,70,70,70,70,70,70,70,70,70],"card_choices":[{"not_picked":["hexamod:GhostLash","hexamod:HauntingEcho","hexamod:HeatShield"],"picked":"SKIP","floor":1},{"not_picked":["hexamod:BurningTouch","hexamod:HauntingEcho","hexamod:SwordOfDarkness"],"picked":"SKIP","floor":3},{"not_picked":["hexamod:HauntingEcho","hexamod:Rewind"],"picked":"hexamod:TimeOfNeed","floor":5},{"not_picked":["hexamod:HauntingEcho","hexamod:RetreatToShadows+1"],"picked":"hexamod:EmpoweredFlame","floor":6},{"not_picked":["hexamod:SpectralAdrenaline+1","hexamod:InspiringFlames+1"],"picked":"hexamod:FastForward+1","floor":8},{"not_picked":["hexamod:GhostLash","hexamod:PhantomCloak"],"picked":"hexamod:SoulSteal+1","floor":10},{"not_picked":["hexamod:Incineration","hexamod:GhostOfSpireFuture","hexamod:NightmareStrike"],"picked":"SKIP","floor":11},{"not_picked":["hexamod:TimeWarp","hexamod:Hexaguard+1"],"picked":"hexamod:SecondSeal","floor":12},{"not_picked":["hexamod:Firestarter","hexamod:NightmareGuise+1","hexamod:GhostLash"],"picked":"SKIP","floor":14}],"player_experience":186193,"relics_obtained":[{"floor":6,"key":"Toxic Egg 2"},{"floor":12,"key":"Unceasing Top"}],"event_choices":[{"cards_removed":["hexamod:Defend"],"damage_healed":0,"gold_gain":0,"player_choice":"Purged","damage_taken":0,"max_hp_gain":0,"max_hp_loss":0,"event_name":"Purifier","floor":2,"gold_loss":0},{"cards_removed":["hexamod:Float"],"damage_healed":0,"gold_gain":0,"player_choice":"Offered Basic","damage_taken":0,"max_hp_gain":0,"max_hp_loss":0,"event_name":"Bonfire Elementals","floor":4,"gold_loss":0}],"is_beta":false,"boss_relics":[],"items_purged_floors":[],"is_endless":false,"potions_floor_spawned":[3,6,12],"killed_by":"The Guardian","ascension_level":0}}