{"host":"oq0u6q7bjztc2jwc","time":1612327510,"event":{"mods":["AchievementEnabler","BaseMod","Colored Map","Downfall","Highlight Path","Minty Spire (QoL Compilation)","Permanent Neow","StSLib"],"gold_per_floor":[199,215,228,245,155,80,131,165,15,26,126,76,92,102,121,225,225,75,95,95,107,14,164,164,182,214,226,76,76,61,90,107,107,107,107],"floor_reached":33,"language":"ENG","playtime":2910,"items_purged":["Slimebound:Strike_Slimebound"],"score":316,"play_id":"800867e6-429a-4aa6-a407-2f6b11978aa4","local_time":"20210202234510","is_ascension_mode":false,"campfire_choices":[{"floor":1,"key":"RECALL"},{"floor":9,"key":"REST"},{"data":"Slimebound:Split","floor":12,"key":"SMITH"},{"data":"Slimebound:LevelUp","floor":18,"key":"SMITH"},{"data":"Slimebound:Chomp","floor":28,"key":"SMITH"}],"circlet_count":0,"master_deck":["Slimebound:Strike_Slimebound","Slimebound:Strike_Slimebound","Slimebound:Tackle","Slimebound:Defend_Slimebound","Slimebound:Defend_Slimebound","Slimebound:Defend_Slimebound","Slimebound:Defend_Slimebound","Slimebound:Split+1","Slimebound:CorrosiveSpit","Slimebound:ComboTackle","Slimebound:SlimeSpikes","Slimebound:ForwardTackle","Slimebound:SlimeTap","Slimebound:LevelUp+1","Slimebound:HauntingLick","Slimebound:GoopSpray","Slimebound:Chomp+1","Slimebound:BestDefense","Slimebound:MassRepurpose","Slimebound:FinishingTackle","Slimebound:FlameTackle","Slimebound:SamplingLick","Slimebound:Chomp","Slimebound:Schlurp","Slimebound:LivingWall","Slimebound:DivideAndConquer"],"relics":["Slimebound:AbsorbEndCombat","Slimebound:GreedOozeRelic","Dream Catcher","downfall:HeartBlessingGreen","Black Star","downfall:HeartBlessingRed","Kunai","Meat on the Bone","downfall:HeartBlessingBlue","Boot","White Beast Statue"],"acts_visited":["Exordium","TheCity"],"potions_floor_usage":[5,8,16,19,21,29,33,33],"damage_taken":[{"damage":1,"enemies":"Jaw Worm","floor":2,"turns":4},{"damage":13,"enemies":"Small Slimes","floor":3,"turns":3},{"damage":3,"enemies":"Cultist","floor":4,"turns":3},{"damage":12,"enemies":"downfall:FleeingMerchant","floor":5,"turns":4},{"damage":15,"enemies":"Lagavulin","floor":8,"turns":6},{"damage":1,"enemies":"Red Slaver","floor":10,"turns":3},{"damage":0,"enemies":"Lots of Slimes","floor":13,"turns":3},{"damage":6,"enemies":"Blue Slaver","floor":14,"turns":2},{"damage":10,"enemies":"Red Slaver","floor":15,"turns":2},{"damage":9,"enemies":"WA_ARCHETYPE_RETAIN","floor":16,"turns":4},{"damage":18,"enemies":"Shell Parasite","floor":19,"turns":4},{"damage":4,"enemies":"3 Byrds","floor":21,"turns":3},{"damage":11,"enemies":"downfall:FleeingMerchant","floor":22,"turns":4},{"damage":5,"enemies":"Cultist and Chosen","floor":25,"turns":3},{"damage":32,"enemies":"Book of Stabbing","floor":26,"turns":4},{"damage":2,"enemies":"Centurion and Healer","floor":27,"turns":5},{"damage":7,"enemies":"Chosen and Byrds","floor":29,"turns":5},{"damage":10,"enemies":"downfall:FleeingMerchant","floor":30,"turns":4},{"damage":41,"enemies":"Slavers","floor":31,"turns":4},{"damage":4,"enemies":"Snake Plant","floor":32,"turns":3},{"damage":49,"enemies":"IC_MUSHROOM_ARCHETYPE","floor":33,"turns":4}],"seed_played":"5553952000600271434","potions_obtained":[{"floor":2,"key":"SpeedPotion"},{"floor":3,"key":"BlessingOfTheForge"},{"floor":13,"key":"SteroidPotion"},{"floor":15,"key":"Slimebound:SpawnSlimePotion"},{"floor":16,"key":"ColorlessPotion"},{"floor":19,"key":"Explosive Potion"},{"floor":25,"key":"Fruit Juice"},{"floor":27,"key":"SmokeBomb"},{"floor":32,"key":"SkillPotion"}],"is_trial":false,"path_per_floor":["R","M","M","M","$","?","T","E","R","M","?","R","M","M","M","B",null,"R","M","?","M","$","?","T","M","E","M","R","M","$","E","M","B"],"character_chosen":"SLIMEBOUND","items_purchased":["Slimebound:Chomp"],"campfire_rested":1,"item_purchase_floors":[22],"current_hp_per_floor":[65,65,58,57,47,47,47,38,57,58,58,58,64,64,58,53,65,65,51,51,53,48,48,48,49,21,39,49,50,46,25,33,0,0,0],"gold":107,"neow_bonus":"HUNDRED_GOLD","is_daily":false,"chose_seed":false,"campfire_upgraded":3,"win_rate":0.0,"timestamp":1612327510,"path_taken":["R","M","M","M","$","?","T","E","R","M","?","R","M","M","M","BOSS","R","M","?","?","?","?","T","?","E","M","R","M","$","E","M","BOSS"],"items_purchased_type":["Card"],"build_version":"2020-12-22","purchased_purges":1,"victory":false,"max_hp_per_floor":[65,65,65,65,65,65,65,65,65,65,65,65,65,65,65,65,65,65,65,65,65,65,65,65,65,65,65,75,75,75,75,75,80,80,80],"card_choices":[{"not_picked":["Slimebound:Recollect","Slimebound:SlimeBrawl"],"picked":"Slimebound:ComboTackle","floor":2},{"not_picked":["Slimebound:ComboTackle","Slimebound:LeechEnergy"],"picked":"Slimebound:SlimeSpikes","floor":3},{"not_picked":["Slimebound:SamplingLick","Slimebound:HauntingLick"],"picked":"Slimebound:ForwardTackle","floor":4},{"not_picked":["Slimebound:TagTeam","Slimebound:ItLooksTasty"],"picked":"Slimebound:SlimeTap","floor":5},{"not_picked":["Slimebound:ProtectTheBoss","Slimebound:DisruptingSlam"],"picked":"Slimebound:LevelUp","floor":8},{"not_picked":["Slimebound:HungryTackle","Slimebound:Repurpose"],"picked":"Slimebound:HauntingLick","floor":9},{"not_picked":["Slimebound:FinishingTackle","Slimebound:LeechEnergy"],"picked":"Slimebound:GoopSpray","floor":10},{"not_picked":["Slimebound:SlimeBarrage","Slimebound:RollThrough"],"picked":"Slimebound:Chomp","floor":13},{"not_picked":["Slimebound:Schlurp","Slimebound:Equalize","Slimebound:SpikyOuterGoop"],"picked":"SKIP","floor":14},{"not_picked":["Slimebound:PrepareCrush","Slimebound:GoopTackle"],"picked":"Slimebound:BestDefense","floor":15},{"not_picked":["Slimebound:MassFeed","Slimebound:PrepareCrush"],"picked":"Slimebound:MassRepurpose","floor":16},{"not_picked":["Slimebound:GoopTackle","Slimebound:ViciousTackle"],"picked":"Slimebound:FinishingTackle","floor":19},{"not_picked":["Slimebound:DuplicatedForm","Slimebound:HauntingLick"],"picked":"Slimebound:SamplingLick","floor":21},{"not_picked":["Slimebound:ItLooksTasty","Slimebound:FormOfPuddle+1","Slimebound:SplitMire+1"],"picked":"SKIP","floor":22},{"not_picked":["Slimebound:SplitSpecialist","Slimebound:PressTheAttack"],"picked":"Slimebound:Schlurp","floor":25},{"not_picked":["Slimebound:LeechEnergy","Slimebound:Schlurp"],"picked":"Slimebound:LivingWall","floor":26},{"not_picked":["Slimebound:MassFeed","Slimebound:SplitAcid"],"picked":"Slimebound:DivideAndConquer","floor":27},{"not_picked":["Slimebound:SplitBruiser","Slimebound:SlimeTap+1","Slimebound:DivideAndConquer"],"picked":"SKIP","floor":30},{"not_picked":["Slimebound:DouseInSlime","Slimebound:Replication","Slimebound:RainOfGoop+1"],"picked":"SKIP","floor":31},{"not_picked":["Slimebound:LeechingTouch","Slimebound:SplitAcid","Slimebound:ItLooksTasty"],"picked":"SKIP","floor":32}],"player_experience":566744,"relics_obtained":[{"floor":7,"key":"Happy Flower"},{"floor":8,"key":"Dream Catcher"},{"floor":26,"key":"Kunai"},{"floor":26,"key":"Meat on the Bone"},{"floor":31,"key":"Boot"},{"floor":31,"key":"White Beast Statue"}],"event_choices":[],"is_beta":false,"boss_relics":[{"not_picked":["Runic Pyramid","Velvet Choker"],"picked":"Black Star"}],"items_purged_floors":[5],"is_endless":false,"potions_floor_spawned":[2,3,13,15,16,19,25,27,32],"killed_by":"IC_MUSHROOM_ARCHETYPE","ascension_level":0}}