{"host":"rnjhaewkefy4rz3c","time":1612380188,"event":{"mods":["2.2 Compatiblity","AchievementEnabler","BaseMod","Colored Map","Downfall","Minty Spire (QoL Compilation)","Permanent Neow","StSLib"],"gold_per_floor":[99,114,114,130,150,183,183,202,222,235,254,266,166,181,198,294,294,294,309,180,198,198,198,198,98,116,116,151,151,51,67,85,186,186,186,196,196,212,197,197,197,197],"floor_reached":40,"language":"ENG","playtime":2945,"items_purged":["hexamod:Defend"],"score":435,"play_id":"51e11b42-b7f6-4498-9aa9-baf5becfc365","local_time":"20210203152308","is_ascension_mode":true,"campfire_choices":[{"data":"hexamod:NightmareStrike","floor":1,"key":"SMITH"},{"data":"hexamod:UnlimitedPower","floor":13,"key":"SMITH"},{"floor":18,"key":"RECALL"},{"data":"hexamod:PhantomCloak","floor":25,"key":"SMITH"},{"floor":30,"key":"REST"},{"data":"hexamod:FastForward","floor":35,"key":"SMITH"}],"circlet_count":0,"master_deck":["hexamod:Defend+1","hexamod:Defend+1","hexamod:Defend+1","hexamod:Sear+1","hexamod:Float+1","hexamod:NightmareStrike+1","hexamod:PowerFromBeyond+1","hexamod:FastForward+1","hexamod:NightmareStrike+1","hexamod:UnlimitedPower+1","hexamod:SpectersWail+1","hexamod:AdvancingGuard+1","hexamod:FastForward+1","hexamod:SixthSeal","hexamod:PhantomCloak+1","Slimebound:Tackle+1","Slimebound:Tackle+1","hexamod:FirstSeal","hexamod:GhostOfSpireFuture+1","CurseOfTheBell","hexamod:HauntingEcho+1","hexamod:FastForward","hexamod:SoulSteal+1"],"relics":["hexamod:SpiritBrand","Letter Opener","Anchor","downfall:HeartBlessingGreen","SlaversCollar","downfall:HeartBlessingBlue","Boot","downfall:HeartBlessingRed","Calling Bell","Happy Flower","The Courier","Prayer Wheel"],"acts_visited":["Exordium","TheCity","TheBeyond"],"potions_floor_usage":[16,26,32,33,39,40],"damage_taken":[{"damage":0,"enemies":"Small Slimes","floor":2,"turns":3},{"damage":0,"enemies":"Cultist","floor":4,"turns":3},{"damage":0,"enemies":"2 Louse","floor":5,"turns":2},{"damage":17,"enemies":"Lagavulin","floor":6,"turns":6},{"damage":0,"enemies":"Large Slime","floor":8,"turns":5},{"damage":0,"enemies":"2 Fungi Beasts","floor":9,"turns":3},{"damage":0,"enemies":"Lots of Slimes","floor":10,"turns":4},{"damage":2,"enemies":"Blue Slaver","floor":11,"turns":3},{"damage":5,"enemies":"Exordium Thugs","floor":12,"turns":4},{"damage":0,"enemies":"3 Louse","floor":14,"turns":3},{"damage":0,"enemies":"Large Slime","floor":15,"turns":3},{"damage":20,"enemies":"IC_STATUS_ARCHETYPE","floor":16,"turns":7},{"damage":15,"enemies":"Spheric Guardian","floor":19,"turns":5},{"damage":0,"enemies":"downfall:FleeingMerchant","floor":20,"turns":4},{"damage":0,"enemies":"Chosen","floor":21,"turns":4},{"damage":28,"enemies":"3 Cultists","floor":26,"turns":5},{"damage":10,"enemies":"Slavers","floor":28,"turns":4},{"damage":8,"enemies":"Centurion and Healer","floor":31,"turns":6},{"damage":18,"enemies":"Cultist and Chosen","floor":32,"turns":7},{"damage":32,"enemies":"SI_MIRROR_ARCHETYPE","floor":33,"turns":10},{"damage":18,"enemies":"3 Shapes","floor":36,"turns":6},{"damage":7,"enemies":"3 Darklings","floor":38,"turns":5},{"damage":0,"enemies":"downfall:FleeingMerchant","floor":39,"turns":4},{"damage":113,"enemies":"Giant Head","floor":40,"turns":10}],"seed_played":"2035902564519925519","potions_obtained":[{"floor":5,"key":"PowerPotion"},{"floor":6,"key":"champ:CounterPotion"},{"floor":10,"key":"PowerPotion"},{"floor":15,"key":"Regen Potion"},{"floor":31,"key":"Regen Potion"},{"floor":32,"key":"SkillPotion"},{"floor":36,"key":"DistilledChaos"}],"is_trial":false,"path_per_floor":["R","M","?","M","M","E","T","M","M","M","M","M","R","M","M","B",null,"R","M","$","M","?","?","T","R","M","?","E","?","R","M","M","B",null,"R","M","?","M","$","E"],"character_chosen":"THE_SPIRIT","items_purchased":["hexamod:PhantomCloak"],"campfire_rested":1,"item_purchase_floors":[20],"current_hp_per_floor":[70,70,70,70,70,53,53,53,53,53,51,46,46,46,46,41,70,70,55,55,55,55,48,48,58,37,37,27,27,51,43,37,12,80,80,69,69,62,69,0,0,0],"gold":197,"neow_bonus":"THREE_CARDS","is_daily":false,"chose_seed":false,"campfire_upgraded":4,"win_rate":0.0,"timestamp":1612380188,"path_taken":["R","M","?","M","M","E","T","?","M","M","M","M","R","M","M","BOSS","R","M","$","M","?","?","T","R","M","?","E","?","R","?","M","BOSS","R","M","?","M","?","E"],"items_purchased_type":["Card"],"build_version":"2020-12-22","purchased_purges":1,"victory":false,"max_hp_per_floor":[70,70,70,70,70,70,70,70,70,70,70,70,70,70,70,70,70,70,70,70,70,70,70,70,80,80,80,80,80,80,80,80,80,80,80,80,80,80,80,80,80,80],"card_choices":[{"not_picked":["hexamod:SwordOfDarkness","hexamod:HeatMetal"],"picked":"hexamod:NightmareStrike","floor":0},{"not_picked":["hexamod:AdvancingGuard","hexamod:SpectralSpark"],"picked":"hexamod:PowerFromBeyond","floor":2},{"not_picked":["hexamod:HeatMetal","hexamod:SecondSeal"],"picked":"hexamod:FastForward","floor":4},{"not_picked":["hexamod:StepThrough","hexamod:SpectralAdrenaline","hexamod:ThermalTransfer"],"picked":"SKIP","floor":5},{"not_picked":["hexamod:SearingWound","hexamod:Rewind","hexamod:ThermalTransfer"],"picked":"SKIP","floor":6},{"not_picked":["hexamod:BurningTouch","hexamod:SpectralSpark","hexamod:ShieldOfDarkness"],"picked":"SKIP","floor":8},{"not_picked":["hexamod:BurningTouch","hexamod:InspiringFlames"],"picked":"hexamod:NightmareStrike","floor":9},{"not_picked":["hexamod:GhostLash","hexamod:HeatShield"],"picked":"hexamod:UnlimitedPower","floor":10},{"not_picked":["hexamod:ThermalTransfer","hexamod:SwordOfDarkness"],"picked":"hexamod:SpectersWail","floor":11},{"not_picked":["hexamod:RecurringNightmare","hexamod:ExtraCrispy"],"picked":"hexamod:AdvancingGuard","floor":12},{"not_picked":["hexamod:Firestarter","hexamod:NightmareStrike","hexamod:Hexaguard"],"picked":"SKIP","floor":14},{"not_picked":["hexamod:HauntingEcho","hexamod:FirstSeal"],"picked":"hexamod:FastForward","floor":15},{"not_picked":["hexamod:Toasty","hexamod:SearingWound"],"picked":"hexamod:SixthSeal","floor":16},{"not_picked":["hexamod:GhostShield","hexamod:RetreatToShadows","hexamod:HeatShield"],"picked":"SKIP","floor":19},{"not_picked":["hexamod:DynamicBlow","hexamod:NightmareGuise","hexamod:HeatMetal+1"],"picked":"SKIP","floor":20},{"not_picked":["hexamod:BurningTouch+1","hexamod:RetreatToShadows","hexamod:Hexaguard+1"],"picked":"SKIP","floor":21},{"not_picked":["hexamod:SwordOfDarkness","hexamod:GhostLash","hexamod:RetreatToShadows+1"],"picked":"SKIP","floor":26},{"not_picked":["hexamod:HeatMetal","hexamod:GhostflameBarrier"],"picked":"hexamod:GhostOfSpireFuture+1","floor":28},{"not_picked":["hexamod:SwordOfDarkness","hexamod:HeatMetal","hexamod:SpectralAdrenaline"],"picked":"SKIP","floor":31},{"not_picked":["hexamod:Firestarter","hexamod:NightmareStrike","hexamod:GhostLash"],"picked":"SKIP","floor":32},{"not_picked":["hexamod:SoulSteal","hexamod:HeatMetal"],"picked":"hexamod:HauntingEcho","floor":36},{"not_picked":["hexamod:Hexaguard","hexamod:NecessarySacrifice+1","hexamod:SwordOfDarkness+1"],"picked":"SKIP","floor":36},{"not_picked":["hexamod:ShieldOfDarkness+1","hexamod:Incineration+1"],"picked":"hexamod:FastForward","floor":38},{"not_picked":["hexamod:BurningTouch","hexamod:SwordOfDarkness"],"picked":"hexamod:SoulSteal+1","floor":38},{"not_picked":["hexamod:InspiringFlames+1","hexamod:FirstSeal","hexamod:SwordOfDarkness"],"picked":"SKIP","floor":39}],"player_experience":708524,"relics_obtained":[{"floor":6,"key":"Letter Opener"},{"floor":7,"key":"Anchor"},{"floor":28,"key":"Boot"},{"floor":34,"key":"Happy Flower"},{"floor":34,"key":"The Courier"},{"floor":34,"key":"Prayer Wheel"}],"event_choices":[],"is_beta":false,"boss_relics":[{"not_picked":["bronze:MakeshiftBattery","Sozu"],"picked":"SlaversCollar"},{"not_picked":["Tiny House","Black Star"],"picked":"Calling Bell"}],"items_purged_floors":[20],"is_endless":false,"potions_floor_spawned":[5,6,10,14,15,31,32,36],"killed_by":"Giant Head","ascension_level":1}}