{"host":"5w7hw1ne5h7avrl9","time":1612382475,"event":{"mods":["AchievementEnabler","BaseMod","Colored Map","Colored Powertips","Displayed Cursed Tome","Googly Eyes","Minty Spire (QoL Compilation)","SuperFastMode"],"gold_per_floor":[113,8,8,21,32,65,83,83,83,97,127,137,151,181,181,283,283,294,294,64,84,94,94,105,105,105],"floor_reached":25,"language":"ENG","playtime":1227,"items_purged":["Strike_B"],"score":250,"play_id":"43da6050-8e86-4393-aec9-4849eb9548e6","local_time":"20210203120115","is_ascension_mode":true,"campfire_choices":[{"data":"Static Discharge","floor":15,"key":"SMITH"},{"data":"Defragment","floor":23,"key":"SMITH"}],"circlet_count":0,"master_deck":["Strike_B","Strike_B","Strike_B","Defend_B","Defend_B","Defend_B","Defend_B","Zap","Dualcast","Conserve Battery","Defragment+1","Chaos","Lockon","Melter","Seek","Static Discharge+1","Doom and Gloom","Thunder Strike","Capacitor","Necronomicurse","Capacitor","Loop","Ball Lightning"],"relics":["Cracked Core","NeowsBlessing","GremlinMask","Meat on the Bone","HornCleat","Question Card","Pen Nib","Busted Crown","Necronomicon","MealTicket"],"acts_visited":["Exordium","TheCity"],"potions_floor_usage":[6,6,11,16,25,25,25],"damage_taken":[{"damage":0,"enemies":"Cultist","floor":1,"turns":1},{"damage":0,"enemies":"2 Louse","floor":4,"turns":1},{"damage":0,"enemies":"Jaw Worm","floor":5,"turns":1},{"damage":39,"enemies":"Gremlin Nob","floor":6,"turns":5},{"damage":25,"enemies":"Exordium Wildlife","floor":7,"turns":5},{"damage":9,"enemies":"Blue Slaver","floor":10,"turns":4},{"damage":13,"enemies":"Lagavulin","floor":11,"turns":6},{"damage":3,"enemies":"2 Fungi Beasts","floor":12,"turns":3},{"damage":13,"enemies":"Lots of Slimes","floor":13,"turns":4},{"damage":9,"enemies":"3 Sentries","floor":14,"turns":7},{"damage":17,"enemies":"Slime Boss","floor":16,"turns":8},{"damage":16,"enemies":"Shell Parasite","floor":18,"turns":4},{"damage":12,"enemies":"Chosen","floor":21,"turns":3},{"damage":0,"enemies":"Sentry and Sphere","floor":22,"turns":3},{"damage":2,"enemies":"Snake Plant","floor":24,"turns":2},{"damage":49,"enemies":"Slavers","floor":25,"turns":4}],"seed_played":"7992601780801356386","potions_obtained":[{"floor":1,"key":"FearPotion"},{"floor":5,"key":"Swift Potion"},{"floor":10,"key":"SkillPotion"},{"floor":13,"key":"CultistPotion"},{"floor":14,"key":"SpeedPotion"},{"floor":16,"key":"SpeedPotion"},{"floor":21,"key":"SpeedPotion"}],"is_trial":false,"path_per_floor":["M","$","?","M","M","E","M","?","T","M","E","M","M","E","R","B",null,"M","?","$","M","M","R","M","E"],"character_chosen":"DEFECT","items_purchased":["Defragment","Chill","MealTicket"],"campfire_rested":0,"item_purchase_floors":[2,2,20],"current_hp_per_floor":[75,75,75,75,75,36,23,75,75,66,53,50,49,40,40,35,75,59,43,43,43,43,43,41,0,0],"gold":105,"neow_bonus":"THREE_ENEMY_KILL","is_daily":false,"chose_seed":false,"campfire_upgraded":2,"win_rate":0.0,"timestamp":1612382475,"path_taken":["M","?","?","M","M","E","?","?","T","?","E","M","M","E","R","BOSS","M","?","$","M","M","R","M","E"],"items_purchased_type":["Card","Card","Relic"],"build_version":"2020-12-22","purchased_purges":1,"victory":false,"max_hp_per_floor":[75,75,75,75,75,75,75,75,75,75,75,75,75,75,75,75,75,75,75,75,75,75,75,75,75,75],"card_choices":[{"not_picked":["Turbo","Steam"],"picked":"Conserve Battery","floor":1},{"not_picked":["Recycle","Turbo","Steam"],"picked":"SKIP","floor":4},{"not_picked":["Beam Cell","Darkness"],"picked":"Chaos","floor":5},{"not_picked":["Hologram","Rebound"],"picked":"Lockon","floor":6},{"not_picked":["Go for the Eyes","White Noise"],"picked":"Melter","floor":7},{"not_picked":["Turbo","Sweeping Beam","Reprogram"],"picked":"SKIP","floor":10},{"not_picked":["Steam","Blizzard"],"picked":"Seek","floor":11},{"not_picked":["Capacitor","Stack","Compile Driver"],"picked":"Static Discharge","floor":12},{"not_picked":["Cold Snap","Blizzard","BootSequence","Redo"],"picked":"SKIP","floor":13},{"not_picked":["Sweeping Beam","Go for the Eyes","Rebound"],"picked":"Doom and Gloom","floor":14},{"not_picked":["Meteor Strike","Creative AI","Amplify"],"picked":"Thunder Strike","floor":16},{"not_picked":["Gash+1"],"picked":"Capacitor","floor":18},{"not_picked":["Blizzard"],"picked":"Capacitor","floor":21},{"not_picked":["Go for the Eyes"],"picked":"Loop","floor":22},{"not_picked":["Redo"],"picked":"Ball Lightning","floor":24}],"player_experience":174861,"relics_obtained":[{"floor":6,"key":"Meat on the Bone"},{"floor":9,"key":"HornCleat"},{"floor":11,"key":"Question Card"},{"floor":14,"key":"Pen Nib"}],"event_choices":[{"damage_healed":0,"gold_gain":0,"player_choice":"Trade","damage_taken":0,"relics_obtained":["GremlinMask"],"max_hp_gain":0,"max_hp_loss":0,"event_name":"FaceTrader","floor":3,"gold_loss":0},{"cards_removed":["Chill"],"damage_healed":52,"gold_gain":0,"player_choice":"Offered Uncommon","damage_taken":0,"max_hp_gain":0,"max_hp_loss":0,"event_name":"Bonfire Elementals","floor":8,"gold_loss":0},{"damage_healed":0,"gold_gain":0,"player_choice":"Obtained Book","damage_taken":16,"max_hp_gain":0,"max_hp_loss":0,"event_name":"Cursed Tome","floor":19,"gold_loss":0}],"is_beta":false,"boss_relics":[{"not_picked":["Inserter","Coffee Dripper"],"picked":"Busted Crown"}],"items_purged_floors":[20],"is_endless":false,"potions_floor_spawned":[1,5,10,13,14,16,21,22],"killed_by":"Slavers","ascension_level":2}}