{"host":"mgjbkrm6zb65cm01","time":1612358216,"event":{"mods":["ATMod(°¢èªMod)","BaseMod","Conspire","Good Game Mod","Marisa£¨ìFÓê¡¡Ä§ÀíÉ³£©","Minty Spire (QoL Compilation)","Quick Restart","Relic Stats","Replay The Spire","Spicy Shops","StSLib","The Bladedancer","The Servant 0.9.4","UnlockEverythingMod","noobMod"],"gold_per_floor":[116,116,135,148,165,194,269,285,334,368,388,402,21,47,47,157,157,188,188,188,208,99,99,99,99,125,140,140,20,200,214,214,325,325,340,406,24,40,40,40,82,96,96,96,158,189,202,219,219,219,219,219,3,47,135],"floor_reached":56,"language":"ZHS","playtime":4369,"items_purged":["Strike_MRS","Defend_MRS"],"score":1314,"play_id":"53472afb-0148-42fe-bd71-9c5641f9c1e1","local_time":"20210203211656","is_ascension_mode":false,"campfire_choices":[{"floor":15.0,"key":"RECALL"},{"data":"DC","floor":23.0,"key":"SMITH"},{"data":"BlazeAway","floor":25.0,"key":"SMITH"},{"data":"StarDustReverie","floor":32.0,"key":"SMITH"},{"floor":40,"key":"REST"},{"floor":49,"key":"REST"},{"data":"SuperNova","floor":52,"key":"SMITH"}],"circlet_count":0,"master_deck":["Strike_MRS","Strike_MRS","Defend_MRS","Defend_MRS","MasterSpark","UpSweep","CasketOfStar+1","AsteroidBelt","PowerUp","WitchLeyline","DC+1","LuminesStrike","MilkyWay","IllusionStar","NonDirectionalLaser","FinalSpark+1","WitchOfGreed","DeepEcoloBomb","GasGiant","GrandCross","MilkyWay","StarDustReverie+1","DoubleSpark+1","MagicAbsorber","GravityBeat","EnergyFlow+1","DC","Pain","OrrerysSun","BlazeAway+1","Robbery+1","PropBag+1","ManaConvection","MysteriousBeam","UnstableBomb","DeepEcoloBomb","CollectingQuirk","GasGiant","GravityBeat+1","6A","PowerUp","SporeBomb","DoubleSpark+1","Regret","SuperNova+1","Singularity+1","OortCloud","blademaster:WrongfulFootwork","LuminesStrike+1","DeepEcoloBomb","GrandCross+1","GravityBeat+1","Shame","AsteroidBelt+1"],"relics":["MiniHakkero","REME:ComplimentaryCards","ice","AT_ATBox","NeowsBlessing","Lizard Tail","Meat on the Bone","Membership Card","Whetstone","AT_BladeRuinedKing","conspire:SpecialSausage","Boot","Orrery","Simple Rune","Nilry\u0027s Codex","Cursed Key","CatCart","TheAbacus","Bronze Scales","Replay:PocketPolymizer","Ring of Hypnosis","ReplayTheSpireMod:Ring of Challenge","Pantograph","AT_LudenTempest","Regal Pillow","Calipers","AT_SpeedBoots","Ornamental Fan","AT_ArchangelStaff"],"acts_visited":["Exordium","TheCity","TheBeyond","TheEnding"],"potions_floor_usage":[33,33,38,45,50,55,55],"damage_taken":[{"damage":0.0,"enemies":"2 Louse","floor":1.0,"turns":2.0},{"damage":0.0,"enemies":"Cultist","floor":3.0,"turns":1.0},{"damage":0.0,"enemies":"Jaw Worm","floor":4.0,"turns":1.0},{"damage":12.0,"enemies":"Exordium Wildlife","floor":5.0,"turns":3.0},{"damage":17.0,"enemies":"Lagavulin","floor":6.0,"turns":4.0},{"damage":10.0,"enemies":"3 Louse","floor":8.0,"turns":3.0},{"damage":9.0,"enemies":"3 Sentries","floor":10.0,"turns":6.0},{"damage":0.0,"enemies":"Large Slime","floor":11.0,"turns":4.0},{"damage":8.0,"enemies":"Lots of Slimes","floor":12.0,"turns":3.0},{"damage":38.0,"enemies":"The Guardian","floor":16.0,"turns":6.0},{"damage":27.0,"enemies":"conspire:FuzzyDice","floor":18.0,"turns":3.0},{"damage":5.0,"enemies":"Spheric Guardian","floor":21.0,"turns":3.0},{"damage":15.0,"enemies":"Shelled Parasite and Fungi","floor":27.0,"turns":2.0},{"damage":11.0,"enemies":"Centurion and Healer","floor":31.0,"turns":4.0},{"damage":27,"enemies":"Pondfish","floor":33,"turns":7},{"damage":18,"enemies":"3 Darklings","floor":35,"turns":2},{"damage":50,"enemies":"Orin","floor":36,"turns":7},{"damage":4,"enemies":"Orb Walker","floor":38,"turns":2},{"damage":11,"enemies":"Sphere and 2 Shapes","floor":41,"turns":2},{"damage":13,"enemies":"Writhing Mass","floor":42,"turns":2},{"damage":47,"enemies":"Reptomancer","floor":45,"turns":4},{"damage":0,"enemies":"conspire:MimicChest","floor":46,"turns":2},{"damage":20,"enemies":"Spire Growth","floor":47,"turns":3},{"damage":10,"enemies":"Jaw Worm Horde","floor":48,"turns":2},{"damage":91,"enemies":"Replay:Hell Engine","floor":50,"turns":7},{"damage":30,"enemies":"Shield and Spear","floor":54,"turns":3},{"damage":84,"enemies":"The Heart","floor":55,"turns":4}],"seed_played":"-3303544404222502906","potions_obtained":[{"floor":4.0,"key":"Adrenaline Potion"},{"floor":6.0,"key":"Doom Potion"},{"floor":8.0,"key":"BottledSpark"},{"floor":12.0,"key":"Regen Potion"},{"floor":16.0,"key":"Fire Potion"},{"floor":16.0,"key":"EssenceOfSteel"},{"floor":27.0,"key":"ColorlessPotion"},{"floor":31.0,"key":"Elixir"},{"floor":33,"key":"Dexterity Potion"},{"floor":36,"key":"Explosive Potion"},{"floor":38,"key":"FairyPotion"},{"floor":42,"key":"LiquidMemories"},{"floor":45,"key":"SteroidPotion"}],"is_trial":false,"path_per_floor":["M","?","M","M","M","E","?","M","T","E","M","M","$","T","R","B",null,"M","?","?","M","$","R","?","R","T","M","?","$","?","M","R","B",null,"M","?","$","M","?","R","M","M","T","T","E","?","M","M","R","B",null,"R","$","E","B",null],"character_chosen":"MARISA","items_purchased":["Membership Card","WitchOfGreed","DeepEcoloBomb","GasGiant","GrandCross","Whetstone","MilkyWay","Boot","DC","Orrery","UnstableBomb","TheAbacus","Bronze Scales","Replay:PocketPolymizer","6A","PowerUp","SporeBomb","AT_SpeedBoots","Ornamental Fan","Swift Potion"],"campfire_rested":2,"item_purchase_floors":[13,13,13,13,13,13,13,22,22,22,29,37,37,37,37,37,37,53,53,53],"current_hp_per_floor":[75,75,75,75,63,46,35,25,25,16,28,32,32,32,32,20,75,48,48,48,43,43,43,43,43,43,40,24,24,5,43,43,28,75,57,19,19,27,27,49,38,37,37,37,47,47,39,41,80,70,89,89,89,59,51],"gold":135,"neow_bonus":"THREE_ENEMY_KILL","is_daily":false,"chose_seed":false,"campfire_upgraded":4,"win_rate":0.0,"timestamp":1612358216,"path_taken":["M","?","M","M","?","E","?","M","T","E","M","M","$","?","R","BOSS","M","?","?","M","$","R","?","R","T","?","?","?","?","M","R","BOSS","M","?","$","M","?","R","M","M","T","?","E","?","M","M","R","BOSS","R","$","E","BOSS"],"items_purchased_type":["Relic","Card","Card","Card","Card","Relic","Card","Relic","Card","Relic","Card","Relic","Relic","Relic","Card","Card","Card","Relic","Relic","Potion"],"build_version":"2020-12-22","purchased_purges":2,"victory":true,"max_hp_per_floor":[75,75,75,75,75,75,75,75,75,75,75,75,75,75,75,75,75,75,75,75,75,75,75,75,75,75,75,75,75,75,75,75,75,75,75,75,75,75,75,75,75,75,75,75,77,77,79,80,80,89,89,89,89,94,131],"relic_stats":{"Lizard Tail":37,"Regal Pillow":15,"TheAbacus":[30],"counters":[27,92],"Ornamental Fan":[24],"Bronze Scales":[90],"Pantograph":25,"Whetstone":["Strike_MRS","Strike_MRS"],"Boot":[218],"Cursed Key":2,"obtain_stats":[{"AmplifyWand":48,"Regal Pillow":45,"AT_ATBox":0,"Replay:PocketPolymizer":37,"Calipers":46,"Gremlin Horn":35,"Nilry\u0027s Codex":28,"conspire:SpecialSausage":17,"ice":0,"Whetstone":13,"Boot":22,"Cursed Key":34,"AT_ArchangelStaff":54,"Lizard Tail":6,"TheAbacus":37,"Mummified Hand":38,"Sundial":50,"Pantograph":43,"Kunai":54,"NeowsBlessing":0,"Ring of Hypnosis":39,"Blue Candle":47,"AT_BladeRuinedKing":14,"Letter Opener":16,"Mercury Hourglass":27,"REME:ComplimentaryCards":0,"AT_LudenTempest":44,"AT_SpeedBoots":53,"Shuriken":33,"Ornamental Fan":53,"Bronze Scales":37,"Orrery":22,"Simple Rune":26,"MiniHakkero":0,"Membership Card":13,"CatCart":36,"ReplayTheSpireMod:Ring of Challenge":39,"Meat on the Bone":10},{"AmplifyWand":24,"Regal Pillow":21,"AT_ATBox":0,"Replay:PocketPolymizer":17,"Calipers":22,"Gremlin Horn":16,"Nilry\u0027s Codex":13,"conspire:SpecialSausage":10,"ice":0,"Whetstone":9,"Boot":12,"Cursed Key":15,"AT_ArchangelStaff":26,"Lizard Tail":5,"TheAbacus":17,"Mummified Hand":18,"Sundial":25,"Pantograph":20,"Kunai":26,"NeowsBlessing":0,"Ring of Hypnosis":18,"Blue Candle":23,"AT_BladeRuinedKing":9,"Letter Opener":10,"Mercury Hourglass":13,"REME:ComplimentaryCards":0,"AT_LudenTempest":20,"AT_SpeedBoots":25,"Shuriken":15,"Ornamental Fan":25,"Bronze Scales":17,"Orrery":12,"Simple Rune":12,"MiniHakkero":0,"Membership Card":9,"CatCart":17,"ReplayTheSpireMod:Ring of Challenge":18,"Meat on the Bone":7},{"AmplifyWand":77,"Regal Pillow":71,"AT_ATBox":0,"Replay:PocketPolymizer":61,"Calipers":73,"Gremlin Horn":53,"Nilry\u0027s Codex":41,"conspire:SpecialSausage":33,"ice":0,"Whetstone":27,"Boot":39,"Cursed Key":52,"AT_ArchangelStaff":88,"Lizard Tail":11,"TheAbacus":61,"Mummified Hand":62,"Sundial":79,"Pantograph":67,"Kunai":86,"NeowsBlessing":0,"Ring of Hypnosis":63,"Blue Candle":74,"AT_BladeRuinedKing":27,"Letter Opener":33,"Mercury Hourglass":40,"REME:ComplimentaryCards":0,"AT_LudenTempest":67,"AT_SpeedBoots":85,"Shuriken":46,"Ornamental Fan":85,"Bronze Scales":61,"Orrery":39,"Simple Rune":39,"MiniHakkero":0,"Membership Card":27,"CatCart":61,"ReplayTheSpireMod:Ring of Challenge":63,"Meat on the Bone":20}],"Meat on the Bone":144},"card_choices":[{"not_picked":["WitchLeyline","Occultation"],"picked":"AsteroidBelt","floor":1.0},{"not_picked":["ManaConvection","UnstableBomb"],"picked":"PowerUp","floor":3.0},{"not_picked":["GrandCross","OneTimeOff"],"picked":"WitchLeyline","floor":4.0},{"not_picked":["SprinkleStarSeal","MagicAbsorber"],"picked":"DC","floor":5.0},{"not_picked":["SatelliteIllusion","DarkSpark"],"picked":"LuminesStrike","floor":6.0},{"not_picked":["GalacticHalo","DoubleSpark"],"picked":"MilkyWay","floor":8.0},{"not_picked":["MysteriousBeam","PowerUp"],"picked":"IllusionStar","floor":10.0},{"not_picked":["MysteriousBeam","ChargingUp"],"picked":"NonDirectionalLaser","floor":11.0},{"not_picked":["ShootingEcho","GalacticHalo"],"picked":"FinalSpark","floor":12.0},{"not_picked":["BigCrunch","BlazingStar"],"picked":"StarDustReverie","floor":16.0},{"not_picked":["MeteoricShower","PropBag"],"picked":"DoubleSpark+1","floor":18.0},{"not_picked":["DoubleSpark","StarlightTyphoon+1"],"picked":"EnergyFlow+1","floor":21.0},{"not_picked":["WitchOfGreed+1","ShootingEcho"],"picked":"OrrerysSun","floor":22.0},{"not_picked":["MilkyWay","PowerUp"],"picked":"BlazeAway","floor":22.0},{"not_picked":["MagicChant+1","GravityBeat"],"picked":"Robbery+1","floor":22.0},{"not_picked":["SporeBomb","EventHorizon"],"picked":"PropBag+1","floor":22.0},{"not_picked":["WitchLeyline","WitchOfGreed"],"picked":"ManaConvection","floor":22.0},{"not_picked":["DC","MeteoricShower+1"],"picked":"MysteriousBeam","floor":27.0},{"not_picked":["PropBag","ManaConvection"],"picked":"DeepEcoloBomb","floor":31.0},{"not_picked":["JA","MaximisePower"],"picked":"CollectingQuirk","floor":33},{"not_picked":["IllusionStar+1","UnstableBomb"],"picked":"GasGiant","floor":35},{"not_picked":["MilkyWay","StarBarrage+1"],"picked":"GravityBeat+1","floor":36},{"not_picked":["MagicAbsorber","GasGiant"],"picked":"DoubleSpark+1","floor":38},{"not_picked":["MilkyWay","BlazeAway"],"picked":"Singularity+1","floor":41},{"not_picked":["PowerUp+1","Singularity+1"],"picked":"OortCloud","floor":42},{"not_picked":["WitchOfGreed","DarkSpark+1"],"picked":"LuminesStrike+1","floor":45},{"not_picked":["IllusionStar+1","Robbery"],"picked":"DeepEcoloBomb","floor":46},{"not_picked":["ShootingEcho+1","OrrerysSun+1"],"picked":"GrandCross+1","floor":47},{"not_picked":["MysteriousBeam","6A"],"picked":"GravityBeat+1","floor":48},{"not_picked":["SporeBomb","OortCloud"],"picked":"AsteroidBelt+1","floor":54}],"player_experience":126671,"relics_obtained":[{"floor":6.0,"key":"Lizard Tail"},{"floor":10.0,"key":"Meat on the Bone"},{"floor":14.0,"key":"AT_BladeRuinedKing"},{"floor":26.0,"key":"Simple Rune"},{"floor":28.0,"key":"Nilry\u0027s Codex"},{"floor":36,"key":"CatCart"},{"floor":39,"key":"Ring of Hypnosis"},{"floor":39,"key":"ReplayTheSpireMod:Ring of Challenge"},{"floor":43,"key":"Pantograph"},{"floor":44,"key":"AT_LudenTempest"},{"floor":45,"key":"Regal Pillow"},{"floor":46,"key":"Calipers"},{"floor":54,"key":"AT_ArchangelStaff"}],"event_choices":[{"damage_healed":0.0,"max_hp_gain":0.0,"max_hp_loss":0.0,"gold_gain":0.0,"event_name":"Upgrade Shrine","player_choice":"Upgraded","floor":2.0,"gold_loss":0.0,"damage_taken":0.0,"cards_upgraded":["CasketOfStar"]},{"damage_healed":0.0,"max_hp_gain":0.0,"max_hp_loss":0.0,"gold_gain":75.0,"event_name":"World of Goop","player_choice":"Gather Gold","floor":7.0,"gold_loss":0.0,"damage_taken":11.0},{"damage_healed":0.0,"max_hp_gain":0.0,"max_hp_loss":0.0,"gold_gain":0.0,"cards_transformed":["Defend_MRS","Strike_MRS"],"event_name":"Drug Dealer","player_choice":"Became Test Subject","floor":19.0,"gold_loss":0.0,"damage_taken":0.0,"cards_obtained":["MagicAbsorber","GravityBeat"]},{"damage_healed":0.0,"max_hp_gain":0.0,"max_hp_loss":0.0,"gold_gain":0.0,"event_name":"conspire:Investor","player_choice":"Leave","floor":20.0,"gold_loss":0.0,"damage_taken":0.0},{"damage_healed":0.0,"max_hp_gain":0.0,"max_hp_loss":0.0,"gold_gain":0.0,"event_name":"Upgrade Shrine","player_choice":"Upgraded","floor":24.0,"gold_loss":0.0,"damage_taken":0.0,"cards_upgraded":["FinalSpark"]},{"damage_healed":0.0,"max_hp_gain":0.0,"max_hp_loss":0.0,"gold_gain":0.0,"event_name":"Cursed Tome","player_choice":"Obtained Book","floor":28.0,"gold_loss":0.0,"damage_taken":16.0},{"damage_healed":0.0,"max_hp_gain":0.0,"max_hp_loss":0.0,"gold_gain":180.0,"event_name":"Knowing Skull","player_choice":"GOLD GOLD ","floor":30.0,"potions_obtained":[],"gold_loss":0.0,"damage_taken":19.0,"cards_obtained":[]},{"damage_healed":0,"gold_gain":0,"player_choice":"Fight","damage_taken":0,"max_hp_gain":0,"max_hp_loss":0,"event_name":"OrinTheCat","floor":36,"gold_loss":0}],"is_beta":false,"boss_relics":[{"not_picked":["Honey Jar","Replay:Wanted Poster"],"picked":"conspire:SpecialSausage"},{"not_picked":["ReplayTheSpireMod:DimensionalGlitch","Replay:Drink Me"],"picked":"Cursed Key"}],"items_purged_floors":[29,29],"is_endless":false,"potions_floor_spawned":[4,6,8,12,16,27,31,38,42,54],"ascension_level":0}}