{"host":"51f0ad793vly1w6u","time":1612349946,"event":{"mods":["BaseMod","Colored Map","DeckTracker","Minty Spire (QoL Compilation)","Replay The Spire","StSLib","SuperFastMode"],"gold_per_floor":[117,129,129,139,64,64,93,93,93,93,114,133,133,152,152,152,152],"floor_reached":16,"language":"KOR","playtime":236,"items_purged":["Strike_R"],"score":112,"play_id":"410a4ed5-e40d-44a5-8b1f-c9a95fe4f507","local_time":"20210203195906","is_ascension_mode":true,"campfire_choices":[{"data":"Carnage","floor":6,"key":"SMITH"},{"data":"Berserk","floor":8,"key":"SMITH"},{"data":"Evolve","floor":13,"key":"SMITH"},{"data":"Replay:Undeath\u0027s Touch","floor":15,"key":"SMITH"}],"circlet_count":0,"master_deck":["Strike_R","Strike_R","Strike_R","Defend_R","Defend_R","Defend_R","Defend_R","Bash","ReplayTheSpireMod:Necrogeddon","Shrug It Off","Clash","Carnage+1","Berserk+1","Evolve+1","Battle Trance","Replay:Undeath\u0027s Touch+1"],"relics":["Burning Blood","Gremlin Horn","Meat on the Bone","Golden Idol"],"acts_visited":["Exordium"],"potions_floor_usage":[12,12,14],"damage_taken":[{"damage":6,"enemies":"Cultist","floor":1,"turns":3},{"damage":0,"enemies":"Small Slimes","floor":2,"turns":3},{"damage":0,"enemies":"2 Louse","floor":4,"turns":2},{"damage":13,"enemies":"Lagavulin","floor":7,"turns":6},{"damage":14,"enemies":"Blue Slaver","floor":11,"turns":3},{"damage":21,"enemies":"Exordium Wildlife","floor":12,"turns":3},{"damage":3,"enemies":"2 Fungi Beasts","floor":14,"turns":3},{"damage":47,"enemies":"The Guardian","floor":16,"turns":7}],"seed_played":"8918537544974291089","potions_obtained":[{"floor":7,"key":"ColorlessPotion"},{"floor":11,"key":"Weak Potion"},{"floor":12,"key":"Block Potion"}],"is_trial":false,"path_per_floor":["M","M","?","M","$","R","E","R","T","?","M","M","R","M","R","B"],"character_chosen":"IRONCLAD","items_purchased":[],"campfire_rested":0,"item_purchase_floors":[],"current_hp_per_floor":[72,72,72,72,72,72,65,65,65,65,57,42,42,45,45,0,0],"gold":152,"neow_bonus":"RANDOM_COLORLESS_2","is_daily":false,"chose_seed":false,"campfire_upgraded":4,"win_rate":0.0,"timestamp":1612349946,"path_taken":["M","?","?","?","?","R","E","R","T","?","M","M","R","M","R","BOSS"],"items_purchased_type":[],"build_version":"2020-12-22","purchased_purges":1,"victory":false,"max_hp_per_floor":[72,72,72,72,72,72,72,72,72,67,67,67,67,67,67,67,67],"card_choices":[{"not_picked":["Thinking Ahead","Secret Weapon"],"picked":"ReplayTheSpireMod:Necrogeddon","floor":0},{"not_picked":["Twin Strike","Sword Boomerang"],"picked":"Shrug It Off","floor":1},{"not_picked":["Heavy Blade","Sentinel"],"picked":"Clash","floor":2},{"not_picked":["Pommel Strike","Havoc"],"picked":"Carnage","floor":4},{"not_picked":["Intimidate","Clothesline"],"picked":"Berserk","floor":7},{"not_picked":["Anger","Infernal Blade"],"picked":"Evolve","floor":11},{"not_picked":["Pommel Strike","Run Through"],"picked":"Battle Trance","floor":12},{"not_picked":["Havoc","Evolve"],"picked":"Replay:Undeath\u0027s Touch","floor":14}],"player_experience":1434624,"relics_obtained":[{"floor":7,"key":"Gremlin Horn"},{"floor":9,"key":"Meat on the Bone"}],"event_choices":[{"cards_removed":["Strike_R"],"damage_healed":0,"gold_gain":0,"player_choice":"Purged","damage_taken":0,"max_hp_gain":0,"max_hp_loss":0,"event_name":"Purifier","floor":3,"gold_loss":0},{"damage_healed":0,"gold_gain":0,"player_choice":"Lose Max HP","damage_taken":0,"relics_obtained":["Golden Idol"],"max_hp_gain":0,"max_hp_loss":5,"event_name":"Golden Idol","floor":10,"gold_loss":0}],"is_beta":false,"boss_relics":[],"items_purged_floors":[5],"is_endless":false,"potions_floor_spawned":[7,11,12],"killed_by":"The Guardian","ascension_level":2}}