{"host":"l2dnabsh5e0fsksb","time":1612322672,"event":{"mods":["2.2 Compatiblity","BaseMod","Downfall","Minty Spire (QoL Compilation)","Quick Restart","StSLib"],"gold_per_floor":[99,99,162,162,262,294,294,320,334,90,90,75,86,86,105,184,184,84,95,112,131,145,420,420,431,463,133,147,47,66,78,94,173,173,73,91,110,3,23,40,40,69,69,89,99,133,133,152,172,172,172,201,80,80,80,80,80,80],"floor_reached":56,"language":"ENG","playtime":3536,"items_purged":["Regret"],"score":1299,"play_id":"5515cdb3-aa4f-4910-b7ec-16d58ca953aa","local_time":"20210203135432","is_ascension_mode":true,"campfire_choices":[{"floor":1.0,"key":"RECALL"},{"data":"bronze:Mutator","floor":18.0,"key":"SMITH"},{"floor":29.0,"key":"REST"},{"data":"bronze:Library","floor":35.0,"key":"SMITH"},{"floor":47,"key":"REST"},{"floor":54,"key":"REST"}],"circlet_count":0,"master_deck":["AscendersBane","bronze:Strike","bronze:Strike","bronze:Strike","bronze:Strike","bronze:Defend","bronze:Defend","bronze:Defend","bronze:Defend","bronze:Replicate","bronze:Goto","bronze:Iterate","bronze:Flail","bronze:DelayedSlice","bronze:InfiniteBeams","bronze:Iterate","bronze:Constructor","bronze:WhirlingStrike","bronze:Repair","bronze:FineTuning","bronze:Repulsor","Finesse","bronze:Format","bronze:BuggyMess","bronze:Mutator+1","bronze:Return+1","bronze:WhirlingStrike","bronze:FollowUp","bronze:Terminator","bronze:Optimize","bronze:ChildClass","bronze:MaxOutput+1","bronze:CutThrough+1","bronze:Library+1","bronze:Library","bronze:BronzeOrb","bronze:FollowUp+1","bronze:ClassDefault","bronze:ForceShield","bronze:WhirlingStrike+1","bronze:BuggyMess","bronze:Verify","bronze:Fortify","bronze:ChosenStrike+1"],"relics":["bronze:PlatinumCore","downfall:HeartsMalice","Pocketwatch","Lizard Tail","Akabeko","Gremlin Horn","Regal Pillow","Mango","downfall:HeartBlessingGreen","Bird Faced Urn","Shuriken","downfall:HeartBlessingBlue","expansioncontent:StudyCardRelic","downfall:HeartBlessingRed","TungstenRod","Bronze Scales","Bottled Flame","bronze:ProtectiveGoggles","StrikeDummy","Letter Opener"],"acts_visited":["Exordium","TheCity","TheBeyond","TheEnding"],"potions_floor_usage":[50,50,56],"damage_taken":[{"damage":0.0,"enemies":"2 Louse","floor":2.0,"turns":1.0},{"damage":0.0,"enemies":"Gremlin Nob","floor":3.0,"turns":1.0},{"damage":0.0,"enemies":"Jaw Worm","floor":4.0,"turns":1.0},{"damage":2.0,"enemies":"Gremlin Nob","floor":6.0,"turns":4.0},{"damage":30.0,"enemies":"Lagavulin","floor":8.0,"turns":5.0},{"damage":0.0,"enemies":"Small Slimes","floor":9.0,"turns":1.0},{"damage":0.0,"enemies":"downfall:FleeingMerchant","floor":10.0,"turns":4.0},{"damage":10.0,"enemies":"downfall:FleeingMerchant","floor":12.0,"turns":4.0},{"damage":0.0,"enemies":"Gremlin Gang","floor":13.0,"turns":3.0},{"damage":0.0,"enemies":"Exordium Wildlife","floor":15.0,"turns":1.0},{"damage":36.0,"enemies":"IC_STATUS_ARCHETYPE","floor":16.0,"turns":11.0},{"damage":14.0,"enemies":"Shell Parasite","floor":19.0,"turns":4.0},{"damage":11.0,"enemies":"Spheric Guardian","floor":20.0,"turns":5.0},{"damage":18.0,"enemies":"Snake Plant","floor":21.0,"turns":4.0},{"damage":0.0,"enemies":"3 Cultists","floor":22.0,"turns":3.0},{"damage":29.0,"enemies":"Cultist and Chosen","floor":25.0,"turns":6.0},{"damage":42.0,"enemies":"Book of Stabbing","floor":26.0,"turns":7.0},{"damage":0.0,"enemies":"downfall:FleeingMerchant","floor":27.0,"turns":4.0},{"damage":0.0,"enemies":"Sentry and Sphere","floor":28.0,"turns":3.0},{"damage":12.0,"enemies":"Chosen and Byrds","floor":30.0,"turns":6.0},{"damage":31.0,"enemies":"Snecko","floor":31.0,"turns":6.0},{"damage":12.0,"enemies":"Centurion and Healer","floor":32.0,"turns":5.0},{"damage":20.0,"enemies":"SI_MIRROR_ARCHETYPE","floor":33.0,"turns":8.0},{"damage":30.0,"enemies":"3 Darklings","floor":36.0,"turns":3.0},{"damage":25.0,"enemies":"Orb Walker","floor":37.0,"turns":4.0},{"damage":0.0,"enemies":"downfall:FleeingMerchant","floor":38.0,"turns":4.0},{"damage":3.0,"enemies":"Jaw Worm Horde","floor":39.0,"turns":3.0},{"damage":55.0,"enemies":"Spire Growth","floor":40.0,"turns":5.0},{"damage":10.0,"enemies":"Giant Head","floor":42.0,"turns":6.0},{"damage":7.0,"enemies":"4 Shapes","floor":44.0,"turns":5.0},{"damage":14,"enemies":"Maw","floor":45,"turns":7},{"damage":38,"enemies":"Reptomancer","floor":46,"turns":4},{"damage":15,"enemies":"Jaw Worm Horde","floor":48,"turns":4},{"damage":11,"enemies":"Sphere and 2 Shapes","floor":49,"turns":3},{"damage":52,"enemies":"DF_ARCHETYPE_ORBS","floor":50,"turns":9},{"damage":66,"enemies":"downfall:CharBossMerchant","floor":52,"turns":8},{"damage":44,"enemies":"downfall:NeowBoss","floor":55,"turns":14},{"damage":98,"enemies":"downfall:NeowBossFinal","floor":56,"turns":5}],"seed_played":"-5219250948596580755","potions_obtained":[{"floor":3.0,"key":"Guardian:BlockOnCardUsePotion"},{"floor":13.0,"key":"ColorlessPotion"},{"floor":15.0,"key":"AttackPotion"},{"floor":16.0,"key":"Dexterity Potion"},{"floor":21.0,"key":"Explosive Potion"},{"floor":25.0,"key":"Swift Potion"},{"floor":31.0,"key":"Energy Potion"},{"floor":39.0,"key":"PowerPotion"},{"floor":40.0,"key":"sneckomod:MuddlingPotion"},{"floor":44.0,"key":"bronze:BurnAndBuffPotion"}],"is_trial":false,"path_per_floor":["R","M","?","M","?","E","T","E","M","$","T","$","M","?","M","B",null,"R","M","M","M","M","?","T","M","E","$","M","R","M","M","M","B",null,"R","M","M","$","M","M","T","E","?","M","M","E","R","M","M","B",null,"E","$","R","B","B"],"character_chosen":"THE_AUTOMATON","items_purchased":["Regal Pillow","bronze:Repair","Shuriken","TungstenRod","Bronze Scales","DistilledChaos","SpeedPotion"],"campfire_rested":3,"item_purchase_floors":[10,10,27,38,38,53,53],"current_hp_per_floor":[57,57,57,57,57,55,55,25,25,25,39,36,43,43,43,14,61,61,55,51,40,40,40,40,18,23,34,46,87,81,60,62,71,83,83,69,66,83,87,40,40,58,58,74,80,53,87,82,87,56,79,40,40,81,73,0,0,0],"gold":80,"neow_bonus":"THREE_ENEMY_KILL","is_daily":false,"chose_seed":false,"campfire_upgraded":2,"win_rate":0.0,"timestamp":1612322672,"path_taken":["R","M","?","M","?","E","T","E","M","$","?","$","M","?","M","BOSS","R","M","?","?","M","?","T","M","E","$","M","R","M","M","M","BOSS","R","M","M","?","M","M","T","E","?","M","M","E","R","?","M","BOSS","E","$","R","BOSS","BOSS"],"items_purchased_type":["Relic","Card","Relic","Relic","Relic","Potion","Potion"],"build_version":"2020-12-22","purchased_purges":1,"victory":false,"max_hp_per_floor":[63,63,63,63,63,63,63,63,63,63,77,77,77,77,77,77,77,77,77,77,77,77,77,77,77,77,77,77,87,87,87,87,87,87,87,87,87,87,87,87,87,87,87,87,87,87,87,87,87,87,87,87,87,87,87,87,87,87],"card_choices":[{"not_picked":["bronze:Boost","bronze:Branch"],"picked":"bronze:Iterate","floor":2.0},{"not_picked":["bronze:Frontload","bronze:Shield"],"picked":"bronze:Flail","floor":3.0},{"not_picked":["bronze:DarkDash","bronze:ItsAFeature"],"picked":"bronze:DelayedSlice","floor":4.0},{"not_picked":["bronze:Format","bronze:BuggyMess"],"picked":"bronze:InfiniteBeams","floor":6.0},{"not_picked":["bronze:CleanCode","bronze:ForceShield"],"picked":"bronze:Iterate","floor":8.0},{"not_picked":["bronze:WildBeam","bronze:BuggyMess"],"picked":"bronze:Constructor","floor":9.0},{"not_picked":["bronze:Constructor","bronze:CloningBeam"],"picked":"bronze:WhirlingStrike","floor":10.0},{"not_picked":["bronze:CutThrough","bronze:Flail"],"picked":"bronze:FineTuning","floor":12.0},{"not_picked":["bronze:Constructor","bronze:Fortify"],"picked":"bronze:Repulsor","floor":13.0},{"not_picked":["bronze:Turbo","bronze:Invalidate"],"picked":"bronze:BuggyMess","floor":15.0},{"not_picked":["bronze:Assembly","bronze:ThunderWave"],"picked":"bronze:Mutator","floor":16.0},{"not_picked":["bronze:Branch","bronze:ChildClass"],"picked":"bronze:Return+1","floor":19.0},{"not_picked":["bronze:WildBeam","bronze:ClassDefault"],"picked":"bronze:WhirlingStrike","floor":20.0},{"not_picked":["bronze:Overheat","bronze:Separator"],"picked":"bronze:FollowUp","floor":21.0},{"not_picked":["bronze:Repulsor","bronze:CutThrough+1"],"picked":"bronze:Terminator","floor":22.0},{"not_picked":["bronze:Terminator","bronze:CutThrough","bronze:Virus"],"picked":"SKIP","floor":25.0},{"not_picked":["bronze:Deprecate","bronze:Allocate","bronze:BugBarrage"],"picked":"SKIP","floor":26.0},{"not_picked":["bronze:Constructor","bronze:OilSpill"],"picked":"bronze:Optimize","floor":27.0},{"not_picked":["bronze:Overheat","bronze:Shell"],"picked":"bronze:ChildClass","floor":28.0},{"not_picked":["bronze:Branch","bronze:BitShift+1"],"picked":"bronze:MaxOutput+1","floor":30.0},{"not_picked":["bronze:Deprecate","bronze:Safeguard"],"picked":"bronze:CutThrough+1","floor":31.0},{"not_picked":["bronze:ForceShield","bronze:DelayedGuard"],"picked":"bronze:Library","floor":32.0},{"not_picked":["bronze:CleanCode","bronze:ShipIt"],"picked":"bronze:Library","floor":33.0},{"not_picked":["bronze:Invalidate+1","bronze:Deprecate","bronze:FineTuning"],"picked":"SKIP","floor":36.0},{"not_picked":["bronze:Shell","bronze:Branch"],"picked":"bronze:BronzeOrb","floor":37.0},{"not_picked":["bronze:WildBeam","bronze:Refactor"],"picked":"bronze:FollowUp+1","floor":38.0},{"not_picked":["bronze:Flail","bronze:InfiniteBeams"],"picked":"bronze:ClassDefault","floor":39.0},{"not_picked":["bronze:DigitalCarnage+1","bronze:CutThrough","bronze:BugBarrage"],"picked":"SKIP","floor":40.0},{"not_picked":["bronze:WildBeam+1","bronze:BuggyMess"],"picked":"bronze:ForceShield","floor":42.0},{"not_picked":["bronze:WhirlingStrike","bronze:Separator","bronze:BugBarrage"],"picked":"SKIP","floor":44.0},{"not_picked":["bronze:FollowUp","bronze:Branch"],"picked":"bronze:WhirlingStrike+1","floor":45},{"not_picked":["bronze:BitShift","bronze:Turbo"],"picked":"bronze:BuggyMess","floor":46},{"not_picked":["bronze:CloningBeam","bronze:Return"],"picked":"bronze:Verify","floor":48},{"not_picked":["bronze:Deprecate","bronze:WhirlingStrike"],"picked":"bronze:Fortify","floor":49},{"not_picked":["bronze:CutThrough","bronze:DelayedGuard"],"picked":"bronze:ChosenStrike+1","floor":52}],"player_experience":1896399,"relics_obtained":[{"floor":6.0,"key":"Lizard Tail"},{"floor":7.0,"key":"Akabeko"},{"floor":8.0,"key":"Gremlin Horn"},{"floor":11.0,"key":"Mango"},{"floor":26.0,"key":"Bird Faced Urn"},{"floor":41.0,"key":"Bottled Flame"},{"floor":42.0,"key":"bronze:ProtectiveGoggles"},{"floor":46,"key":"StrikeDummy"},{"floor":52,"key":"Letter Opener"}],"event_choices":[],"is_beta":false,"boss_relics":[{"not_picked":["Calling Bell","Runic Dome"],"picked":"bronze:PlatinumCore"},{"not_picked":["Black Star","Coffee Dripper"],"picked":"expansioncontent:StudyCardRelic"}],"items_purged_floors":[27],"is_endless":false,"potions_floor_spawned":[3,13,15,16,21,22,25,31,39,40,44,45,48],"killed_by":"downfall:NeowBossFinal","ascension_level":14}}