{"host":"2pffx5rqbod9ds0c","time":1612334304,"event":{"mods":["Arknights","BaseMod","Better Altar","Better Match","Better Note","Better Sensory Stone","Better Skull","Better Third Choice","Bossed Relics","Custom Start","Hubris","Minty Spire (QoL Compilation)","Quick Restart","Relic Stats","Reliquary","Spicy Shops","StSLib"],"gold_per_floor":[109,0,14,32,32,57,57,67,92,92,53,88,88,104,104,208,208,227,239,252,177,177,177],"floor_reached":22,"language":"ENG","playtime":1250,"items_purged":[],"score":196,"play_id":"9faf9d4f-08f2-4c75-8d86-3b29c28146ee","local_time":"20210202223824","is_ascension_mode":false,"campfire_choices":[{"data":"ats:Closed Bolt Burst Fire","floor":7.0,"key":"SMITH"},{"data":"ats:Closed Bolt Burst Fire","floor":10.0,"key":"SMITH"},{"data":"ats:Overload","floor":15.0,"key":"SMITH"}],"circlet_count":0,"master_deck":["ats:Strike C","ats:Strike G","ats:Strike S","ats:Strike V","ats:Armor Crushing Shot","ats:Defend","ats:Defend","ats:Defend","ats:Defend","ats:Emotion Absorption+1","ats:Closed Bolt Burst Fire+1","Enlightenment+1","ats:Closed Bolt Burst Fire+1","ats:Overload+1","ats:Sashimi Platter","ats:Calcification+1","ats:Ambush+1","ats:Ambush+1"],"relics":["ats:Sanity","NeowsBlessing","ats:Originium","reliquary:PartyBalloon","War Paint","Ancient Tea Set","Black Star"],"acts_visited":["Exordium","TheCity"],"potions_floor_usage":[],"damage_taken":[{"damage":0.0,"enemies":"2 Louse","floor":1.0,"turns":1.0},{"damage":0.0,"enemies":"Small Slimes","floor":3.0,"turns":1.0},{"damage":0.0,"enemies":"Jaw Worm","floor":4.0,"turns":1.0},{"damage":21.0,"enemies":"Lagavulin","floor":6.0,"turns":6.0},{"damage":9.0,"enemies":"2 Fungi Beasts","floor":8.0,"turns":2.0},{"damage":17.0,"enemies":"3 Sentries","floor":12.0,"turns":8.0},{"damage":5.0,"enemies":"Looter","floor":14.0,"turns":2.0},{"damage":79.0,"enemies":"The Guardian","floor":16.0,"turns":11.0},{"damage":41.0,"enemies":"2 Thieves","floor":18.0,"turns":5.0},{"damage":36.0,"enemies":"3 Byrds","floor":19.0,"turns":7.0},{"damage":19.0,"enemies":"Cultist and Chosen","floor":20.0,"turns":5.0},{"damage":0,"enemies":"Snecko","floor":22,"turns":1}],"seed_played":"6242443158200322064","potions_obtained":[{"floor":3.0,"key":"PowerPotion"},{"floor":6.0,"key":"Swift Potion"},{"floor":8.0,"key":"Ancient Potion"},{"floor":12.0,"key":"Regen Potion"},{"floor":19.0,"key":"ats:Emergency Sanity Potion"}],"is_trial":false,"path_per_floor":["M","?","M","M","?","E","R","M","T","R","$","E","?","M","R","B",null,"M","M","M","?","M"],"character_chosen":"DOCTOR_CLASS","items_purchased":["ats:Sashimi Platter"],"campfire_rested":0,"item_purchase_floors":[11],"current_hp_per_floor":[72,78,78,78,83,62,62,53,53,53,53,48,48,49,49,9,83,57,30,23,23,23,23],"gold":177,"neow_bonus":"THREE_ENEMY_KILL","is_daily":false,"chose_seed":false,"campfire_upgraded":3,"win_rate":0.0,"timestamp":1612334304,"path_taken":["M","?","M","M","?","E","R","M","T","R","$","E","?","M","R","BOSS","M","M","M","?","?"],"items_purchased_type":["Card"],"build_version":"2020-12-22","purchased_purges":0,"victory":false,"max_hp_per_floor":[72,78,78,78,83,83,83,83,83,83,83,83,83,83,83,83,83,83,83,83,83,83,83],"relic_stats":{"counters":[12,49],"Black Star":0,"War Paint":["ats:Emotion Absorption","Enlightenment"],"obtain_stats":[{"NeowsBlessing":0,"ats:Originium":6,"reliquary:PartyBalloon":6,"Black Star":17,"ats:Sanity":0,"War Paint":9,"Ancient Tea Set":12},{"NeowsBlessing":0,"ats:Originium":4,"reliquary:PartyBalloon":4,"Black Star":8,"ats:Sanity":0,"War Paint":5,"Ancient Tea Set":6},{"NeowsBlessing":0,"ats:Originium":9,"reliquary:PartyBalloon":9,"Black Star":32,"ats:Sanity":0,"War Paint":11,"Ancient Tea Set":19}]},"card_choices":[{"not_picked":["ats:Shadow Raid","ats:Poison Spread"],"picked":"ats:Closed Bolt Burst Fire","floor":1.0},{"not_picked":["ats:Blood Oath","ats:Assault Order","ats:Curse Doll"],"picked":"SKIP","floor":3.0},{"not_picked":["ats:Curse Doll","ats:Apocalypse","ats:Hook Shot"],"picked":"SKIP","floor":4.0},{"not_picked":["ats:Curse Doll","ats:Apocalypse","ats:Hook Shot"],"picked":"SKIP","floor":4.0},{"not_picked":["ats:Rapid Magazine","ats:Shell Defense"],"picked":"ats:Closed Bolt Burst Fire","floor":6.0},{"not_picked":["ats:Blood Oath","ats:Assault Order"],"picked":"ats:Overload","floor":8.0},{"not_picked":["ats:Consecutive Shot Auto","ats:Cat Scratch","ats:LN2 Cannon"],"picked":"SKIP","floor":12.0},{"not_picked":["ats:Blood Oath","ats:Poison Spread","ats:Apocalypse"],"picked":"SKIP","floor":14.0},{"not_picked":["ats:Automatic Cover","ats:Shell Defense","ats:Blood Oath"],"picked":"SKIP","floor":18.0},{"not_picked":["ats:Very Hot Blade","ats:Powerful Strike","ats:Consecutive Shot Auto"],"picked":"SKIP","floor":19.0},{"not_picked":["ats:Very Hot Blade","ats:Powerful Strike","ats:Consecutive Shot Auto"],"picked":"SKIP","floor":19.0},{"not_picked":["ats:Composite Medical Shells","ats:Sunburst+1","ats:Soul Absorption"],"picked":"SKIP","floor":20.0},{"not_picked":["ats:Roar Of Ursus+1","ats:Shadow Assault+1"],"picked":"ats:Calcification+1","floor":21.0},{"not_picked":["ats:Dogmatic Field+1","ats:Echo Reverb+1"],"picked":"ats:Ambush+1","floor":21.0},{"not_picked":["ats:Soul Rend+1","ats:Roar Of Ursus+1"],"picked":"ats:Ambush+1","floor":21.0}],"player_experience":732810,"relics_obtained":[{"floor":6.0,"key":"ats:Originium"},{"floor":6.0,"key":"reliquary:PartyBalloon"},{"floor":9.0,"key":"War Paint"},{"floor":12.0,"key":"ats:Originium"},{"floor":12.0,"key":"Ancient Tea Set"}],"event_choices":[{"damage_healed":0.0,"max_hp_gain":0.0,"max_hp_loss":0.0,"gold_gain":0.0,"event_name":"betterThird:BetterSerpent","player_choice":"RENOUNCE","floor":2.0,"gold_loss":109.0,"damage_taken":109.0,"cards_obtained":["Enlightenment"]},{"damage_healed":0.0,"max_hp_gain":5.0,"max_hp_loss":0.0,"gold_gain":0.0,"event_name":"Big Fish","player_choice":"Donut","floor":5.0,"gold_loss":0.0,"damage_taken":0.0},{"damage_healed":0.0,"max_hp_gain":0.0,"max_hp_loss":0.0,"gold_gain":0.0,"event_name":"betterMatch:BetterMatch","player_choice":"3","floor":21.0,"gold_loss":0.0,"damage_taken":0.0,"cards_obtained":["betterMatch:RareCard"]}],"is_beta":false,"boss_relics":[{"not_picked":["hubris:GrandSneckoEye","hubris:ScarierMask"],"picked":"Black Star"}],"items_purged_floors":[],"is_endless":false,"potions_floor_spawned":[3,6,8,12,19],"killed_by":"Snecko","ascension_level":0}}