{"host":"0k696jvpnlqjk4gh","time":1612311666,"event":{"mods":["AchievementEnabler","BaseMod","Colored Map","Colored Powertips","Minty Spire (QoL Compilation)","Quick Restart"],"gold_per_floor":[113,113,113,185,195,220,231,231,255,255,270,298,298,309,309,404,404,416,268,284,39,39,71,84,114,114,146,146,146,146,159,159,264,314,325,325,375,375,375,375,375,375,421,439,139,158,158,124,124,124,124,124,34,34,34],"floor_reached":54,"language":"ENG","playtime":1632,"items_purged":["Regret"],"score":798,"play_id":"5c1e1687-a9c3-489a-ad4c-69abbc546fcc","local_time":"20210203002106","is_ascension_mode":true,"campfire_choices":[{"data":"Power Through","floor":10,"key":"SMITH"},{"data":"Infernal Blade","floor":15,"key":"SMITH"},{"floor":29,"key":"REST"},{"floor":32,"key":"RECALL"},{"data":"Bash","floor":40,"key":"SMITH"},{"data":"Fire Breathing","floor":49,"key":"SMITH"},{"data":"Good Instincts","floor":52,"key":"SMITH"}],"circlet_count":0,"master_deck":["Strike_R","Strike_R","Strike_R","Defend_R+1","Defend_R+1","Defend_R+1","Bash+1","Carnage+1","Infernal Blade+1","Power Through+1","Iron Wave+1","Anger+1","Immolate+1","CurseOfTheBell","Wild Strike+1","Anger+1","Thunderclap+1","Apotheosis+1","Reaper+1","Good Instincts+1","Madness","Madness","Fire Breathing+1","Shrug It Off","Metallicize"],"relics":["Burning Blood","NeowsBlessing","Lantern","Singing Bowl","Molten Egg 2","Boot","Juzu Bracelet","Odd Mushroom","Calling Bell","War Paint","Letter Opener","Champion Belt","Orrery","Pen Nib","Pocketwatch","Lizard Tail","Tiny House","Turnip","Mercury Hourglass","Red Skull","Ginger","Smiling Mask"],"acts_visited":["Exordium","TheCity","TheBeyond","TheEnding"],"potions_floor_usage":[16,16,16,25,33,50,50,50],"damage_taken":[{"damage":0,"enemies":"Jaw Worm","floor":1,"turns":1},{"damage":0,"enemies":"2 Louse","floor":5,"turns":1},{"damage":0,"enemies":"Lagavulin","floor":6,"turns":1},{"damage":0,"enemies":"Cultist","floor":7,"turns":2},{"damage":1,"enemies":"Large Slime","floor":11,"turns":4},{"damage":11,"enemies":"The Mushroom Lair","floor":12,"turns":4},{"damage":15,"enemies":"Exordium Thugs","floor":14,"turns":4},{"damage":68,"enemies":"Hexaghost","floor":16,"turns":10},{"damage":15,"enemies":"2 Thieves","floor":18,"turns":3},{"damage":2,"enemies":"Chosen","floor":20,"turns":3},{"damage":42,"enemies":"Gremlin Leader","floor":23,"turns":6},{"damage":0,"enemies":"3 Cultists","floor":24,"turns":2},{"damage":19,"enemies":"Book of Stabbing","floor":25,"turns":5},{"damage":38,"enemies":"Gremlin Leader","floor":27,"turns":5},{"damage":4,"enemies":"Centurion and Healer","floor":31,"turns":3},{"damage":62,"enemies":"Collector","floor":33,"turns":7},{"damage":8,"enemies":"3 Darklings","floor":35,"turns":3},{"damage":0,"enemies":"Mind Bloom Boss Battle","floor":37,"turns":5},{"damage":3,"enemies":"Orb Walker","floor":44,"turns":2},{"damage":10,"enemies":"Jaw Worm Horde","floor":46,"turns":4},{"damage":129,"enemies":"Awakened One","floor":50,"turns":12},{"damage":123,"enemies":"Shield and Spear","floor":54,"turns":6}],"seed_played":"3850813182324125643","potions_obtained":[{"floor":6,"key":"BloodPotion"},{"floor":7,"key":"Weak Potion"},{"floor":11,"key":"SneckoOil"},{"floor":14,"key":"Fire Potion"},{"floor":23,"key":"BloodPotion"},{"floor":24,"key":"Explosive Potion"},{"floor":34,"key":"FearPotion"},{"floor":35,"key":"Explosive Potion"},{"floor":46,"key":"Weak Potion"}],"is_trial":false,"path_per_floor":["M","?","?","T","M","E","M","?","T","R","M","?","?","M","R","B",null,"M","$","M","$","?","E","M","E","T","E","?","R","?","M","R","B",null,"M","?","?","?","T","R","?","?","T","M","$","M","T","$","R","B",null,"R","$","E"],"character_chosen":"IRONCLAD","items_purchased":["Orrery","Apotheosis","Ginger","Fire Breathing","Shrug It Off","Metallicize"],"campfire_rested":1,"item_purchase_floors":[19,21,45,48,53,53],"current_hp_per_floor":[80,77,77,77,82,84,84,84,84,84,84,79,79,72,72,27,86,77,83,89,89,89,55,63,71,71,41,41,71,71,75,75,19,111,111,111,115,115,115,115,115,101,101,106,106,115,115,115,115,65,119,119,119,0,0],"gold":34,"neow_bonus":"THREE_ENEMY_KILL","is_daily":false,"chose_seed":false,"campfire_upgraded":5,"win_rate":0.0,"timestamp":1612311666,"path_taken":["M","?","?","?","?","E","M","?","T","R","M","?","?","M","R","BOSS","M","$","M","$","?","E","M","E","T","E","?","R","?","M","R","BOSS","M","?","?","?","?","R","?","?","T","M","?","M","?","$","R","BOSS","R","$","E"],"items_purchased_type":["Relic","Card","Relic","Card","Card","Card"],"build_version":"2020-12-22","purchased_purges":1,"victory":false,"max_hp_per_floor":[80,80,80,80,82,84,84,84,84,84,84,84,84,86,86,86,86,86,92,94,94,94,96,98,100,100,102,102,102,102,104,104,104,111,113,113,115,115,115,115,115,115,115,117,117,119,119,119,119,119,119,119,119,119,119],"card_choices":[{"not_picked":["Perfected Strike","True Grit"],"picked":"Carnage","floor":1},{"not_picked":["Heavy Blade","Warcry","Havoc"],"picked":"Singing Bowl","floor":5},{"not_picked":["Uppercut+1","Burning Pact","Sword Boomerang+1"],"picked":"Singing Bowl","floor":6},{"not_picked":["Twin Strike+1","Bloodletting"],"picked":"Power Through","floor":7},{"not_picked":["Heavy Blade+1","Limit Break"],"picked":"Iron Wave+1","floor":11},{"not_picked":["Clothesline+1","Warcry"],"picked":"Anger+1","floor":12},{"not_picked":["Havoc","Sword Boomerang+1","Battle Trance"],"picked":"Singing Bowl","floor":14},{"not_picked":["Berserk","Juggernaut"],"picked":"Immolate+1","floor":16},{"not_picked":["Flex","Feel No Pain+1"],"picked":"Wild Strike+1","floor":18},{"not_picked":["Rage","Ghostly Armor"],"picked":"Anger+1","floor":19},{"not_picked":["Corruption","Thunderclap+1","Carnage+1"],"picked":"Singing Bowl","floor":19},{"not_picked":["Shockwave","Heavy Blade+1"],"picked":"Thunderclap+1","floor":19},{"not_picked":["Flame Barrier","Perfected Strike+1","Second Wind"],"picked":"Singing Bowl","floor":19},{"not_picked":["Dropkick+1","Searing Blow+1","Rupture"],"picked":"Singing Bowl","floor":19},{"not_picked":["Anger+1","Infernal Blade","Bloodletting"],"picked":"Singing Bowl","floor":20},{"not_picked":["Iron Wave+1","Inflame","Carnage+1"],"picked":"Singing Bowl","floor":23},{"not_picked":["Warcry","Clothesline+1","Perfected Strike+1"],"picked":"Singing Bowl","floor":24},{"not_picked":["Havoc","Combust","Dual Wield"],"picked":"Singing Bowl","floor":25},{"not_picked":["Perfected Strike+1","Flex","Clash+1"],"picked":"Singing Bowl","floor":27},{"not_picked":["Cleave+1","Combust","Headbutt+1"],"picked":"Singing Bowl","floor":31},{"not_picked":["Berserk","Barricade"],"picked":"Reaper+1","floor":33},{"not_picked":["Hemokinesis+1","Wild Strike+1","Spot Weakness"],"picked":"Singing Bowl","floor":34},{"not_picked":["Flame Barrier+1","Heavy Blade+1","Shrug It Off+1"],"picked":"Singing Bowl","floor":35},{"not_picked":["Burning Pact","Clash+1","Entrench+1"],"picked":"Singing Bowl","floor":37},{"not_picked":["PanicButton","Jack Of All Trades"],"picked":"Good Instincts","floor":41},{"not_picked":["Body Slam+1","Pommel Strike+1","Havoc+1"],"picked":"Singing Bowl","floor":44},{"not_picked":["Headbutt+1","True Grit","Iron Wave+1"],"picked":"Singing Bowl","floor":46}],"player_experience":123735,"relics_obtained":[{"floor":4,"key":"Singing Bowl"},{"floor":6,"key":"Molten Egg 2"},{"floor":9,"key":"Juzu Bracelet"},{"floor":12,"key":"Odd Mushroom"},{"floor":17,"key":"War Paint"},{"floor":17,"key":"Letter Opener"},{"floor":17,"key":"Champion Belt"},{"floor":23,"key":"Pen Nib"},{"floor":25,"key":"Pocketwatch"},{"floor":27,"key":"Lizard Tail"},{"floor":37,"key":"Turnip"},{"floor":39,"key":"Mercury Hourglass"},{"floor":43,"key":"Red Skull"},{"floor":47,"key":"Smiling Mask"}],"event_choices":[{"damage_healed":0,"gold_gain":0,"player_choice":"Success","damage_taken":3,"relics_obtained":["Lantern"],"max_hp_gain":0,"max_hp_loss":0,"event_name":"Scrap Ooze","floor":2,"gold_loss":0},{"damage_healed":0,"gold_gain":0,"cards_transformed":["Strike_R"],"player_choice":"Change","damage_taken":0,"max_hp_gain":0,"max_hp_loss":0,"event_name":"Living Wall","floor":3,"gold_loss":0,"cards_obtained":["Infernal Blade"]},{"damage_healed":0,"gold_gain":0,"player_choice":"Box","damage_taken":0,"relics_obtained":["Boot"],"max_hp_gain":0,"max_hp_loss":0,"event_name":"Big Fish","floor":8,"gold_loss":0,"cards_obtained":["Regret"]},{"damage_healed":0,"gold_gain":0,"player_choice":"Fought Mushrooms","damage_taken":0,"max_hp_gain":0,"max_hp_loss":0,"event_name":"Mushrooms","floor":12,"gold_loss":0},{"damage_healed":0,"gold_gain":0,"player_choice":"Upgraded","damage_taken":0,"max_hp_gain":0,"max_hp_loss":0,"event_name":"Upgrade Shrine","floor":13,"gold_loss":0,"cards_upgraded":["Carnage"]},{"cards_removed":["Strike_R"],"damage_healed":0,"gold_gain":0,"player_choice":"Purged","damage_taken":0,"max_hp_gain":0,"max_hp_loss":0,"event_name":"Purifier","floor":28,"gold_loss":0},{"damage_healed":0,"gold_gain":0,"player_choice":"Upgraded","damage_taken":0,"max_hp_gain":0,"max_hp_loss":0,"event_name":"Upgrade Shrine","floor":30,"gold_loss":0,"cards_upgraded":["Apotheosis"]},{"cards_removed":["Defend_R"],"damage_healed":0,"gold_gain":0,"player_choice":"Removed Skill","damage_taken":0,"max_hp_gain":0,"max_hp_loss":0,"event_name":"Falling","floor":36,"gold_loss":0},{"damage_healed":0,"gold_gain":0,"player_choice":"Fight","damage_taken":0,"max_hp_gain":0,"max_hp_loss":0,"event_name":"MindBloom","floor":37,"gold_loss":0},{"damage_healed":0,"gold_gain":0,"player_choice":"Ignored","damage_taken":0,"max_hp_gain":0,"max_hp_loss":0,"event_name":"Tomb of Lord Red Mask","floor":38,"gold_loss":0},{"damage_healed":0,"gold_gain":0,"player_choice":"Memory 1","damage_taken":0,"max_hp_gain":0,"max_hp_loss":0,"event_name":"SensoryStone","floor":41,"gold_loss":0},{"damage_healed":0,"gold_gain":0,"player_choice":"Embrace Madness","damage_taken":14,"max_hp_gain":0,"max_hp_loss":0,"event_name":"Winding Halls","floor":42,"gold_loss":0,"cards_obtained":["Madness","Madness"]}],"is_beta":false,"boss_relics":[{"not_picked":["Black Star","SacredBark"],"picked":"Calling Bell"},{"not_picked":["Runic Cube","Fusion Hammer"],"picked":"Tiny House"}],"items_purged_floors":[21],"is_endless":false,"potions_floor_spawned":[6,7,11,14,23,24,35,46],"killed_by":"Shield and Spear","ascension_level":1}}