{"host":"4rvakrj1idbgia3f","time":1612331267,"event":{"mods":["BaseMod","Colored Map","Colored Powertips","DeckTracker","Highlight Path","Minty Spire (QoL Compilation)","Random Character Button","StSLib"],"gold_per_floor":[109,109,34,50,63,63,138,138,138,149,181,181,207,221,221,299,299,310,310,329,329,346,346,64,64,64,78,110,110,110,110],"floor_reached":30,"language":"JPN","playtime":1180,"items_purged":[],"score":516,"play_id":"ffa65ce2-62bc-4c12-8404-56053cddfc89","local_time":"20210203144747","is_ascension_mode":true,"campfire_choices":[{"data":"Barrage","floor":6.0,"key":"SMITH"},{"data":"Ball Lightning","floor":8.0,"key":"SMITH"},{"data":"Chaos","floor":12.0,"key":"SMITH"},{"data":"Creative AI","floor":15.0,"key":"SMITH"},{"data":"Capacitor","floor":23.0,"key":"SMITH"},{"data":"Zap","floor":25.0,"key":"SMITH"},{"floor":29,"key":"REST"}],"circlet_count":0,"master_deck":["AscendersBane","Strike_B","Strike_B","Strike_B","Defend_B","Defend_B","Defend_B","Defend_B","Zap+1","Dualcast","Barrage+1","Ball Lightning","Ball Lightning+1","Chaos+1","Conserve Battery+1","Creative AI+1","Fission+1","CurseOfTheBell","White Noise+1","Capacitor+1","Amplify+1","Coolheaded+1","Glacier+1"],"relics":["Cracked Core","NeowsBlessing","Meat on the Bone","Pantograph","Toy Ornithopter","Toxic Egg 2","Calling Bell","Bronze Scales","Gremlin Horn","Gambling Chip","Bottled Lightning","Mercury Hourglass","Nunchaku"],"acts_visited":["Exordium","TheCity"],"potions_floor_usage":[28,30],"damage_taken":[{"damage":0.0,"enemies":"2 Louse","floor":1.0,"turns":1.0},{"damage":0.0,"enemies":"Small Slimes","floor":4.0,"turns":1.0},{"damage":0.0,"enemies":"Jaw Worm","floor":5.0,"turns":1.0},{"damage":1.0,"enemies":"Looter","floor":10.0,"turns":2.0},{"damage":10.0,"enemies":"3 Sentries","floor":11.0,"turns":4.0},{"damage":10.0,"enemies":"Lagavulin","floor":13.0,"turns":4.0},{"damage":13.0,"enemies":"Large Slime","floor":14.0,"turns":4.0},{"damage":12.0,"enemies":"Slime Boss","floor":16.0,"turns":6.0},{"damage":21.0,"enemies":"2 Thieves","floor":18.0,"turns":2.0},{"damage":0.0,"enemies":"3 Byrds","floor":20.0,"turns":2.0},{"damage":0.0,"enemies":"Masked Bandits","floor":21.0,"turns":1.0},{"damage":17.0,"enemies":"Snecko","floor":22.0,"turns":5.0},{"damage":10,"enemies":"Shelled Parasite and Fungi","floor":27,"turns":3},{"damage":32,"enemies":"Book of Stabbing","floor":28,"turns":4},{"damage":79,"enemies":"Gremlin Leader","floor":30,"turns":4}],"seed_played":"4045902611990530246","potions_obtained":[{"floor":1.0,"key":"AttackPotion"},{"floor":4.0,"key":"ColorlessPotion"},{"floor":14.0,"key":"SmokeBomb"},{"floor":16.0,"key":"CultistPotion"},{"floor":27,"key":"PowerPotion"},{"floor":28,"key":"Regen Potion"}],"is_trial":false,"path_per_floor":["M","?","?","M","M","R","?","R","T","M","E","R","E","M","R","B",null,"M","?","M","?","M","R","$","R","T","M","E","R","E"],"character_chosen":"DEFECT","items_purchased":["Bottled Lightning"],"campfire_rested":1,"item_purchase_floors":[24],"current_hp_per_floor":[64,59,59,59,59,59,48,48,48,47,37,37,39,38,38,51,66,45,45,45,50,45,45,45,45,45,47,32,53,0,0],"gold":110,"neow_bonus":"THREE_ENEMY_KILL","is_daily":false,"chose_seed":false,"campfire_upgraded":6,"win_rate":0.0,"timestamp":1612331267,"path_taken":["M","?","?","M","M","R","?","R","T","M","E","R","E","M","R","BOSS","M","?","M","?","M","R","$","R","T","?","E","R","E"],"items_purchased_type":["Relic"],"build_version":"2020-12-22","purchased_purges":0,"victory":false,"max_hp_per_floor":[71,71,71,71,71,71,71,71,71,71,71,71,71,71,71,71,71,71,71,71,71,71,71,71,71,71,71,71,71,71,71],"card_choices":[{"not_picked":["Tempest","Redo"],"picked":"Barrage","floor":1.0},{"not_picked":["Gash","Steam"],"picked":"Ball Lightning","floor":4.0},{"not_picked":["Rebound","Sweeping Beam"],"picked":"Ball Lightning","floor":5.0},{"not_picked":["Heatsinks","Fusion","Force Field"],"picked":"SKIP","floor":10.0},{"not_picked":["Hello World","Sweeping Beam"],"picked":"Chaos","floor":11.0},{"not_picked":["Steam Power+1","Heatsinks"],"picked":"Conserve Battery+1","floor":13.0},{"not_picked":["Turbo+1","Compile Driver"],"picked":"Creative AI","floor":14.0},{"not_picked":["Reboot+1","Echo Form"],"picked":"Fission+1","floor":16.0},{"not_picked":["Barrage","Sweeping Beam","Go for the Eyes"],"picked":"SKIP","floor":18.0},{"not_picked":["Stack+1","Coolheaded+1"],"picked":"Capacitor","floor":20.0},{"not_picked":["Beam Cell","Steam+1"],"picked":"Amplify+1","floor":22.0},{"not_picked":["Beam Cell","Loop"],"picked":"Coolheaded+1","floor":27},{"not_picked":["Static Discharge","Steam+1"],"picked":"Glacier+1","floor":28}],"player_experience":2198478,"relics_obtained":[{"floor":9.0,"key":"Pantograph"},{"floor":11.0,"key":"Toy Ornithopter"},{"floor":13.0,"key":"Toxic Egg 2"},{"floor":17.0,"key":"Bronze Scales"},{"floor":17.0,"key":"Gremlin Horn"},{"floor":17.0,"key":"Gambling Chip"},{"floor":26.0,"key":"Mercury Hourglass"},{"floor":28,"key":"Nunchaku"}],"event_choices":[{"damage_healed":0.0,"max_hp_gain":0.0,"max_hp_loss":0.0,"gold_gain":0.0,"event_name":"Scrap Ooze","player_choice":"Success","floor":2.0,"gold_loss":0.0,"damage_taken":5.0,"relics_obtained":["Meat on the Bone"]},{"cards_removed":["Strike_B"],"damage_healed":0.0,"max_hp_gain":0.0,"max_hp_loss":0.0,"gold_gain":0.0,"event_name":"The Cleric","player_choice":"Card Removal","floor":3.0,"gold_loss":75.0,"damage_taken":0.0},{"damage_healed":0.0,"max_hp_gain":0.0,"max_hp_loss":0.0,"gold_gain":75.0,"event_name":"World of Goop","player_choice":"Gather Gold","floor":7.0,"gold_loss":0.0,"damage_taken":11.0},{"damage_healed":0.0,"max_hp_gain":0.0,"max_hp_loss":0.0,"gold_gain":0.0,"event_name":"The Library","player_choice":"Read","floor":19.0,"gold_loss":0.0,"damage_taken":0.0,"cards_obtained":["White Noise"]},{"damage_healed":0.0,"max_hp_gain":0.0,"max_hp_loss":0.0,"gold_gain":0.0,"event_name":"Masked Bandits","player_choice":"Fought Bandits","floor":21.0,"gold_loss":0.0,"damage_taken":0.0}],"is_beta":false,"boss_relics":[{"not_picked":["Velvet Choker","Tiny House"],"picked":"Calling Bell"}],"items_purged_floors":[],"is_endless":false,"potions_floor_spawned":[1,4,14,16,21,27,28],"killed_by":"Gremlin Leader","ascension_level":20}}