{"host":"czen9m7c7ttmirt2","time":1612342418,"event":{"mods":["AchievementEnabler","Aspiration","BaseMod","Better Third Choice","Colored Map","Colored Powertips","Conspire","Hubris","Minty Spire (QoL Compilation)","Replay The Spire","StSLib"],"gold_per_floor":[109,109,128,228,244,244,258,258,281,300,320,354,52,78,78,191,191,242,267,302,262,32,32,32,61,61,61,97,97,144,183,183,291,291,318,361,377,377],"floor_reached":37,"language":"ENG","playtime":1838,"items_purged":[],"score":516,"play_id":"6c72ac1e-4bb8-4f91-999c-324ebd1eff21","local_time":"20210203025338","is_ascension_mode":true,"campfire_choices":[{"floor":6,"key":"RECALL"},{"data":"Defragment","floor":8,"key":"SMITH"},{"floor":15,"key":"REST"},{"data":"conspire:Banana","floor":23,"key":"SMITH"},{"floor":27,"key":"REST"},{"data":"Rainbow","floor":29,"key":"SMITH"},{"floor":32,"key":"REST"}],"circlet_count":0,"master_deck":["Strike_B","Strike_B","Strike_B","Strike_B","Defend_B","Defend_B","Defend_B+1","Defend_B","Zap","Dualcast","Defend_B","ReplayTheSpireMod:Omega Cannon","White Noise","Conserve Battery","Cold Snap","Defragment+1","Undo","Stack","Cold Snap","hubris:EnhanceAbility","Buffer+1","Amplify","Ball Lightning","Cold Snap","Panic Button","conspire:Banana+1","Rainbow+1","Chaos","BootSequence","BasicCrystalCard","Rainbow","Rebound+1","Consume+1"],"relics":["Cracked Core","Replay:Bandana","Nuclear Battery","Happy Flower","hubris:MysteriousPyramids","hubris:HollowSoul"],"acts_visited":["Exordium","TheCity","TheBeyond"],"potions_floor_usage":[19,19,36,37,37],"damage_taken":[{"damage":0,"enemies":"conspire:RoseBush","floor":1,"turns":3},{"damage":0,"enemies":"2 Louse","floor":3,"turns":1},{"damage":2,"enemies":"Jaw Worm","floor":5,"turns":3},{"damage":7,"enemies":"Red Slaver","floor":7,"turns":3},{"damage":14,"enemies":"Lots of Slimes","floor":10,"turns":2},{"damage":8,"enemies":"conspire:2 RoseBushes","floor":11,"turns":6},{"damage":22,"enemies":"3 Sentries","floor":12,"turns":3},{"damage":2,"enemies":"Red Slaver","floor":14,"turns":4},{"damage":0,"enemies":"Slime Boss","floor":16,"turns":10},{"damage":0,"enemies":"3 Byrds","floor":18,"turns":6},{"damage":15,"enemies":"conspire:FuzzyDice","floor":19,"turns":5},{"damage":0,"enemies":"Sentry and Sphere","floor":20,"turns":5},{"damage":44,"enemies":"Snake Plant","floor":25,"turns":6},{"damage":0,"enemies":"Centurion and Healer","floor":28,"turns":8},{"damage":0,"enemies":"3 Cultists","floor":30,"turns":5},{"damage":0,"enemies":"Cultist and Chosen","floor":31,"turns":5},{"damage":49,"enemies":"hubris:MusketHawk","floor":33,"turns":10},{"damage":32,"enemies":"3 Shapes","floor":35,"turns":6},{"damage":31,"enemies":"3 Darklings","floor":36,"turns":4},{"damage":29,"enemies":"Jaw Worm Horde","floor":37,"turns":3}],"seed_played":"-2473814235351035542","potions_obtained":[{"floor":1,"key":"PowerPotion"},{"floor":3,"key":"AttackPotion"},{"floor":12,"key":"Block Potion"},{"floor":14,"key":"Block Potion"},{"floor":16,"key":"EssenceOfDarkness"},{"floor":19,"key":"FairyPotion"},{"floor":20,"key":"Toxic Potion"},{"floor":36,"key":"SkillPotion"}],"is_trial":false,"path_per_floor":["M","?","M","?","M","R","M","R","T","M","M","E","$","M","R","B",null,"M","M","M","?","$","R","$","M","T","R","M","R","M","M","R","B",null,"M","M","M"],"character_chosen":"DEFECT","items_purchased":["hubris:EnhanceAbility","Buffer","conspire:Banana","Happy Flower"],"campfire_rested":3,"item_purchase_floors":[13,13,22,22],"current_hp_per_floor":[75,75,75,75,73,73,66,66,66,52,44,22,22,20,42,42,75,75,60,60,60,60,60,60,18,18,41,43,43,45,47,71,24,85,55,26,0,0],"gold":377,"neow_bonus":"THREE_RARE_CARDS","is_daily":false,"chose_seed":false,"campfire_upgraded":3,"win_rate":0.0,"timestamp":1612342418,"path_taken":["M","?","M","?","M","R","M","R","T","M","M","E","$","M","R","BOSS","M","M","M","?","$","R","$","M","T","R","M","R","M","?","R","BOSS","M","M","?"],"items_purchased_type":["Card","Card","Card","Relic"],"build_version":"2020-12-22","purchased_purges":0,"victory":false,"max_hp_per_floor":[75,75,75,75,75,75,75,75,75,75,75,75,75,75,75,75,75,75,75,75,75,75,75,75,77,77,77,79,79,81,83,83,85,85,87,89,91,91],"card_choices":[{"not_picked":["Fission","Biased Cognition"],"picked":"ReplayTheSpireMod:Omega Cannon","floor":0},{"not_picked":["Coolheaded","Blizzard"],"picked":"White Noise","floor":1},{"not_picked":["Beam Cell","Force Field"],"picked":"Conserve Battery","floor":3},{"not_picked":["Go for the Eyes","Scrape"],"picked":"Cold Snap","floor":5},{"not_picked":["Leap","Loop"],"picked":"Defragment","floor":7},{"not_picked":["Doom and Gloom","Gash"],"picked":"Undo","floor":10},{"not_picked":["Steam","Streamline"],"picked":"Stack","floor":11},{"not_picked":["Recycle","Streamline"],"picked":"Cold Snap","floor":12},{"not_picked":["Barrage","Heatsinks","Rip and Tear"],"picked":"SKIP","floor":14},{"not_picked":["Hyperbeam","Meteor Strike"],"picked":"Amplify","floor":16},{"not_picked":["ReplayTheSpireMod:Reroute Power","Undo"],"picked":"Ball Lightning","floor":18},{"not_picked":["Doom and Gloom","Steam"],"picked":"Cold Snap","floor":19},{"not_picked":["Sunder","Melter"],"picked":"Panic Button","floor":20},{"not_picked":["Coolheaded","Stack"],"picked":"Rainbow","floor":25},{"not_picked":["Recycle","Chill"],"picked":"Chaos","floor":28},{"not_picked":["Leap","Darkness+1"],"picked":"BootSequence","floor":30},{"not_picked":["Rip and Tear","Streamline"],"picked":"BasicCrystalCard","floor":31},{"not_picked":["Buffer","Fission"],"picked":"Rainbow","floor":33},{"not_picked":["Barrage+1","Leap"],"picked":"Rebound+1","floor":35},{"not_picked":["Gash","Leap+1"],"picked":"Consume+1","floor":36}],"player_experience":211202,"relics_obtained":[{"floor":12,"key":"Replay:Bandana"},{"floor":26,"key":"hubris:MysteriousPyramids"}],"event_choices":[{"cards_removed":["Defend_G"],"damage_healed":0,"gold_gain":0,"player_choice":"Forget","damage_taken":0,"max_hp_gain":0,"max_hp_loss":0,"event_name":"Living Wall","floor":2,"gold_loss":0},{"damage_healed":0,"gold_gain":100,"player_choice":"Pray","damage_taken":0,"max_hp_gain":0,"max_hp_loss":0,"event_name":"Golden Shrine","floor":4,"gold_loss":0},{"damage_healed":0,"gold_gain":0,"player_choice":"Upgraded Two","damage_taken":0,"max_hp_gain":0,"max_hp_loss":0,"event_name":"Designer","floor":21,"gold_loss":40,"cards_upgraded":["Defend_B","Buffer"]}],"is_beta":false,"boss_relics":[{"not_picked":["aspiration:SecretTechniqueScroll","hubris:Stopwatch"],"picked":"Nuclear Battery"},{"not_picked":["conspire:RunicOctahedron","aspiration:WatcherSkillbook"],"picked":"hubris:HollowSoul"}],"items_purged_floors":[],"is_endless":false,"potions_floor_spawned":[1,3,12,14,16,19,20,28,36],"killed_by":"Jaw Worm Horde","ascension_level":3}}