{"host":"knspyp6dy614fx6e","time":1612324975,"event":{"mods":["ATMod(°¢èªMod)","Aspiration","BaseMod","Better Altar","Better Skull","Better Third Choice","Card Filter","DeckTracker","Dota2Spire","Energized Spire","Jedi Mod","Minty Spire (QoL Compilation)","Quick Restart","Relic Filter Mod","Relic Stats","Reliquary","Shop Mod","Spicy Shops","StSLib","TestMod","Waifu the Spire","¡¾ÒÅÎï¿¨ÅÆ¡¿REMEMod"],"gold_per_floor":[118,118,133,152,1,29,29,40,65,94,94,94,111,125,125,201,201,215,215,226,239,258,258,258,258],"floor_reached":24,"language":"ZHS","playtime":841,"items_purged":["Pain"],"score":420,"play_id":"ac62d79e-6901-47da-a08b-be1ccb1cc8af","local_time":"20210203120255","is_ascension_mode":true,"campfire_choices":[{"data":"Armaments","floor":7.0,"key":"SMITH"},{"data":"jedi:strikingstrike","floor":11.0,"key":"SMITH"},{"data":"Metallicize","floor":15.0,"key":"SMITH"},{"data":"REME_Cut","floor":23,"key":"SMITH"}],"circlet_count":0,"master_deck":["AscendersBane","Strike_R","Strike_R","Strike_R","Strike_R","Strike_R","Defend_R","Defend_R","Defend_R","Defend_R","Bash","Pommel Strike","REME_Cut+1","Armaments+1","Metallicize+1","jedi:strikingstrike+1","Infernal Blade","Reaper","Sword Boomerang","Second Wind"],"relics":["Burning Blood","AT_ATBox","testmod-TestBox","REME_ComplimentaryCards","NeowsBlessing","WarpedTongs","Dota2Spire:OrchidMalevolence","reliquary:SilkGlove","Art of War","Sozu"],"acts_visited":["Exordium","TheCity"],"potions_floor_usage":[],"damage_taken":[{"damage":0.0,"enemies":"2 Louse","floor":1.0,"turns":1.0},{"damage":0.0,"enemies":"Cultist","floor":3.0,"turns":1.0},{"damage":0.0,"enemies":"Jaw Worm","floor":4.0,"turns":1.0},{"damage":29.0,"enemies":"Lagavulin","floor":6.0,"turns":6.0},{"damage":5.0,"enemies":"Large Slime","floor":8.0,"turns":2.0},{"damage":13.0,"enemies":"3 Sentries","floor":10.0,"turns":5.0},{"damage":7.0,"enemies":"Lots of Slimes","floor":13.0,"turns":5.0},{"damage":14.0,"enemies":"3 Louse","floor":14.0,"turns":4.0},{"damage":27.0,"enemies":"Slime Boss","floor":16.0,"turns":12.0},{"damage":20,"enemies":"Chosen","floor":18,"turns":5},{"damage":0,"enemies":"Spheric Guardian","floor":20,"turns":3},{"damage":25,"enemies":"Cultist and Chosen","floor":21,"turns":5},{"damage":32,"enemies":"Shelled Parasite and Fungi","floor":22,"turns":3},{"damage":40,"enemies":"Slavers","floor":24,"turns":2}],"seed_played":"-3778953251796831274","potions_obtained":[{"floor":8.0,"key":"PowerPotion"},{"floor":10.0,"key":"SpeedPotion"},{"floor":13.0,"key":"SkillPotion"}],"is_trial":false,"path_per_floor":["M","?","M","M","$","E","R","M","T","E","R","?","M","M","R","B",null,"M","?","M","M","M","R","E"],"character_chosen":"IRONCLAD","items_purchased":["Metallicize"],"campfire_rested":0,"item_purchase_floors":[5],"current_hp_per_floor":[74,74,75,75,75,52,52,53,53,46,46,46,45,37,37,16,60,50,50,56,42,37,37,0,0],"gold":258,"neow_bonus":"THREE_ENEMY_KILL","is_daily":false,"chose_seed":false,"campfire_upgraded":4,"win_rate":0.0,"timestamp":1612324975,"path_taken":["M","?","M","?","$","E","R","M","T","E","R","?","M","M","R","BOSS","M","?","M","M","M","R","E"],"items_purchased_type":["Card"],"build_version":"2020-12-22","purchased_purges":1,"victory":false,"max_hp_per_floor":[75,75,75,75,75,75,75,75,75,75,75,75,75,75,75,75,75,75,75,75,75,75,75,75,75],"relic_stats":{"Sozu":3,"counters":[14,55],"Art of War":[0],"obtain_stats":[{"Sozu":17,"AT_ATBox":0,"testmod-TestBox":0,"reliquary:SilkGlove":9,"NeowsBlessing":0,"Dota2Spire:OrchidMalevolence":6,"Art of War":10,"Burning Blood":0,"REME_ComplimentaryCards":0,"WarpedTongs":2},{"Sozu":9,"AT_ATBox":0,"testmod-TestBox":0,"reliquary:SilkGlove":5,"NeowsBlessing":0,"Dota2Spire:OrchidMalevolence":4,"Art of War":6,"Burning Blood":0,"REME_ComplimentaryCards":0,"WarpedTongs":1},{"Sozu":37,"AT_ATBox":0,"testmod-TestBox":0,"reliquary:SilkGlove":11,"NeowsBlessing":0,"Dota2Spire:OrchidMalevolence":9,"Art of War":16,"Burning Blood":0,"REME_ComplimentaryCards":0,"WarpedTongs":1}],"Burning Blood":67,"WarpedTongs":[50]},"card_choices":[{"not_picked":["Shrug It Off","Dual Wield"],"picked":"Pommel Strike","floor":1.0},{"not_picked":["Warcry","Pommel Strike"],"picked":"REME_Cut","floor":3.0},{"not_picked":["Thunderclap","Iron Wave"],"picked":"Armaments","floor":4.0},{"not_picked":["Iron Wave","Twin Strike"],"picked":"jedi:strikingstrike","floor":6.0},{"not_picked":["Havoc","Intimidate","Pummel"],"picked":"SKIP","floor":8.0},{"not_picked":["Wild Strike","True Grit","Pommel Strike"],"picked":"SKIP","floor":10.0},{"not_picked":["Seeing Red","Headbutt"],"picked":"Infernal Blade","floor":13.0},{"not_picked":["Havoc","Rupture","REME_FearOfPain"],"picked":"SKIP","floor":14.0},{"not_picked":["Limit Break","REME_TheLastStrike"],"picked":"Reaper","floor":16.0},{"not_picked":["Rampage","Fire Breathing"],"picked":"Sword Boomerang","floor":18},{"not_picked":["Searing Blow","Wild Strike","Thunderclap"],"picked":"SKIP","floor":20},{"not_picked":["True Grit","Havoc"],"picked":"Second Wind","floor":21},{"not_picked":["Headbutt","Clothesline","REME_Cut"],"picked":"SKIP","floor":22}],"player_experience":313580,"relics_obtained":[{"floor":6.0,"key":"Dota2Spire:OrchidMalevolence"},{"floor":9.0,"key":"reliquary:SilkGlove"},{"floor":10.0,"key":"Art of War"}],"event_choices":[{"damage_healed":0.0,"max_hp_gain":0.0,"max_hp_loss":0.0,"gold_gain":0.0,"event_name":"Accursed Blacksmith","player_choice":"Rummage","floor":2.0,"gold_loss":0.0,"damage_taken":0.0,"relics_obtained":["WarpedTongs"],"cards_obtained":["Pain"]},{"damage_healed":0.0,"max_hp_gain":0.0,"max_hp_loss":0.0,"gold_gain":0.0,"event_name":"Shining Light","player_choice":"Ignored","floor":12.0,"gold_loss":0.0,"damage_taken":0.0},{"damage_healed":0,"gold_gain":0,"player_choice":"Got Potions","damage_taken":0,"max_hp_gain":0,"max_hp_loss":0,"event_name":"Lab","floor":19,"gold_loss":0}],"is_beta":false,"boss_relics":[{"not_picked":["aspiration:SecretTechniqueScroll","energizedSpire:TabascoSauce"],"picked":"Sozu"}],"items_purged_floors":[5],"is_endless":false,"potions_floor_spawned":[8,10,13,14,21],"killed_by":"Slavers","ascension_level":20}}