{"host":"rf8f5793azs0jd9i","time":1612333838,"event":{"mods":["AchievementEnabler","Aspiration","BaseMod","Colored Powertips","Hubris","Infinite Spire","Minty Spire (QoL Compilation)","Replay The Spire","StSLib"],"gold_per_floor":[117,117,4159,4176,3487,3513,3513,3531,3531,3531,3545,3575,3595,3607,3607,3712,3712,3702,3702,3722,2838,2852,2882,2901,2901,2924,2258,2274,2302,2302,2312,2312,2312,2312,2323,2323,1843,1859,1859,1859,1891,1891,1891,1904,1904,1931,1931,1950,1950,2046,2046,2057,2068,2068,1497,1497,1504,1512,1512,1512,1587,1587,1602,995,1000,1000,1091,1091,1094,1094,1097,361,356,366,4388,4390,4390,4390,4397,4414,4414,4427,4427,4407,4407],"floor_reached":84,"language":"ENG","playtime":3601,"items_purged":["Strike_R","Strike_R","Strike_R","Strike_R","Strike_R","Defend_R","Defend_R","Defend_R"],"score":1298,"play_id":"8b63a51b-892d-40a8-80a0-f40002d6babf","local_time":"20210203003038","is_ascension_mode":false,"campfire_choices":[{"data":"Limit Break","floor":10,"key":"SMITH"},{"data":"Heavy Blade","floor":15,"key":"SMITH"},{"data":"Demon Form","floor":25,"key":"SMITH"},{"data":"Transmutation","floor":30,"key":"SMITH"},{"data":"infinitespire:Collect","floor":40,"key":"SMITH"},{"floor":45,"key":"REST"},{"floor":47,"key":"REST"},{"data":"Offering","floor":49,"key":"SMITH"},{"data":"hubris:Insight","floor":66,"key":"SMITH"},{"data":"infinitespire:Execution","floor":81,"key":"SMITH"},{"data":"Offering","floor":83,"key":"SMITH"}],"circlet_count":0,"master_deck":["Bash+1","Cleave+1","ReplayTheSpireMod:Muscle Training+1","ReplayTheSpireMod:Muscle Training+1","Limit Break+1","Pot Of Greed","Pot Of Greed","Heavy Blade+1","Limit Break+1","Demon Form+1","Inflame","Twin Strike+1","Transmutation+1","Poisoned Strike","hubris:Insight+1","Inflame+1","Flex+1","Pot Of Greed","infinitespire:Collect+1","Heavy Blade+1","hubris:ReadiedAction+1","Offering+1","Limit Break+1","Offering+1","Flex+1","infinitespire:Execution+1","Inflame","Limit Break+1","hubris:NaturalOne","Double Tap"],"relics":["HoveringKite","Quantum Egg","FossilizedHelix","Replay:Antivirus Software","aspiration:TomeofQuesting","DollysMirror","hubris:BundleOfHerbs","hubris:MedicalManual","infinitespire:BlackEgg","HandDrill","ReplayTheSpireMod:TigerMarble","hubris:64BitClover","Cauldron","infinitespire:EmptyRelic","infinitespire:EmptyRelic","infinitespire:EmptyRelic","infinitespire:EmptyRelic","infinitespire:EmptyRelic","infinitespire:EmptyRelic","infinitespire:EmptyRelic","infinitespire:EmptyRelic","infinitespire:EmptyRelic","infinitespire:EmptyRelic","infinitespire:EmptyRelic","infinitespire:EmptyRelic","infinitespire:EmptyRelic","infinitespire:EmptyRelic","infinitespire:EmptyRelic","infinitespire:EmptyRelic","infinitespire:EmptyRelic","infinitespire:EmptyRelic","infinitespire:EmptyRelic","infinitespire:EmptyRelic","infinitespire:EmptyRelic","infinitespire:EmptyRelic","infinitespire:EmptyRelic","infinitespire:EmptyRelic","infinitespire:EmptyRelic","infinitespire:EmptyRelic","infinitespire:EmptyRelic","infinitespire:EmptyRelic","infinitespire:EmptyRelic","infinitespire:EmptyRelic","infinitespire:EmptyRelic","infinitespire:Chaos","HornCleat","hubris:Icosahedron","Red Mask","hubris:Reverence"],"acts_visited":["Exordium","TheCity","TheBeyond","Exordium","TheCity"],"potions_floor_usage":[12,16,16,16,50,50,50,50,67,67,67,67,75,80,80,84],"damage_taken":[{"damage":5,"enemies":"Small Slimes","floor":1,"turns":3},{"damage":5,"enemies":"Jaw Worm","floor":4,"turns":3},{"damage":24,"enemies":"Lagavulin","floor":6,"turns":5},{"damage":1,"enemies":"2 Louse","floor":8,"turns":2},{"damage":2,"enemies":"Large Slime","floor":11,"turns":3},{"damage":2,"enemies":"3 Sentries","floor":12,"turns":3},{"damage":4,"enemies":"The Mushroom Lair","floor":13,"turns":4},{"damage":2,"enemies":"Blue Slaver","floor":14,"turns":3},{"damage":18,"enemies":"Hexaghost","floor":16,"turns":7},{"damage":2,"enemies":"2 Thieves","floor":18,"turns":4},{"damage":2,"enemies":"3 Byrds","floor":20,"turns":5},{"damage":3,"enemies":"Shelled Parasite and Fungi","floor":22,"turns":5},{"damage":34,"enemies":"Nightmare","floor":23,"turns":5},{"damage":2,"enemies":"Centurion and Healer","floor":24,"turns":4},{"damage":10,"enemies":"Snecko","floor":28,"turns":4},{"damage":2,"enemies":"Slavers","floor":29,"turns":3},{"damage":2,"enemies":"Chosen and Byrds","floor":31,"turns":3},{"damage":20,"enemies":"hubris:MusketHawk","floor":33,"turns":6},{"damage":3,"enemies":"3 Shapes","floor":35,"turns":3},{"damage":2,"enemies":"Orb Walker","floor":38,"turns":2},{"damage":17,"enemies":"Reptomancer","floor":41,"turns":4},{"damage":48,"enemies":"Writhing Mass","floor":44,"turns":4},{"damage":29,"enemies":"Nightmare","floor":46,"turns":4},{"damage":1,"enemies":"Spire Growth","floor":48,"turns":3},{"damage":13,"enemies":"Replay:Hell Engine","floor":50,"turns":3},{"damage":0,"enemies":"2 Louse","floor":52,"turns":2},{"damage":8,"enemies":"Jaw Worm","floor":53,"turns":1},{"damage":2,"enemies":"Nightmare","floor":57,"turns":4},{"damage":2,"enemies":"Cultist","floor":58,"turns":2},{"damage":7,"enemies":"Lagavulin","floor":63,"turns":3},{"damage":0,"enemies":"Looter","floor":65,"turns":1},{"damage":24,"enemies":"Slime Boss","floor":67,"turns":1},{"damage":12,"enemies":"Shell Parasite","floor":69,"turns":1},{"damage":1,"enemies":"2 Thieves","floor":71,"turns":2},{"damage":0,"enemies":"Cultist and Chosen","floor":73,"turns":2},{"damage":3,"enemies":"Slavers","floor":74,"turns":1},{"damage":18,"enemies":"Shelled Parasite and Fungi","floor":76,"turns":2},{"damage":33,"enemies":"Masked Bandits","floor":79,"turns":2},{"damage":6,"enemies":"Gremlin Leader","floor":80,"turns":2},{"damage":20,"enemies":"Snake Plant","floor":82,"turns":2},{"damage":31,"enemies":"Champ","floor":84,"turns":2}],"seed_played":"-1668721609037735941","potions_obtained":[{"floor":1,"key":"PowerPotion"},{"floor":14,"key":"DuplicationPotion"},{"floor":20,"key":"SteroidPotion"},{"floor":52,"key":"BloodPotion"},{"floor":69,"key":"ColorlessPotion"},{"floor":75,"key":"SpeedPotion"},{"floor":75,"key":"Cursed Concoction"},{"floor":75,"key":"Swift Potion"},{"floor":75,"key":"Languid Potion"},{"floor":75,"key":"Dexterity Potion"},{"floor":80,"key":"infinitespire:BlackPotion"}],"is_trial":false,"path_per_floor":["M","?","$","M","$","E","?","M","T","R","M","E","?","M","R","B",null,"M","?","M","$","M","NM","M","R","T","$","M","E","R","M","R","B",null,"M","?","?","M","T","R","E","?","T","M","R","NM","R","M","R","B",null,"M","M","?","$","?","NM","M","?","T","?","?","E","$","M","R","B",null,"?","?","?","T","?","E","T","M","T","?","?","E","R","M","R","B"],"character_chosen":"IRONCLAD","items_purchased":["aspiration:HummingbirdHeart","aspiration:FrozenJewel","Medical Kit","ReplayTheSpireMod:Muscle Training","Regen Potion","Explosive Potion","hubris:MedicalManual","King of Hearts","Limit Break","hubris:EmptyBottle","hubris:TenFootPole","Replay:Kaleidoscope","Death Potion","Dexterity Potion","Replay:WaspNest","Strawberry","ReplayTheSpireMod:ShopPack","OrangePellets","Replay:Wax Seal","aspiration:TomeofQuesting","Fire Potion","Matryoshka","aspiration:ChemicalBlood","infinitespire:ShieldingShard","infinitespire:Broken Mirror","PreservedInsect","aspiration:AnachronicSnailShell","infinitespire:Chaos"],"campfire_rested":2,"item_purchase_floors":[3,3,3,3,3,3,5,5,5,21,21,21,21,21,27,27,27,55,55,55,55,64,64,72,72,75,75,75],"current_hp_per_floor":[80,80,80,80,80,62,62,67,67,67,71,75,77,80,80,80,80,80,80,80,80,80,52,56,56,56,63,59,63,63,67,87,73,87,87,87,87,87,87,87,76,76,76,34,58,35,59,64,64,57,83,83,81,81,81,93,93,93,93,93,88,88,81,81,81,81,57,93,81,81,80,80,80,77,93,75,75,75,42,39,39,19,19,0,0],"gold":4407,"neow_bonus":"UPGRADE_CARD","is_daily":false,"chose_seed":false,"campfire_upgraded":9,"win_rate":0.0,"timestamp":1612333838,"path_taken":["M","?","?","M","$","E","?","M","T","R","M","E","?","M","R","BOSS","M","?","M","$","M","NM","M","R","T","$","M","E","R","M","R","BOSS","M","?","?","M","?","R","E","?","T","M","R","NM","R","M","R","BOSS","M","M","?","$","?","NM","?","?","T","?","?","E","$","?","R","BOSS","?","?","?","T","?","E","?","M","T","?","?","E","R","M","R","BOSS"],"items_purchased_type":["Relic","Relic","Relic","Card","Potion","Potion","Relic","Relic","Card","Relic","Relic","Relic","Potion","Potion","Relic","Relic","Relic","Relic","Relic","Relic","Potion","Relic","Relic","Relic","Relic","Relic","Relic","Relic"],"build_version":"2020-12-22","purchased_purges":8,"victory":false,"max_hp_per_floor":[80,80,80,80,80,80,80,80,80,80,80,80,80,80,80,80,80,80,80,80,80,80,80,80,80,80,87,87,87,87,87,87,87,87,87,87,87,87,87,87,87,83,83,83,83,83,83,83,83,83,83,83,83,83,83,93,93,93,93,93,93,93,93,93,93,93,93,93,93,93,93,93,93,93,93,93,93,93,93,93,93,93,93,93,93],"card_choices":[{"not_picked":["Thunderclap","Bloodletting"],"picked":"Cleave","floor":1},{"not_picked":["Flex","ReplayTheSpireMod:Stacked"],"picked":"Twin Strike","floor":4},{"not_picked":["Replay:Undeath\u0027s Touch","Clash","Reaper"],"picked":"SKIP","floor":6},{"not_picked":["Sever Soul","Body Slam","Power Through"],"picked":"SKIP","floor":8},{"not_picked":["Pummel","Combust"],"picked":"Heavy Blade","floor":11},{"not_picked":["Perfected Strike","Blood for Blood","Heavy Blade"],"picked":"SKIP","floor":12},{"not_picked":["Intimidate","Replay:Undeath\u0027s Touch","Armaments"],"picked":"SKIP","floor":14},{"not_picked":["Eclipse","Juggernaut"],"picked":"Limit Break","floor":16},{"not_picked":["Cleave","infinitespire:OneForAll","Run Through"],"picked":"SKIP","floor":18},{"not_picked":["hubris:SharpeningStone","ReplayTheSpireMod:Strike From Hell+1"],"picked":"Demon Form","floor":20},{"not_picked":["Fire Breathing","Replay:Undeath\u0027s Touch"],"picked":"Inflame","floor":22},{"not_picked":["Second Wind","Shrug It Off"],"picked":"Twin Strike+1","floor":23},{"not_picked":["Rampage+1","Iron Wave","Twin Strike"],"picked":"SKIP","floor":24},{"not_picked":["Sadistic Nature","ReplayUltimateDefense"],"picked":"Transmutation","floor":27},{"not_picked":["Replay:Sssssssssstrike","Panacea"],"picked":"Poisoned Strike","floor":27},{"not_picked":["Mayhem","Crow Ritual"],"picked":"hubris:Insight","floor":27},{"not_picked":["Thunderclap+1","infinitespire:OneForAll","Feed"],"picked":"SKIP","floor":28},{"not_picked":["True Grit","Bloodletting","Intimidate+1"],"picked":"SKIP","floor":29},{"not_picked":["Barricade","Shrug It Off","Whirlwind"],"picked":"SKIP","floor":31},{"not_picked":["Rampage","Clash"],"picked":"Inflame+1","floor":32},{"not_picked":["Massacre+1","Sword Boomerang+1"],"picked":"Flex+1","floor":35},{"not_picked":["ReplayTheSpireMod:Black Plague","infinitespire:UltimateForm"],"picked":"infinitespire:Collect","floor":37},{"not_picked":["ReplayTheSpireMod:Strike From Hell+1","Dark Embrace+1","ReplayTheSpireMod:Corrosion Curse"],"picked":"SKIP","floor":38},{"not_picked":["Brutality","Second Wind+1","Berserk"],"picked":"SKIP","floor":41},{"not_picked":["Replay:Undeath\u0027s Touch","Seeing Red"],"picked":"Heavy Blade+1","floor":44},{"not_picked":["Armaments","Warcry+1"],"picked":"hubris:ReadiedAction+1","floor":45},{"not_picked":["Blood for Blood","Uppercut+1"],"picked":"Offering","floor":46},{"not_picked":["Clash","Body Slam","Dropkick"],"picked":"SKIP","floor":48},{"not_picked":["Demonic Infusion","Barricade"],"picked":"Offering","floor":50},{"not_picked":["Burning Pact","Armaments","Perfected Strike"],"picked":"SKIP","floor":52},{"not_picked":["Dropkick","Replay:Undeath\u0027s Touch","Entrench"],"picked":"SKIP","floor":53},{"not_picked":["Flex","Corruption","Replay:Many Hands"],"picked":"SKIP","floor":57},{"not_picked":["Second Wind","ReplayReversal","Run Through"],"picked":"SKIP","floor":58},{"not_picked":["Dark Embrace","Feed","Impervious"],"picked":"SKIP","floor":63},{"not_picked":["Dark Embrace","Feed","Impervious"],"picked":"SKIP","floor":63},{"not_picked":["hubris:ReadiedAction","True Grit","Sword Boomerang"],"picked":"SKIP","floor":65},{"not_picked":["Brutality","Corruption"],"picked":"Offering","floor":67},{"not_picked":["True Grit","Massacre"],"picked":"Flex+1","floor":69},{"not_picked":["infinitespire:Collect","ReplayTheSpireMod:Echoes of Time"],"picked":"infinitespire:Execution","floor":70},{"not_picked":["Cleave","Clothesline","Rage"],"picked":"SKIP","floor":71},{"not_picked":["Feel No Pain+1","Shrug It Off","Warcry"],"picked":"SKIP","floor":73},{"not_picked":["Hemogenesis","Fiend Fire"],"picked":"Inflame","floor":74},{"not_picked":["Armaments","Sword Boomerang","ReplayTheSpireMod:Strike From Hell+1"],"picked":"SKIP","floor":76},{"not_picked":["Armaments","Sword Boomerang","ReplayTheSpireMod:Strike From Hell+1"],"picked":"SKIP","floor":76},{"not_picked":["Bloodletting+1","Spot Weakness+1"],"picked":"Double Tap","floor":80},{"not_picked":["ReplayTheSpireMod:Strike From Hell+1","infinitespire:OneForAll+1","Replay:Undeath\u0027s Touch+1"],"picked":"SKIP","floor":82}],"player_experience":2763,"relics_obtained":[{"floor":6,"key":"Grinning Jar"},{"floor":7,"key":"Ring of Hypnosis"},{"floor":7,"key":"Ring of Hypnosis"},{"floor":9,"key":"ReplayTheSpireMod:Shallot"},{"floor":12,"key":"InkBottle"},{"floor":13,"key":"Odd Mushroom"},{"floor":23,"key":"Dream Catcher"},{"floor":26,"key":"Bronze Scales"},{"floor":29,"key":"Calipers"},{"floor":39,"key":"Sundial"},{"floor":41,"key":"Mummified Hand"},{"floor":43,"key":"Boot"},{"floor":46,"key":"hubris:IronBody"},{"floor":57,"key":"Pet Ghost"},{"floor":60,"key":"Replay:Bottled Steam"},{"floor":63,"key":"Replay:Bottled Eggs"},{"floor":74,"key":"Happy Flower"},{"floor":77,"key":"HornCleat"},{"floor":79,"key":"Red Mask"},{"floor":80,"key":"hubris:Reverence"}],"event_choices":[{"damage_healed":0,"gold_gain":0,"player_choice":"Grow","damage_taken":0,"max_hp_gain":0,"max_hp_loss":0,"event_name":"Living Wall","floor":2,"gold_loss":0,"cards_upgraded":["Cleave"]},{"damage_healed":0,"gold_gain":0,"player_choice":"Fought Mushrooms","damage_taken":0,"max_hp_gain":0,"max_hp_loss":0,"event_name":"Mushrooms","floor":13,"gold_loss":0},{"damage_healed":0,"gold_gain":0,"player_choice":"Traded Relic","damage_taken":0,"relics_obtained":["Nloth\u0027s Gift"],"max_hp_gain":0,"max_hp_loss":0,"event_name":"N\u0027loth","floor":19,"relics_lost":["hubris:Stopwatch"],"gold_loss":0},{"damage_healed":0,"gold_gain":0,"player_choice":"Max HP","damage_taken":0,"max_hp_gain":0,"max_hp_loss":4,"event_name":"Winding Halls","floor":42,"gold_loss":0},{"cards_removed":["Offering"],"damage_healed":2,"gold_gain":0,"player_choice":"Offered Rare","damage_taken":0,"max_hp_gain":10,"max_hp_loss":0,"event_name":"Bonfire Elementals","floor":56,"gold_loss":0},{"damage_healed":0,"gold_gain":75,"player_choice":"Gather Gold","damage_taken":11,"max_hp_gain":0,"max_hp_loss":0,"event_name":"World of Goop","floor":61,"gold_loss":0},{"cards_removed":["Voices"],"damage_healed":0,"gold_gain":0,"player_choice":"Card Removal","damage_taken":0,"max_hp_gain":0,"max_hp_loss":0,"event_name":"Wheel of Change","floor":62,"gold_loss":0},{"cards_removed":["Defend_R"],"damage_healed":0,"gold_gain":0,"player_choice":"Card Removal","damage_taken":0,"max_hp_gain":0,"max_hp_loss":0,"event_name":"Wheel of Change","floor":70,"gold_loss":0},{"damage_healed":0,"gold_gain":0,"player_choice":"Fought Bandits","damage_taken":0,"max_hp_gain":0,"max_hp_loss":0,"event_name":"Masked Bandits","floor":79,"gold_loss":0}],"is_beta":false,"boss_relics":[{"not_picked":["Runic Pyramid","aspiration:WatcherSkillbook"],"picked":"hubris:Stopwatch"},{"not_picked":["hubris:GrandSneckoEye","Honey Jar"],"picked":"Philosopher\u0027s Stone"},{"not_picked":["Calling Bell","ChewingGum"],"picked":"hubris:CrackedHourglass"},{"not_picked":["Snecko Eye","Replay:Grab Bag"],"picked":"Painkiller Herb"}],"items_purged_floors":[3,5,21,27,55,64,72,75],"is_endless":true,"potions_floor_spawned":[1,13,14,20,23,29,35,41,44,46,52,63,69,76,79,80],"killed_by":"Champ","ascension_level":0}}