{"host":"xc18ixkpjvqrt8st","time":1612320048,"event":{"mods":["Act Like it!","BaseMod","Better Match","Better Third Choice","Conspire","Downfall","Hallownest","Hermit","Hubris","Infinite Spire","JesterMod","Minty Spire (QoL Compilation)","Reliquary","Replay The Spire","Robot Space Explorer","Shop Mod","Spicy Shops","Spire Arcade","StSLib","The Animator","The Edgeheg","The Jungle","The Marked","The Sage"],"gold_per_floor":[131,131,157,157,60,95,106,106,106,122,149,149,149,163,163,57,57,172,172,199,199,211,230,230,230,260,274,299,328,328,328,328,357,357,471,471,501,501,528,542,542],"floor_reached":40,"language":"ENG","playtime":1949,"items_purged":[],"score":497,"play_id":"f42f3c3a-d2de-4506-89fa-56a196fed588","local_time":"20210202204048","is_ascension_mode":true,"campfire_choices":[{"floor":12,"key":"RECALL"},{"floor":15,"key":"REST"},{"data":"RobotSpaceExplorer:PlasmaMissile","floor":17,"key":"SMITH"},{"floor":25,"key":"REST"},{"floor":34,"key":"REST"}],"circlet_count":0,"master_deck":["animator:Strike_Fate","animator:Defend_Fate","animator:Strike","animator:Strike","animator:Strike","animator:Defend","animator:Defend","animator:Defend","animator:Alexander","animator:Rider","animator:Lancer","RobotSpaceExplorer:PlasmaMissile+1","animator:Melzalgald+1","RobotSpaceExplorer:Pulsar","animator:MetalKnight","animator:Shinoa","animator:Truth","Wound","Wound","infinitespire:Collect","Wound","Wound","animator:MaesHughes","Wound","RobotSpaceExplorer:GlueShot","Wound"],"relics":["animator:LivingPicture","animator:TheMissingPiece","NeowsBlessing","hubris:DisguiseKit","Omamori","Singing Bowl","Ring of Misfortune","Ring of Searing","Mark of Pain","animator:CursedGlyph","WarpedTongs","reliquary:Stiletto","Replay:Bandana","Replay:Bottled Snecko","Strange Spoon","conspire:RoyalGoblet"],"acts_visited":["Exordium","TheCity","TheBeyond"],"potions_floor_usage":[18,18,22,26,29,37,37],"damage_taken":[{"damage":0,"enemies":"Small Slimes","floor":1,"turns":2},{"damage":0,"enemies":"conspire:MimicChest","floor":3,"turns":1},{"damage":0,"enemies":"3 Sentries","floor":6,"turns":2},{"damage":7,"enemies":"2 Louse","floor":7,"turns":2},{"damage":0,"enemies":"Cultist","floor":10,"turns":3},{"damage":14,"enemies":"Blue Slaver","floor":14,"turns":4},{"damage":42,"enemies":"Hexaghost","floor":18,"turns":11},{"damage":15,"enemies":"Chosen","floor":20,"turns":3},{"damage":9,"enemies":"3 Byrds","floor":22,"turns":5},{"damage":4,"enemies":"Snecko","floor":23,"turns":5},{"damage":16,"enemies":"Replay:Snechameleon","floor":26,"turns":3},{"damage":31,"enemies":"3 Cultists","floor":27,"turns":7},{"damage":3,"enemies":"Shelled Parasite and Fungi","floor":29,"turns":4},{"damage":0,"enemies":"Sentry and Sphere","floor":33,"turns":5},{"damage":15,"enemies":"conspire:MysteriousRune","floor":35,"turns":8},{"damage":37,"enemies":"Orb Walker","floor":37,"turns":5},{"damage":0,"enemies":"3 Shapes","floor":39,"turns":3},{"damage":23,"enemies":"infinitespire:Three Voidlings","floor":40,"turns":4},{"damage":18,"enemies":"Nightmare_Alpha","floor":40,"turns":1}],"seed_played":"-1041148254125217615","potions_obtained":[{"floor":1,"key":"animator:FalseLifePotion"},{"floor":3,"key":"BlessingOfTheForge"},{"floor":10,"key":"Explosive Potion"},{"floor":18,"key":"BlessingOfTheForge"},{"floor":23,"key":"hexamod:SoulburnPotion"},{"floor":33,"key":"Adrenaline Potion"},{"floor":35,"key":"AttackPotion"}],"is_trial":false,"path_per_floor":["M","?","?","?","$","E","M","PTL","PTL","M","T","R","?","M","R","$","R","B",null,"M","?","M","M","?","R","E","M","T","M","?","AVR","?","M","R","B",null,"M","?","M","?"],"character_chosen":"THE_ANIMATOR","items_purchased":["animator:Melzalgald+1","animator:MaesHughes","animator:MetalKnight","animator:Shinoa"],"campfire_rested":3,"item_purchase_floors":[5,5,16,16],"current_hp_per_floor":[66,66,66,66,66,67,60,60,60,62,62,62,62,48,68,68,68,26,69,54,54,47,43,43,63,48,19,19,18,18,18,18,20,42,27,74,38,37,37,0,0],"gold":542,"neow_bonus":"THREE_ENEMY_KILL","is_daily":false,"chose_seed":false,"campfire_upgraded":1,"win_rate":0.0,"timestamp":1612320048,"path_taken":["M","?","?","?","$","E","M","PTL","PTL","M","T","R","?","M","R","$","R","BOSS","M","?","M","M","?","R","E","M","T","?","?","AVR","?","?","R","BOSS","M","?","M","?"],"items_purchased_type":["Card","Card","Card","Card"],"build_version":"2020-12-22","purchased_purges":0,"victory":false,"max_hp_per_floor":[66,66,66,66,66,67,67,67,67,69,69,69,69,69,69,69,69,69,69,69,69,71,67,67,67,68,70,70,72,72,72,72,74,74,74,74,75,75,75,75,75],"card_choices":[{"not_picked":["animator:Pride","animator:Sloth"],"picked":"animator:Lancer","floor":1},{"not_picked":["animator:MaesHughes","animator:Rider","animator:Genos"],"picked":"RobotSpaceExplorer:PlasmaMissile","floor":3},{"not_picked":["animator:YaoHaDucy","animator:RinTohsaka","RobotSpaceExplorer:ShockKick"],"picked":"animator:ShinjiMatou","floor":6},{"not_picked":["animator:Cocytus","animator:Tet","animator:Alexander"],"picked":"RobotSpaceExplorer:FreezeRay","floor":7},{"not_picked":["animator:Illya","animator:Rider","animator:Berserker"],"picked":"Singing Bowl","floor":10},{"not_picked":["animator:Bozes","animator:DolaRiku","animator:Shinoa"],"picked":"RobotSpaceExplorer:Pulsar","floor":14},{"not_picked":["animator:Shiro","animator:Guren","RobotSpaceExplorer:BlastShield"],"picked":"animator:Envy","floor":18},{"not_picked":["animator:Kuribayashi+1","animator:IzunaHatsuse","RobotSpaceExplorer:Electropulse"],"picked":"animator:PandorasActor","floor":20},{"not_picked":["animator:Archer","animator:Alexander","animator:Assassin+1","RobotSpaceExplorer:MiniBoosters"],"picked":"Singing Bowl","floor":22},{"not_picked":["animator:Gluttony","animator:Sloth"],"picked":"animator:Truth","floor":23},{"not_picked":["animator:PandorasActor","animator:Yuuichirou","RobotSpaceExplorer:HighVoltage"],"picked":"animator:Demiurge","floor":26},{"not_picked":["animator:Geryuganshoop","animator:RinTohsaka","animator:TukaLunaMarceau","RobotSpaceExplorer:Counterblock"],"picked":"Singing Bowl","floor":27},{"not_picked":["animator:MaesHughes+1","animator:TukaLunaMarceau+1","animator:Assassin","RobotSpaceExplorer:ShockKick"],"picked":"Singing Bowl","floor":29},{"not_picked":["animator:Genos","animator:Sonic","animator:MetalKnight"],"picked":"Singing Bowl","floor":33},{"not_picked":["animator:Saitama","animator:Father","RobotSpaceExplorer:TrailblazerForm"],"picked":"animator:FeridBathory","floor":35},{"not_picked":["animator:Bozes+1","animator:KrulTepes","RobotSpaceExplorer:SwiftStep"],"picked":"animator:MaesHughes","floor":37},{"not_picked":["animator:Mitsuba+1","animator:SilverFang","animator:Illya+1"],"picked":"RobotSpaceExplorer:GlueShot","floor":39}],"player_experience":694752,"relics_obtained":[{"floor":3,"key":"Omamori"},{"floor":6,"key":"Singing Bowl"},{"floor":13,"key":"Ring of Misfortune"},{"floor":13,"key":"Ring of Searing"},{"floor":23,"key":"animator:CursedGlyph"},{"floor":26,"key":"reliquary:Stiletto"},{"floor":28,"key":"Replay:Bandana"}],"event_choices":[{"damage_healed":0,"gold_gain":0,"player_choice":"Leave","damage_taken":0,"max_hp_gain":0,"max_hp_loss":0,"event_name":"conspire:Investor","floor":4,"gold_loss":0},{"damage_healed":0,"gold_gain":0,"player_choice":"Rummage","damage_taken":0,"relics_obtained":["WarpedTongs"],"max_hp_gain":0,"max_hp_loss":0,"event_name":"Accursed Blacksmith","floor":24,"gold_loss":0,"cards_obtained":["Pain"]},{"damage_healed":0,"gold_gain":0,"player_choice":"Opened","damage_taken":0,"relics_obtained":["Replay:Bottled Snecko"],"max_hp_gain":0,"max_hp_loss":0,"event_name":"The Mausoleum","floor":30,"gold_loss":0},{"cards_removed":["Wound"],"damage_healed":0,"gold_gain":0,"player_choice":"Purged","damage_taken":0,"max_hp_gain":0,"max_hp_loss":0,"event_name":"Purifier","floor":32,"gold_loss":0}],"is_beta":false,"boss_relics":[{"not_picked":["animator:RacePiece","ReplayTheSpireMod:SealedPack"],"picked":"Mark of Pain"},{"not_picked":["Coffee Dripper","Replay:Grab Bag"],"picked":"conspire:RoyalGoblet"}],"items_purged_floors":[],"is_endless":false,"potions_floor_spawned":[1,3,10,18,23,33,35,40],"killed_by":"Nightmare_Alpha","ascension_level":2}}