{"host":"rantoq7h0pygex6x","time":1612354551,"event":{"mods":["AchievementEnabler","BaseMod","BetterRewards","Minty Spire (QoL Compilation)"],"gold_per_floor":[115,134,134,134,146,146,158,168,168,180,180,195,195,205,205,277,327,341,341,161,86,86,86,86],"floor_reached":23,"language":"ENG","playtime":659,"items_purged":["Defend_B","Strike_B"],"score":566,"play_id":"a6fe66b6-6461-4b52-bea5-15e971337e0d","local_time":"20210203201551","is_ascension_mode":true,"campfire_choices":[{"data":"Glacier","floor":6.0,"key":"SMITH"},{"floor":13.0,"key":"REST"},{"floor":15.0,"key":"REST"}],"circlet_count":0,"master_deck":["AscendersBane","Strike_B","Strike_B+1","Defend_B","Defend_B","Defend_B","Zap+1","Dualcast","Glacier+1","Gash","Capacitor+1","Cold Snap","Hologram+1","Barrage","Rebound","Conserve Battery","Ball Lightning","Conserve Battery","Buffer","Heatsinks","White Noise","Defragment","Self Repair"],"relics":["Cracked Core","Cables","Mummified Hand","Tiny House","MutagenicStrength"],"acts_visited":["Exordium","TheCity"],"potions_floor_usage":[23],"damage_taken":[{"damage":0.0,"enemies":"2 Louse","floor":1.0,"turns":2.0},{"damage":3.0,"enemies":"Small Slimes","floor":2.0,"turns":3.0},{"damage":0.0,"enemies":"Cultist","floor":5.0,"turns":3.0},{"damage":0.0,"enemies":"Exordium Thugs","floor":7.0,"turns":5.0},{"damage":11.0,"enemies":"Large Slime","floor":8.0,"turns":4.0},{"damage":0.0,"enemies":"Looter","floor":10.0,"turns":3.0},{"damage":2.0,"enemies":"2 Fungi Beasts","floor":12.0,"turns":3.0},{"damage":8.0,"enemies":"Large Slime","floor":14.0,"turns":4.0},{"damage":17.0,"enemies":"Hexaghost","floor":16.0,"turns":11.0},{"damage":0.0,"enemies":"Chosen","floor":18.0,"turns":4.0},{"damage":70,"enemies":"Slavers","floor":23,"turns":4}],"seed_played":"819657478067290556","potions_obtained":[{"floor":1.0,"key":"Explosive Potion"},{"floor":8.0,"key":"EssenceOfSteel"},{"floor":10.0,"key":"Swift Potion"},{"floor":16.0,"key":"Explosive Potion"}],"is_trial":false,"path_per_floor":["M","M","?","?","M","R","M","M","T","M","T","M","R","M","R","B",null,"M","?","$","?","?","E"],"character_chosen":"DEFECT","items_purchased":["Glacier","Gash","Capacitor","Cold Snap","Hologram","Self Repair"],"campfire_rested":2,"item_purchase_floors":[0,0,0,0,0,20],"current_hp_per_floor":[45,42,21,21,21,21,21,10,10,10,10,8,29,21,42,25,65,65,65,65,65,65,0,0],"gold":86,"neow_bonus":"","is_daily":false,"chose_seed":false,"campfire_upgraded":1,"win_rate":0.0,"timestamp":1612354551,"path_taken":["M","M","?","?","M","R","M","M","T","?","?","M","R","M","R","BOSS","M","?","$","?","?","E"],"items_purchased_type":["Card","Card","Card","Card","Card","Card"],"build_version":"2020-12-22","purchased_purges":2,"victory":false,"max_hp_per_floor":[71,71,71,71,71,71,71,71,71,71,71,71,71,71,71,71,76,76,76,76,76,76,76,76],"card_choices":[{"not_picked":["Steam","Reinforced Body","Redo"],"picked":"SKIP","floor":1.0},{"not_picked":["Beam Cell","Turbo"],"picked":"Barrage","floor":2.0},{"not_picked":["Reprogram","Doom and Gloom","Go for the Eyes"],"picked":"SKIP","floor":5.0},{"not_picked":["Hologram","Go for the Eyes"],"picked":"Rebound","floor":7.0},{"not_picked":["Lockon","Scrape"],"picked":"Conserve Battery","floor":8.0},{"not_picked":["Barrage","Cold Snap"],"picked":"Ball Lightning","floor":10.0},{"not_picked":["Steam","Biased Cognition","Hologram"],"picked":"SKIP","floor":12.0},{"not_picked":["FTL","Fusion"],"picked":"Conserve Battery","floor":14.0},{"not_picked":["Fission","Machine Learning"],"picked":"Buffer","floor":16.0},{"not_picked":["Compile Driver","Darkness"],"picked":"Heatsinks","floor":17.0},{"not_picked":["Static Discharge","Storm"],"picked":"White Noise","floor":18.0}],"player_experience":974999,"relics_obtained":[{"floor":9.0,"key":"Cables"},{"floor":11.0,"key":"Mummified Hand"}],"event_choices":[{"damage_healed":0.0,"max_hp_gain":0.0,"max_hp_loss":0.0,"gold_gain":0.0,"event_name":"Shining Light","player_choice":"Entered Light","floor":3.0,"gold_loss":0.0,"damage_taken":21.0,"cards_upgraded":["Strike_B","Capacitor"]},{"damage_healed":0.0,"max_hp_gain":0.0,"max_hp_loss":0.0,"gold_gain":0.0,"event_name":"Upgrade Shrine","player_choice":"Upgraded","floor":4.0,"gold_loss":0.0,"damage_taken":0.0,"cards_upgraded":["Zap"]},{"damage_healed":0.0,"max_hp_gain":0.0,"max_hp_loss":0.0,"gold_gain":0.0,"event_name":"The Library","player_choice":"Read","floor":19.0,"gold_loss":0.0,"damage_taken":0.0,"cards_obtained":["Defragment"]},{"cards_removed":["Strike_B"],"damage_healed":0.0,"max_hp_gain":0.0,"max_hp_loss":0.0,"gold_gain":0.0,"event_name":"Beggar","player_choice":"Gave Gold","floor":21.0,"gold_loss":75.0,"damage_taken":0.0},{"damage_healed":0.0,"max_hp_gain":0.0,"max_hp_loss":0.0,"gold_gain":0.0,"event_name":"Drug Dealer","player_choice":"Inject Mutagens","floor":22.0,"gold_loss":0.0,"damage_taken":0.0,"relics_obtained":["MutagenicStrength"]}],"is_beta":false,"boss_relics":[{"not_picked":["Velvet Choker","Fusion Hammer"],"picked":"Tiny House"}],"items_purged_floors":[0,20],"is_endless":false,"potions_floor_spawned":[1,8,10,16],"killed_by":"Slavers","ascension_level":20}}