{"host":"4g8vayc9pwrwu92h","time":1612350508,"event":{"mods":["Act Like it!","Aspiration","BaseMod","Conspire","Downfall","Hallownest","Marked Mod","Minty Spire (QoL Compilation)","Quick Restart","StSLib","The Bug Knight","The Jungle","TheHeartMod"],"gold_per_floor":[112,131,142,209,223,253,253,138,138,138,166,166,93,93,93,190,190,210,210,210],"floor_reached":19,"language":"ZHS","playtime":1239,"items_purged":[],"score":191,"play_id":"97ecd6bf-50f0-4f44-b3e6-138681ab5c50","local_time":"20210203190828","is_ascension_mode":true,"campfire_choices":[{"data":"HollowMod:HowlingWraiths","floor":7,"key":"SMITH"},{"floor":10,"key":"RECALL"},{"data":"HollowMod:BaldurShell","floor":15,"key":"SMITH"}],"circlet_count":0,"master_deck":["HollowMod:NailStrikeStart","HollowMod:NailStrikeStart","HollowMod:NailStrikeStart","HollowMod:NailStrikeStart","HollowMod:QuickDashStart","HollowMod:QuickDashStart","HollowMod:QuickDashStart","HollowMod:QuickDashStart","HollowMod:FocusHealStart+1","HollowMod:PogoStrike","HollowMod:HowlingWraiths+1","HollowMod:Grubsong","HollowMod:VengefulVoid","HollowMod:HeavyBlow","HollowMod:theNailsmith+1","HollowMod:BaldurShell+1","HollowMod:AwokenDreamNail"],"relics":["HollowMod:VesselMask","Pantograph","Odd Mushroom","Strawberry","conspire:SpecialSausage"],"acts_visited":["Exordium","Hallownest:Greenpath"],"potions_floor_usage":[5,16],"damage_taken":[{"damage":4,"enemies":"Hallownest:monsterHuskGuard","floor":1,"turns":4},{"damage":3,"enemies":"Hallownest:2_MossCreeps","floor":2,"turns":4},{"damage":2,"enemies":"Hallownest:monsterHuskWarrior","floor":3,"turns":4},{"damage":7,"enemies":"Hallownest:Guard_and_Warrior","floor":5,"turns":4},{"damage":23,"enemies":"Hallownest:eliteMossKnight","floor":6,"turns":9},{"damage":35,"enemies":"Hallownest:eliteCrystalGuardian","floor":11,"turns":6},{"damage":61,"enemies":"Hallownest:BossFalseKnight","floor":16,"turns":10},{"damage":24,"enemies":"Hallownest:2_Mistakes","floor":18,"turns":7},{"damage":0,"enemies":"Hallownest:3_Youths","floor":19,"turns":1}],"seed_played":"1569828133123663643","potions_obtained":[{"floor":3,"key":"SneckoOil"},{"floor":11,"key":"LiquidBronze"},{"floor":18,"key":"bronze:BurnAndBuffPotion"}],"is_trial":false,"path_per_floor":["M","M","M","?","M","E","R","?","T","R","E","?","$","?","R","B",null,"M","M"],"character_chosen":"THE_BUGKNIGHT","items_purchased":["HollowMod:BaldurShell"],"campfire_rested":0,"item_purchase_floors":[13],"current_hp_per_floor":[75,72,70,70,63,52,52,52,52,52,30,30,30,50,50,24,82,58,58,58],"gold":210,"neow_bonus":"UPGRADE_CARD","is_daily":false,"chose_seed":false,"campfire_upgraded":2,"win_rate":0.0,"timestamp":1612350508,"path_taken":["M","M","M","?","M","E","R","?","T","R","E","?","$","?","R","BOSS","M","M"],"items_purchased_type":["Card"],"build_version":"2020-12-22","purchased_purges":0,"victory":false,"max_hp_per_floor":[75,75,75,75,75,75,75,75,75,75,82,82,82,82,82,82,82,82,82,82],"card_choices":[{"not_picked":["HollowMod:SoulStrike","HollowMod:HeavyBlow"],"picked":"HollowMod:HowlingWraiths","floor":1},{"not_picked":["HollowMod:LuriensSpire","HollowMod:InfectionAssault","HollowMod:InfectedCysts"],"picked":"SKIP","floor":2},{"not_picked":["HollowMod:SoulSplash","HollowMod:CornifersMapStart"],"picked":"HollowMod:Grubsong","floor":3},{"not_picked":["HollowMod:BrokenVessel","HollowMod:InfectedAttack"],"picked":"HollowMod:VengefulVoid","floor":5},{"not_picked":["HollowMod:ShadowDash","HollowMod:CornifersMapStart"],"picked":"HollowMod:HeavyBlow","floor":6},{"not_picked":["HollowMod:DungDefenderAura","HollowMod:LuriensSpire"],"picked":"HollowMod:theNailsmith","floor":11},{"not_picked":["HollowMod:ElderbugsWisdom","HollowMod:theNailsmith"],"picked":"HollowMod:AwokenDreamNail","floor":16},{"not_picked":["HollowMod:DashSlash","HollowMod:HeavyBlow","HollowMod:AbyssShriek"],"picked":"SKIP","floor":18}],"player_experience":449262,"relics_obtained":[{"floor":6,"key":"Pantograph"},{"floor":11,"key":"Strawberry"}],"event_choices":[],"is_beta":false,"boss_relics":[{"not_picked":["Astrolabe","aspiration:RitualDagger"],"picked":"conspire:SpecialSausage"}],"items_purged_floors":[],"is_endless":false,"potions_floor_spawned":[3,11,18],"killed_by":"Hallownest:3_Youths","ascension_level":2}}