{"host":"4a0aa7b2d8dxohwr","time":1612351023,"event":{"mods":["ATMod(∞¢Ë™Mod)","Act Like it!","BaseMod","Dota2Spire","Friendly Minions","Gensokyo","GifTheSpireLib","GungeonMod","Marisa£®ÏF”Í°°ƒß¿Ì…≥£©","Minty Spire (QoL Compilation)","Reimu£®≤©¿ˆ¡È√Œ£©","Reliquary","Remilia£®¿Ÿ√◊¿Ú—«£©","Shop Mod","StSLib","The Cursed","The Senshi","The Servant 0.9.4","Youmu£®ªÍ∆«—˝√Œ£©","[IsaacMod]“‘»ˆº‚À˛","°æ“≈ŒÔø®≈∆°øREMEMod"],"gold_per_floor":[113,113,72,88,88,119,119,152,152,183,183,183,208,218,218,320,320,331,331,348,306,344,379,389,416,466,410,436,436,436,447,447,447,447],"floor_reached":33,"language":"ZHS","playtime":1979,"items_purged":["Injury"],"score":420,"play_id":"c7ff969a-4383-47d7-bcf2-4a6c959c8988","local_time":"20210203191703","is_ascension_mode":true,"campfire_choices":[{"data":"AT_FamilyPortrait","floor":15,"key":"SMITH"},{"data":"Redo","floor":29,"key":"SMITH"},{"data":"Echo Form","floor":32,"key":"SMITH"}],"circlet_count":0,"master_deck":["Strike_B","Strike_B","Strike_B","Strike_B","Defend_B","Defend_B","Defend_B","Defend_B","Zap","Dualcast","AT_FamilyPortrait+1","Seek","Coolheaded","Clumsy","White Noise","Gensokyo:CrescentMoonSlash","Redo+1","Conserve Battery","Turbo","Cold Snap","Loop","Echo Form+1","Gensokyo:AllTheWorldsEvil","Capacitor","Ball Lightning","REME_FirmDetermination","Fusion"],"relics":["Cracked Core","HushsDoor","AT_ATBox","REME_ComplimentaryCards","SteamSale","Boot","Gensokyo:NagashiBinaDoll","MealTicket","reliquary:PurpleTingedLeaf","AT_SeraphEmbrace","ForgetMeNow","DemoMod:WhiteGuonStone","Symbiotic Virus","Runic Dome","DemoMod:DecoyRelic","REME_IWantAll","Sundial","REME_PuzzleBoxRelic","Membership Card","Pantograph","Dota2Spire:MaskOfMadness","MerchantsRug"],"acts_visited":["Exordium","Gensokyo:Gensokyo"],"potions_floor_usage":[8,13,16,20,23,23,25,28,28,31,33],"damage_taken":[{"damage":0.0,"enemies":"Gensokyo:3_Fairies","floor":1.0,"turns":2.0},{"damage":0.0,"enemies":"Gensokyo:Gryphon","floor":4.0,"turns":1.0},{"damage":0.0,"enemies":"Gensokyo:Mamizou","floor":6.0,"turns":3.0},{"damage":12,"enemies":"Gensokyo:Cirno","floor":8,"turns":5},{"damage":10,"enemies":"Gensokyo:Mamizou","floor":10,"turns":7},{"damage":8,"enemies":"Gensokyo:Aya","floor":13,"turns":6},{"damage":0,"enemies":"Gensokyo:Python","floor":14,"turns":3},{"damage":3,"enemies":"Gensokyo:Reimu","floor":16,"turns":12},{"damage":1,"enemies":"Gensokyo:2_Gloops","floor":18,"turns":4},{"damage":11,"enemies":"Gensokyo:AngelMirror","floor":20,"turns":4},{"damage":25,"enemies":"Gensokyo:Wraith","floor":22,"turns":4},{"damage":5,"enemies":"Gensokyo:Reisen","floor":23,"turns":9},{"damage":0,"enemies":"Gensokyo:Chomper_and_Gloop","floor":24,"turns":3},{"damage":26,"enemies":"Gensokyo:Tenshi","floor":25,"turns":6},{"damage":9,"enemies":"Gensokyo:Reisen","floor":28,"turns":6},{"damage":0,"enemies":"Gensokyo:Monolith_and_Dog","floor":31,"turns":4},{"damage":47,"enemies":"Gensokyo:Eiki","floor":33,"turns":11}],"seed_played":"-1338408821222970880","potions_obtained":[{"floor":1.0,"key":"GrandPatriotsElixir:ReiMu"},{"floor":4.0,"key":"Explosive Potion"},{"floor":8,"key":"PotionOfCapacity"},{"floor":16,"key":"Swift Potion"},{"floor":22,"key":"Weak Potion"},{"floor":24,"key":"Weak Potion"},{"floor":25,"key":"ColorlessPotion"},{"floor":28,"key":"Block Potion"},{"floor":31,"key":"Block Potion"}],"is_trial":false,"path_per_floor":["M","?","COS","M","?","E","?","E","T","?","?","?","E","M","R","B",null,"M","?","M","COS","M","E","M","E","T","$","E","R","?","M","R","B"],"character_chosen":"DEFECT","items_purchased":["Membership Card","Pantograph","Dota2Spire:MaskOfMadness","Energy Potion","DemoMod:LeadSkinPotion","MerchantsRug","REME_FirmDetermination"],"campfire_rested":0,"item_purchase_floors":[27,27,27,27,27,27,27],"current_hp_per_floor":[75,75,75,75,64,64,64,53,53,45,45,40,34,34,34,34,72,71,71,60,60,36,32,32,8,8,23,17,17,17,18,18,0,0],"gold":447,"neow_bonus":"RANDOM_COMMON_RELIC","is_daily":false,"chose_seed":false,"campfire_upgraded":3,"win_rate":0.0,"timestamp":1612351023,"path_taken":["M","?","COS","M","?","E","?","E","T","?","?","?","E","M","R","BOSS","M","?","M","COS","M","E","M","E","T","$","E","R","?","M","R","BOSS"],"items_purchased_type":["Relic","Relic","Relic","Potion","Undefined","Relic","Card"],"build_version":"2020-12-22","purchased_purges":1,"victory":false,"max_hp_per_floor":[75,75,75,75,75,75,75,75,75,75,75,85,85,85,85,85,85,85,85,85,85,85,85,85,85,85,85,85,85,85,85,85,85,85],"card_choices":[{"not_picked":[],"picked":"ChaosCard","floor":0.0},{"not_picked":["Conserve Battery","AT_RobotInSpace"],"picked":"Coolheaded","floor":1.0},{"not_picked":["Leap","Seek"],"picked":"White Noise","floor":4.0},{"not_picked":["Coolheaded","Hologram"],"picked":"Redo","floor":6.0},{"not_picked":["Turbo","Sweeping Beam","Beam Cell"],"picked":"SKIP","floor":8},{"not_picked":["Seek","Aggregate"],"picked":"Conserve Battery","floor":10},{"not_picked":["Stack","AT_WarpDrive"],"picked":"Turbo","floor":11},{"not_picked":["Hologram","Coolheaded"],"picked":"Cold Snap","floor":11},{"not_picked":["Gash","AT_HeatAcrobatics"],"picked":"Loop","floor":13},{"not_picked":["Steam Power","Gash","REME_DataAnalysis"],"picked":"SKIP","floor":14},{"not_picked":["Reboot","Seek"],"picked":"Echo Form","floor":16},{"not_picked":["Go for the Eyes","Blizzard","Coolheaded"],"picked":"SKIP","floor":18},{"not_picked":["Hologram+1","Rebound"],"picked":"Capacitor","floor":20},{"not_picked":["Compile Driver","Barrage","Hologram+1"],"picked":"SKIP","floor":22},{"not_picked":["REME_Shoggoth","Sweeping Beam+1"],"picked":"Ball Lightning","floor":23},{"not_picked":["Beam Cell+1","Scrape+1","Genetic Algorithm"],"picked":"SKIP","floor":24},{"not_picked":["Consume","Hello World","Cold Snap"],"picked":"SKIP","floor":25},{"not_picked":["Coolheaded","Rainbow","Steam Power"],"picked":"Fusion","floor":28},{"not_picked":["Barrage","Coolheaded","AT_WarpDrive+1","REME_Whirling"],"picked":"SKIP","floor":31}],"player_experience":551015,"relics_obtained":[{"floor":6.0,"key":"MealTicket"},{"floor":8,"key":"ForgetMeNow"},{"floor":10,"key":"DemoMod:WhiteGuonStone"},{"floor":13,"key":"Symbiotic Virus"},{"floor":23,"key":"DemoMod:DecoyRelic"},{"floor":23,"key":"REME_IWantAll"},{"floor":25,"key":"Sundial"},{"floor":26,"key":"REME_PuzzleBoxRelic"}],"event_choices":[],"is_beta":false,"boss_relics":[{"not_picked":["Inserter","theSenshi:MoonKaleidoScopeRelic"],"picked":"Runic Dome"},{"not_picked":[]}],"items_purged_floors":[27],"is_endless":false,"potions_floor_spawned":[1,4,8,16,22,24,25,28,31],"killed_by":"Gensokyo:Eiki","ascension_level":5}}