{"host":"zsnmfqgcm92hlreo","time":1612394831,"event":{"mods":["AchievementEnabler","Act Like it!","BaseMod","Bestiary","Block Reminder","Colored Map","Colored Powertips","Hermit","Jorbs\u0027s Wanderer Trilogy","Minty Spire (QoL Compilation)","Permanent Neow","Quick Restart","Relic Stats","StSLib","Weighted Paths"],"gold_per_floor":[113,188,207,222,222,254,254,281,334,363,389,401,433,457,469,552,564,594,381,34,54,65,65,75,75,75],"floor_reached":25,"language":"ENG","playtime":1136,"items_purged":["Strike_G"],"score":475,"play_id":"4576d052-efa1-4045-bb6e-ac05f1185b48","local_time":"20210203172711","is_ascension_mode":true,"campfire_choices":[{"floor":7.0,"key":"REST"},{"floor":12.0,"key":"REST"},{"floor":15.0,"key":"REST"},{"floor":23,"key":"REST"}],"circlet_count":0,"master_deck":["AscendersBane","Strike_G","Strike_G","Defend_G","Defend_G","Defend_G","Defend_G","Defend_G","Survivor","Neutralize","Backstab","All Out Attack","Dodge and Roll","Riddle With Holes","Infinite Blades","Storm of Steel+1","Riddle With Holes","Caltrops","Terror+1","Footwork","Deadly Poison+1","Expertise+1","Skewer","Envenom","Blade Dance+1","Caltrops","Blur+1","Caltrops","Outmaneuver+1","Die Die Die","Finisher","Adrenaline+1","Corpse Explosion+1","Deadly Poison+1","Leg Sweep+1"],"relics":["Ring of the Snake","FaceOfCleric","Toxic Egg 2","Dream Catcher","Omamori","MawBank","Runic Pyramid","Orrery"],"acts_visited":["Exordium","TheCity"],"potions_floor_usage":[21,21],"damage_taken":[{"damage":0.0,"enemies":"2 Louse","floor":1.0,"turns":2.0},{"damage":3.0,"enemies":"Jaw Worm","floor":3.0,"turns":4.0},{"damage":0.0,"enemies":"Cultist","floor":4.0,"turns":3.0},{"damage":21.0,"enemies":"3 Sentries","floor":6.0,"turns":8.0},{"damage":8.0,"enemies":"Gremlin Nob","floor":8.0,"turns":3.0},{"damage":7.0,"enemies":"Lagavulin","floor":10.0,"turns":8.0},{"damage":6.0,"enemies":"Lots of Slimes","floor":11.0,"turns":3.0},{"damage":16.0,"enemies":"Gremlin Gang","floor":13.0,"turns":5.0},{"damage":0.0,"enemies":"Red Slaver","floor":14.0,"turns":1.0},{"damage":30.0,"enemies":"The Guardian","floor":16.0,"turns":10.0},{"damage":9.0,"enemies":"3 Byrds","floor":18.0,"turns":3.0},{"damage":16,"enemies":"2 Thieves","floor":21,"turns":3},{"damage":25,"enemies":"Snecko","floor":22,"turns":4},{"damage":25,"enemies":"Cultist and Chosen","floor":24,"turns":6},{"damage":10,"enemies":"Centurion and Healer","floor":25,"turns":1}],"seed_played":"5663973512072666086","potions_obtained":[{"floor":1.0,"key":"SneckoOil"},{"floor":6.0,"key":"ColorlessPotion"},{"floor":8.0,"key":"DuplicationPotion"},{"floor":10.0,"key":"CunningPotion"},{"floor":13.0,"key":"Dexterity Potion"},{"floor":16.0,"key":"EntropicBrew"},{"floor":18.0,"key":"Block Potion"},{"floor":21,"key":"Strength Potion"}],"is_trial":false,"path_per_floor":["M","?","M","M","?","E","R","E","T","E","M","R","M","M","R","B",null,"M","$","$","M","M","R","M","M"],"character_chosen":"THE_SILENT","items_purchased":["Caltrops","Blur+1","Orrery","Corpse Explosion+1","Deadly Poison+1"],"campfire_rested":4,"item_purchase_floors":[19,19,20,20,20],"current_hp_per_floor":[44,33,30,30,30,10,30,23,23,17,12,33,18,19,40,11,58,50,50,50,35,11,33,9,0,0],"gold":75,"neow_bonus":"TRANSFORM_TWO_CARDS","is_daily":false,"chose_seed":false,"campfire_upgraded":0,"win_rate":0.0,"timestamp":1612394831,"path_taken":["M","?","M","M","?","E","R","E","T","E","?","R","M","M","R","BOSS","M","?","$","M","M","R","M","?"],"items_purchased_type":["Card","Card","Relic","Card","Card"],"build_version":"2020-12-22","purchased_purges":1,"victory":false,"max_hp_per_floor":[66,66,66,66,66,67,67,68,68,69,70,70,71,72,72,73,73,74,74,74,75,76,76,77,77,77],"relic_stats":{"Dream Catcher":3,"FaceOfCleric":11,"counters":[15,64],"MawBank":108,"obtain_stats":[{"Dream Catcher":8,"FaceOfCleric":5,"Orrery":20,"Omamori":9,"Toxic Egg 2":6,"MawBank":10,"Ring of the Snake":0,"Runic Pyramid":17},{"Dream Catcher":5,"FaceOfCleric":3,"Orrery":11,"Omamori":5,"Toxic Egg 2":4,"MawBank":6,"Ring of the Snake":0,"Runic Pyramid":10},{"Dream Catcher":20,"FaceOfCleric":9,"Orrery":50,"Omamori":20,"Toxic Egg 2":17,"MawBank":28,"Ring of the Snake":0,"Runic Pyramid":47}],"Ring of the Snake":[30]},"card_choices":[{"not_picked":["Bouncing Flask","Distraction"],"picked":"Dodge and Roll","floor":1.0},{"not_picked":["Concentrate","Poisoned Stab"],"picked":"Riddle With Holes","floor":3.0},{"not_picked":["Distraction","Slice"],"picked":"Infinite Blades","floor":4.0},{"not_picked":["Endless Agony","Acrobatics+1"],"picked":"Storm of Steel+1","floor":6.0},{"not_picked":["Distraction+1","Grand Finale"],"picked":"Riddle With Holes","floor":8.0},{"not_picked":["Infinite Blades","Cloak And Dagger+1"],"picked":"Caltrops","floor":10.0},{"not_picked":["Deflect+1","Acrobatics+1"],"picked":"Terror+1","floor":11.0},{"not_picked":["Deadly Poison+1","Caltrops"],"picked":"Footwork","floor":12.0},{"not_picked":["Endless Agony","Quick Slash"],"picked":"Deadly Poison+1","floor":13.0},{"not_picked":["Concentrate+1","Deadly Poison+1"],"picked":"Expertise+1","floor":14.0},{"not_picked":["Prepared+1","Flying Knee"],"picked":"Skewer","floor":15.0},{"not_picked":["Bullet Time+1","Unload"],"picked":"Envenom","floor":16.0},{"not_picked":["Well Laid Plans","Dagger Spray"],"picked":"Blade Dance+1","floor":18.0},{"not_picked":["Finisher","All Out Attack"],"picked":"Caltrops","floor":20},{"not_picked":["Blade Dance+1","Bane"],"picked":"Outmaneuver+1","floor":20},{"not_picked":["Finisher","Sucker Punch"],"picked":"Die Die Die","floor":20},{"not_picked":["Tactician+1","Endless Agony"],"picked":"Finisher","floor":20},{"not_picked":["Bane","Poisoned Stab"],"picked":"Adrenaline+1","floor":20},{"not_picked":["Reflex+1","Sucker Punch","Predator"],"picked":"SKIP","floor":21},{"not_picked":["Poisoned Stab","Blade Dance+1","Masterful Stab"],"picked":"SKIP","floor":22},{"not_picked":["Doppelganger+1","Well Laid Plans"],"picked":"Leg Sweep+1","floor":23},{"not_picked":["Poisoned Stab","Prepared+1","Bane"],"picked":"SKIP","floor":24}],"player_experience":1011778,"relics_obtained":[{"floor":6.0,"key":"Toxic Egg 2"},{"floor":8.0,"key":"Dream Catcher"},{"floor":9.0,"key":"Omamori"},{"floor":10.0,"key":"MawBank"}],"event_choices":[{"damage_healed":0.0,"max_hp_gain":0.0,"max_hp_loss":0.0,"gold_gain":75.0,"event_name":"World of Goop","player_choice":"Gather Gold","floor":2.0,"gold_loss":0.0,"damage_taken":11.0},{"damage_healed":0.0,"max_hp_gain":0.0,"max_hp_loss":0.0,"gold_gain":0.0,"event_name":"FaceTrader","player_choice":"Trade","floor":5.0,"gold_loss":0.0,"damage_taken":0.0,"relics_obtained":["FaceOfCleric"]}],"is_beta":false,"boss_relics":[{"not_picked":["Tiny House","Velvet Choker"],"picked":"Runic Pyramid"}],"items_purged_floors":[19],"is_endless":false,"potions_floor_spawned":[1,6,8,10,13,16,18,21],"killed_by":"Centurion and Healer","ascension_level":20}}