{"host":"ipy8buq3e4d47khg","time":1612326242,"event":{"mods":["BaseMod","Colored Map","Colored Powertips","Minty Spire (QoL Compilation)","Quick Restart","Shop Mod"],"gold_per_floor":[130,142,171,201,232,272,303,315,375,397,438,23,23,23,23,119,119,131,27,41,90,50,75,75,75,99,99,112,132,142,168,168,271,271,290,290,339,1338,1338,1338,1392,1404,1450,1460,1495,428,462,482,482,482,482],"floor_reached":50,"language":"ENG","playtime":3779,"items_purged":["Strike_G"],"score":675,"play_id":"a75d3908-15a5-47b6-8623-6537aeb0587c","local_time":"20210202202402","is_ascension_mode":false,"campfire_choices":[{"data":"Blade Dance","floor":8.0,"key":"SMITH"},{"floor":15.0,"key":"REST"},{"floor":24.0,"key":"REST"},{"floor":27.0,"key":"REST"},{"floor":32.0,"key":"RECALL"},{"floor":40.0,"key":"REST"},{"floor":49.0,"key":"REST"}],"circlet_count":0,"master_deck":["Strike_G+1","Strike_G","Strike_G","Strike_G+1","Defend_G","Defend_G+1","Defend_G+1","Defend_G","Survivor","Neutralize","Blade Dance+1","Leg Sweep","Blur","Poisoned Stab","Deflect","Masterful Stab+1","Reflex","Dodge and Roll","Accuracy","Trip+1","Envenom+1","Deadly Poison","Noxious Fumes","Backstab","A Thousand Cuts","Backstab","Writhe","Prepared+1","Reflex","Slice","Finisher","Corpse Explosion","Deflect","Blur","Noxious Fumes+1","The Bomb","Enlightenment","Outmaneuver+1"],"relics":["Ring of the Snake","Strawberry","Potion Belt","Mummified Hand","TwistedFunnel","PreservedInsect","Fusion Hammer","War Paint","FossilizedHelix","Orichalcum","SlaversCollar","Du-Vu Doll","Oddly Smooth Stone","Lantern","Blood Vial","Question Card","OrangePellets","MealTicket","MerchantsRug","Whetstone"],"acts_visited":["Exordium","TheCity","TheBeyond"],"potions_floor_usage":[50,50],"damage_taken":[{"damage":0.0,"enemies":"2 Louse","floor":1.0,"turns":4.0},{"damage":0.0,"enemies":"Cultist","floor":3.0,"turns":4.0},{"damage":0.0,"enemies":"Small Slimes","floor":4.0,"turns":3.0},{"damage":0.0,"enemies":"Blue Slaver","floor":5.0,"turns":5.0},{"damage":22.0,"enemies":"3 Sentries","floor":6.0,"turns":12.0},{"damage":0.0,"enemies":"Exordium Wildlife","floor":7.0,"turns":4.0},{"damage":0.0,"enemies":"3 Louse","floor":10.0,"turns":3.0},{"damage":12.0,"enemies":"Lagavulin","floor":11.0,"turns":6.0},{"damage":11.0,"enemies":"Slime Boss","floor":16.0,"turns":9.0},{"damage":13.0,"enemies":"2 Thieves","floor":18.0,"turns":5.0},{"damage":9.0,"enemies":"3 Byrds","floor":20.0,"turns":3.0},{"damage":18.0,"enemies":"Book of Stabbing","floor":23.0,"turns":3.0},{"damage":0.0,"enemies":"Shelled Parasite and Fungi","floor":28.0,"turns":5.0},{"damage":9.0,"enemies":"Sentry and Sphere","floor":29.0,"turns":6.0},{"damage":0.0,"enemies":"Snake Plant","floor":30.0,"turns":2.0},{"damage":0.0,"enemies":"Gremlin Leader","floor":31.0,"turns":4.0},{"damage":64.0,"enemies":"Collector","floor":33.0,"turns":9.0},{"damage":0.0,"enemies":"Orb Walker","floor":35.0,"turns":3.0},{"damage":62.0,"enemies":"2 Orb Walkers","floor":37.0,"turns":5.0},{"damage":0.0,"enemies":"3 Darklings","floor":42.0,"turns":2.0},{"damage":0.0,"enemies":"Spire Growth","floor":44.0,"turns":5.0},{"damage":0.0,"enemies":"Nemesis","floor":45.0,"turns":6.0},{"damage":9.0,"enemies":"Reptomancer","floor":47.0,"turns":3.0},{"damage":10.0,"enemies":"Sphere and 2 Shapes","floor":48.0,"turns":4.0},{"damage":55,"enemies":"Awakened One","floor":50,"turns":4}],"seed_played":"5247908353640749709","potions_obtained":[{"floor":1.0,"key":"Ancient Potion"},{"floor":4.0,"key":"Dexterity Potion"},{"floor":6.0,"key":"Swift Potion"},{"floor":11.0,"key":"Block Potion"},{"floor":28.0,"key":"Weak Potion"},{"floor":29.0,"key":"AttackPotion"},{"floor":30.0,"key":"SteroidPotion"},{"floor":33.0,"key":"Regen Potion"},{"floor":37.0,"key":"GamblersBrew"},{"floor":42.0,"key":"LiquidMemories"},{"floor":48.0,"key":"Explosive Potion"}],"is_trial":false,"path_per_floor":["M","?","M","M","M","E","M","R","T","M","E","$","?","?","R","B",null,"M","$","M","T","?","E","R","?","T","R","M","M","M","E","R","B",null,"M","?","?","?","?","R","T","M","T","M","E","$","E","M","R","B"],"character_chosen":"THE_SILENT","items_purchased":["TwistedFunnel","Accuracy","PreservedInsect","Trip","Noxious Fumes","Backstab","PowerPotion","AttackPotion","Fire Potion","Question Card","OrangePellets","The Bomb","Enlightenment","MealTicket","MerchantsRug"],"campfire_rested":5,"item_purchase_floors":[12,12,12,12,19,19,46,46,46,46,46,46,46,46,46],"current_hp_per_floor":[70,63,63,63,63,48,48,48,48,48,36,36,21,21,44,33,77,64,64,55,55,55,37,60,60,60,77,77,68,68,68,68,4,77,77,73,25,25,25,46,46,46,46,46,46,46,39,31,52,0,0],"gold":482,"neow_bonus":"RANDOM_COMMON_RELIC","is_daily":false,"chose_seed":false,"campfire_upgraded":1,"win_rate":0.0,"timestamp":1612326242,"path_taken":["M","?","M","M","M","E","M","R","T","M","E","$","?","?","R","BOSS","M","$","M","?","?","E","R","?","T","R","M","M","M","E","R","BOSS","M","?","?","?","?","R","?","M","T","M","E","$","E","M","R","BOSS"],"items_purchased_type":["Relic","Card","Relic","Card","Card","Card","Potion","Potion","Potion","Relic","Relic","Card","Card","Relic","Relic"],"build_version":"2020-12-22","purchased_purges":1,"victory":false,"max_hp_per_floor":[70,70,70,70,70,77,77,77,77,77,77,77,77,77,77,77,77,77,77,77,77,77,77,77,77,77,77,77,77,77,77,77,77,77,77,73,73,73,73,73,73,73,73,73,73,73,73,73,73,73,73],"card_choices":[{"not_picked":["Caltrops","Sucker Punch"],"picked":"Blade Dance","floor":1.0},{"not_picked":["Bouncing Flask","Dodge and Roll"],"picked":"Leg Sweep","floor":3.0},{"not_picked":["Bane","Well Laid Plans"],"picked":"Blur","floor":4.0},{"not_picked":["Deadly Poison","Outmaneuver"],"picked":"Poisoned Stab","floor":5.0},{"not_picked":["Dodge and Roll","Outmaneuver"],"picked":"Deflect","floor":6.0},{"not_picked":["Flying Knee","Reflex"],"picked":"Masterful Stab","floor":7.0},{"not_picked":["Underhanded Strike","Eviscerate"],"picked":"Reflex","floor":10.0},{"not_picked":["Unload","Storm of Steel"],"picked":"Dodge and Roll","floor":11.0},{"not_picked":["Bullet Time","Wraith Form v2"],"picked":"Envenom","floor":16.0},{"not_picked":["Underhanded Strike","Dodge and Roll"],"picked":"Deadly Poison","floor":18.0},{"not_picked":["Sucker Punch+1","Noxious Fumes"],"picked":"A Thousand Cuts","floor":20.0},{"not_picked":["Heel Hook","Deflect"],"picked":"Backstab","floor":23.0},{"not_picked":["Flying Knee","Reflex"],"picked":"Prepared+1","floor":28.0},{"not_picked":["Dagger Throw","Dash"],"picked":"Reflex","floor":29.0},{"not_picked":["Riddle With Holes","PiercingWail"],"picked":"Slice","floor":30.0},{"not_picked":["Reflex","Noxious Fumes"],"picked":"Finisher","floor":31.0},{"not_picked":["Glass Knife","Venomology"],"picked":"Corpse Explosion","floor":33.0},{"not_picked":["Flying Knee+1","Quick Slash+1","Heel Hook"],"picked":"SKIP","floor":35.0},{"not_picked":["Deadly Poison+1","Sucker Punch+1"],"picked":"Deflect","floor":37.0},{"not_picked":["Poisoned Stab","Dagger Spray"],"picked":"Blur","floor":42.0},{"not_picked":["Dodge and Roll","Backflip+1"],"picked":"Noxious Fumes+1","floor":44.0},{"not_picked":["Bane","Backflip","A Thousand Cuts"],"picked":"SKIP","floor":45.0},{"not_picked":["Dagger Throw+1","Quick Slash+1","Leg Sweep","Expertise"],"picked":"SKIP","floor":47.0},{"not_picked":["Bouncing Flask+1","Distraction","Reflex+1"],"picked":"Outmaneuver+1","floor":48.0}],"player_experience":201409,"relics_obtained":[{"floor":6.0,"key":"Strawberry"},{"floor":9.0,"key":"Potion Belt"},{"floor":11.0,"key":"Mummified Hand"},{"floor":21.0,"key":"Juzu Bracelet"},{"floor":23.0,"key":"War Paint"},{"floor":26.0,"key":"Orichalcum"},{"floor":31.0,"key":"Omamori"},{"floor":37.0,"key":"Du-Vu Doll"},{"floor":41.0,"key":"Oddly Smooth Stone"},{"floor":43.0,"key":"Lantern"},{"floor":45.0,"key":"Blood Vial"},{"floor":47.0,"key":"Whetstone"}],"event_choices":[{"cards_removed":["Defend_G"],"damage_healed":0.0,"max_hp_gain":0.0,"max_hp_loss":0.0,"gold_gain":0.0,"event_name":"Golden Wing","player_choice":"Card Removal","floor":2.0,"gold_loss":0.0,"damage_taken":7.0},{"damage_healed":0.0,"max_hp_gain":0.0,"max_hp_loss":0.0,"gold_gain":0.0,"event_name":"Shining Light","player_choice":"Entered Light","floor":13.0,"gold_loss":0.0,"damage_taken":15.0,"cards_upgraded":["Masterful Stab","Trip"]},{"damage_healed":0.0,"max_hp_gain":0.0,"max_hp_loss":0.0,"gold_gain":0.0,"event_name":"NoteForYourself","player_choice":"Ignored","floor":14.0,"gold_loss":0.0,"damage_taken":0.0},{"damage_healed":0.0,"max_hp_gain":0.0,"max_hp_loss":0.0,"gold_gain":0.0,"event_name":"Designer","player_choice":"Upgrade","floor":22.0,"gold_loss":40.0,"damage_taken":0.0,"cards_upgraded":["Envenom"]},{"damage_healed":0.0,"max_hp_gain":0.0,"max_hp_loss":0.0,"gold_gain":0.0,"event_name":"The Mausoleum","player_choice":"Opened","floor":25.0,"gold_loss":0.0,"damage_taken":0.0,"relics_obtained":["FossilizedHelix"],"cards_obtained":["Writhe"]},{"damage_healed":0.0,"max_hp_gain":0.0,"max_hp_loss":4.0,"gold_gain":0.0,"event_name":"Winding Halls","player_choice":"Max HP","floor":36.0,"gold_loss":0.0,"damage_taken":0.0},{"damage_healed":0.0,"max_hp_gain":0.0,"max_hp_loss":0.0,"gold_gain":0.0,"event_name":"Mysterious Sphere","player_choice":"Fight","floor":37.0,"gold_loss":0.0,"damage_taken":0.0},{"damage_healed":0.0,"max_hp_gain":0.0,"max_hp_loss":0.0,"gold_gain":999.0,"event_name":"MindBloom","player_choice":"Gold","floor":38.0,"gold_loss":0.0,"damage_taken":0.0,"cards_obtained":["Normality","Normality"]},{"damage_healed":0.0,"max_hp_gain":0.0,"max_hp_loss":0.0,"gold_gain":0.0,"event_name":"Tomb of Lord Red Mask","player_choice":"Ignored","floor":39.0,"gold_loss":0.0,"damage_taken":0.0}],"is_beta":false,"boss_relics":[{"not_picked":["Runic Dome","Sozu"],"picked":"Fusion Hammer"},{"not_picked":["SacredBark","Tiny House"],"picked":"SlaversCollar"}],"items_purged_floors":[46],"is_endless":false,"potions_floor_spawned":[1,4,6,11,28,29,30,33,37,42,48],"killed_by":"Awakened One","ascension_level":0}}