{"host":"l84l8xigz5v5foa2","time":1612320560,"event":{"mods":["2.2 Compatiblity","AchievementEnabler","BaseMod","Better Note","Better Vampires","BetterRewards","Card Filter","Colored Map","DeckTracker","Downfall","Gremlin Skip","Highlight Path","Keyboard Shortcuts","Minty Spire (QoL Compilation)","Permanent Neow","Quick Restart","Relic Filter","Relic Stats","StSLib","SuperFastMode","Transform Curses","Unknown Chances"],"gold_per_floor":[119,119,132,49,59,85,105,105,105,105,155,167,16,16,16,94,94,113,28,40,40,55,55,55,55],"floor_reached":23,"language":"ENG","playtime":597,"items_purged":["hexamod:Strike"],"score":482,"play_id":"2ae94405-08a1-4cd9-9de0-c8bbf9ca7b0a","local_time":"20210203114920","is_ascension_mode":true,"campfire_choices":[{"floor":8.0,"key":"REST"},{"data":"hexamod:Incineration","floor":10.0,"key":"SMITH"},{"data":"hexamod:GhostOfSpirePast","floor":15.0,"key":"SMITH"}],"circlet_count":0,"master_deck":["AscendersBane","hexamod:Strike","hexamod:Defend","hexamod:Defend","hexamod:Defend","hexamod:Defend","hexamod:Sear","hexamod:Float+1","hexamod:ApocalypseNow","hexamod:Incineration+1","hexamod:AdvancingGuard","hexamod:StepThrough","hexamod:HauntingEcho+1","hexamod:GhostOfSpirePast+1","hexamod:ThirdSeal","hexamod:ForkedFlame","hexamod:FifthSeal","hexamod:TimeOfNeed","hexamod:SixthSeal","hexamod:AdvancingGuard+1","hexamod:RainOfEmbers+1","hexamod:ApocalypseNow","hexamod:FifthSeal","hexamod:FirstSeal","hexamod:FourthSeal"],"relics":["hexamod:SpiritBrand","Bag of Preparation","Pocketwatch","Coffee Dripper","Vajra"],"acts_visited":["Exordium","TheCity"],"potions_floor_usage":[16,16,23],"damage_taken":[{"damage":0.0,"enemies":"2 Louse","floor":1.0,"turns":3.0},{"damage":0.0,"enemies":"Cultist","floor":3.0,"turns":2.0},{"damage":0.0,"enemies":"Small Slimes","floor":5.0,"turns":2.0},{"damage":52.0,"enemies":"Gremlin Nob","floor":6.0,"turns":5.0},{"damage":0.0,"enemies":"Exordium Thugs","floor":7.0,"turns":5.0},{"damage":1.0,"enemies":"Looter","floor":12.0,"turns":3.0},{"damage":0,"enemies":"Slime Boss","floor":16,"turns":3},{"damage":0,"enemies":"Spheric Guardian","floor":18,"turns":3},{"damage":7,"enemies":"Chosen","floor":20,"turns":3},{"damage":16,"enemies":"Shelled Parasite and Fungi","floor":22,"turns":5},{"damage":30,"enemies":"Slavers","floor":23,"turns":2}],"seed_played":"-7944419471952389187","potions_obtained":[{"floor":3.0,"key":"Dexterity Potion"},{"floor":5.0,"key":"EssenceOfSteel"},{"floor":12.0,"key":"hexamod:EctoCoolerPotion"},{"floor":14.0,"key":"ColorlessPotion"},{"floor":20,"key":"PowerPotion"}],"is_trial":false,"path_per_floor":["M","?","M","$","M","E","M","R","T","R","?","M","$","?","R","B",null,"M","?","M","?","M","E"],"character_chosen":"THE_SPIRIT","items_purchased":["hexamod:StepThrough","hexamod:ThirdSeal"],"campfire_rested":1,"item_purchase_floors":[4,13],"current_hp_per_floor":[57,57,57,57,57,5,5,23,23,23,23,22,22,22,22,22,53,53,53,46,46,30,0,0,0],"gold":55,"neow_bonus":"ONE_RANDOM_RARE_CARD","is_daily":false,"chose_seed":false,"campfire_upgraded":2,"win_rate":0.0,"timestamp":1612320560,"path_taken":["M","?","M","$","?","E","?","R","T","R","?","M","?","?","R","BOSS","M","?","M","?","M","E"],"items_purchased_type":["Card","Card"],"build_version":"2020-12-22","purchased_purges":1,"victory":false,"max_hp_per_floor":[63,63,63,63,63,63,63,63,63,63,63,63,63,63,63,63,63,63,63,63,63,63,63,63,63],"relic_stats":{"counters":[11,36],"Bag of Preparation":[14],"obtain_stats":[{"Vajra":19,"Bag of Preparation":6,"Coffee Dripper":17,"hexamod:SpiritBrand":0,"Pocketwatch":9},{"Vajra":8,"Bag of Preparation":4,"Coffee Dripper":7,"hexamod:SpiritBrand":0,"Pocketwatch":5},{"Vajra":26,"Bag of Preparation":12,"Coffee Dripper":23,"hexamod:SpiritBrand":0,"Pocketwatch":17}],"Pocketwatch":[12]},"card_choices":[{"not_picked":["hexamod:NightmareGuise","hexamod:Hexaguard"],"picked":"hexamod:Incineration","floor":1.0},{"not_picked":["hexamod:SpectralSpark","hexamod:ExtraCrispy"],"picked":"hexamod:AdvancingGuard","floor":3.0},{"not_picked":["hexamod:EtherealExpedition","hexamod:HeatMetal","hexamod:BurningTouch"],"picked":"SKIP","floor":5.0},{"not_picked":["hexamod:GhostShield","hexamod:GiftsFromTheDead","hexamod:PhantomCloak"],"picked":"SKIP","floor":6.0},{"not_picked":["hexamod:GhostShield","hexamod:GiftsFromTheDead","hexamod:PhantomCloak"],"picked":"SKIP","floor":6.0},{"not_picked":["hexamod:Hexaguard","hexamod:InspiringFlames"],"picked":"hexamod:HauntingEcho","floor":7.0},{"not_picked":["hexamod:NightmareGuise","hexamod:Again"],"picked":"hexamod:GhostOfSpirePast","floor":12.0},{"not_picked":["hexamod:ApocalypticArmor","hexamod:Toasty"],"picked":"hexamod:ForkedFlame","floor":16},{"not_picked":["hexamod:FlameSwitch","hexamod:GhostflameInferno"],"picked":"hexamod:FifthSeal","floor":16},{"not_picked":["hexamod:FlameSwitch","hexamod:GhostflameInferno"],"picked":"hexamod:TimeOfNeed","floor":16},{"not_picked":["hexamod:ThirdSeal","hexamod:FirstSeal"],"picked":"hexamod:SixthSeal","floor":18},{"not_picked":["hexamod:BacktrackSmack","hexamod:BurningTouch"],"picked":"hexamod:AdvancingGuard+1","floor":18},{"not_picked":["hexamod:NightmareStrike","hexamod:SoulSteal","hexamod:GhostLash"],"picked":"SKIP","floor":18},{"not_picked":["hexamod:ThermalTransfer","hexamod:SpectersWail"],"picked":"hexamod:RainOfEmbers","floor":20},{"not_picked":["hexamod:BurningTouch","hexamod:InspiringFlames","hexamod:HeatCrush+1"],"picked":"SKIP","floor":20},{"not_picked":["hexamod:SecondSeal","hexamod:SixthSeal"],"picked":"hexamod:FirstSeal","floor":22},{"not_picked":["hexamod:SecondSeal","hexamod:ThirdSeal"],"picked":"hexamod:FourthSeal","floor":22},{"not_picked":["hexamod:HeatCrush","hexamod:AdvancingGuard","hexamod:FastForward"],"picked":"SKIP","floor":22},{"not_picked":["hexamod:SuperheatedStrike","hexamod:SwordOfDarkness","hexamod:SpectralSpark+1"],"picked":"SKIP","floor":22},{"not_picked":["hexamod:HeatCrush","hexamod:AdvancingGuard","hexamod:FastForward"],"picked":"SKIP","floor":22},{"not_picked":["hexamod:SuperheatedStrike","hexamod:SwordOfDarkness","hexamod:SpectralSpark+1"],"picked":"SKIP","floor":22}],"player_experience":3528189,"relics_obtained":[{"floor":6.0,"key":"Bag of Preparation"},{"floor":9.0,"key":"Pocketwatch"}],"event_choices":[{"damage_healed":0.0,"max_hp_gain":0.0,"max_hp_loss":0.0,"gold_gain":0.0,"event_name":"Upgrade Shrine","player_choice":"Upgraded","floor":2.0,"gold_loss":0.0,"damage_taken":0.0,"cards_upgraded":["hexamod:Float"]},{"damage_healed":0.0,"max_hp_gain":0.0,"max_hp_loss":0.0,"gold_gain":50.0,"event_name":"Golden Shrine","player_choice":"Pray","floor":11.0,"gold_loss":0.0,"damage_taken":0.0},{"damage_healed":0.0,"max_hp_gain":0.0,"max_hp_loss":0.0,"gold_gain":0.0,"event_name":"Lab","player_choice":"Got Potions","floor":14.0,"gold_loss":0.0,"damage_taken":0.0},{"damage_healed":0,"gold_gain":0,"player_choice":"Obtained Relic","damage_taken":0,"relics_obtained":["Vajra"],"max_hp_gain":0,"max_hp_loss":0,"event_name":"Addict","floor":19,"gold_loss":85},{"damage_healed":0,"gold_gain":0,"cards_transformed":["hexamod:Strike","hexamod:Strike"],"player_choice":"Became Test Subject","damage_taken":0,"max_hp_gain":0,"max_hp_loss":0,"event_name":"Drug Dealer","floor":21,"gold_loss":0,"cards_obtained":["hexamod:ApocalypseNow","hexamod:FifthSeal"]}],"is_beta":false,"boss_relics":[{"not_picked":["expansioncontent:StudyCardRelic","SlaversCollar"],"picked":"Coffee Dripper"}],"items_purged_floors":[13],"is_endless":false,"potions_floor_spawned":[3,5,12,20],"killed_by":"Slavers","ascension_level":20}}