{"host":"gk336il5jfnqajsw","time":1612353539,"event":{"mods":["2.2 Compatiblity","AchievementEnabler","BaseMod","Colored Powertips","Minty Spire (QoL Compilation)","Relic Stats","StSLib"],"gold_per_floor":[111,127,127,147,52,52,72,95,167,22,22,32,32,50,50,153,153,163,177,177,92,17,17,17,46,92,106,106,106,126,136,136,136,136],"floor_reached":33,"language":"ENG","playtime":1135,"items_purged":["Strike_P"],"score":307,"play_id":"83c7c488-2c5d-45f5-a177-b0730f71a6de","local_time":"20210203045859","is_ascension_mode":false,"campfire_choices":[{"data":"Vigilance","floor":6,"key":"SMITH"},{"floor":11,"key":"REST"},{"data":"BowlingBash","floor":15,"key":"SMITH"},{"floor":23,"key":"RECALL"},{"floor":29,"key":"REST"},{"floor":32,"key":"REST"}],"circlet_count":0,"master_deck":["Strike_P","Strike_P","Defend_P+1","Defend_P","Defend_P","Eruption+1","Vigilance+1","BowlingBash","CutThroughFate","BowlingBash+1","DeusExMachina","FollowUp+1","TalkToTheHand"],"relics":["PureWater","Juzu Bracelet","Odd Mushroom","HornCleat","DollysMirror","Fusion Hammer","Lizard Tail","PreservedInsect","Nloth\u0027s Gift"],"acts_visited":["Exordium","TheCity"],"potions_floor_usage":[8,16,25,31,31,33],"damage_taken":[{"damage":0,"enemies":"Cultist","floor":1,"turns":2},{"damage":10,"enemies":"Small Slimes","floor":2,"turns":3},{"damage":0,"enemies":"2 Louse","floor":4,"turns":2},{"damage":4,"enemies":"Lots of Slimes","floor":7,"turns":3},{"damage":3,"enemies":"The Mushroom Lair","floor":8,"turns":3},{"damage":5,"enemies":"3 Louse","floor":12,"turns":2},{"damage":1,"enemies":"Exordium Wildlife","floor":14,"turns":2},{"damage":0,"enemies":"Slime Boss","floor":16,"turns":5},{"damage":10,"enemies":"2 Thieves","floor":18,"turns":3},{"damage":0,"enemies":"Chosen","floor":19,"turns":3},{"damage":43,"enemies":"Book of Stabbing","floor":25,"turns":6},{"damage":8,"enemies":"Sentry and Sphere","floor":27,"turns":4},{"damage":0,"enemies":"3 Cultists","floor":30,"turns":3},{"damage":23,"enemies":"Snake Plant","floor":31,"turns":3},{"damage":87,"enemies":"Champ","floor":33,"turns":6}],"seed_played":"-8793463149259482225","potions_obtained":[{"floor":7,"key":"GamblersBrew"},{"floor":8,"key":"Ancient Potion"},{"floor":14,"key":"ColorlessPotion"},{"floor":16,"key":"Energy Potion"},{"floor":30,"key":"Swift Potion"},{"floor":31,"key":"DistilledChaos"}],"is_trial":false,"path_per_floor":["M","M","?","M","?","R","M","?","T","$","R","M","?","M","R","B",null,"M","M","?","?","$","R","$","E","T","M","?","R","M","M","R","B"],"character_chosen":"WATCHER","items_purchased":["DollysMirror"],"campfire_rested":3,"item_purchase_floors":[10],"current_hp_per_floor":[72,62,48,48,48,48,44,41,41,41,62,57,57,56,56,56,72,62,62,72,72,72,72,72,30,30,22,22,43,43,20,41,0,0],"gold":136,"neow_bonus":"REMOVE_CARD","is_daily":false,"chose_seed":false,"campfire_upgraded":2,"win_rate":0.0,"timestamp":1612353539,"path_taken":["M","M","?","M","?","R","M","?","T","$","R","M","?","M","R","BOSS","M","M","?","?","?","R","?","E","T","M","?","R","M","M","R","BOSS"],"items_purchased_type":["Relic"],"build_version":"2020-12-22","purchased_purges":1,"victory":false,"max_hp_per_floor":[72,72,72,72,72,72,72,72,72,72,72,72,72,72,72,72,72,72,72,72,72,72,72,72,72,72,72,72,72,72,72,72,72,72],"relic_stats":{"Lizard Tail":36,"counters":[15,50],"PreservedInsect":0,"Juzu Bracelet":3,"Nloth\u0027s Gift":0,"obtain_stats":[{"Lizard Tail":25,"HornCleat":9,"DollysMirror":10,"Fusion Hammer":17,"PreservedInsect":26,"Juzu Bracelet":5,"Nloth\u0027s Gift":28,"PureWater":0,"Odd Mushroom":8,"Toy Ornithopter":21},{"Lizard Tail":11,"HornCleat":5,"DollysMirror":5,"Fusion Hammer":8,"PreservedInsect":11,"Juzu Bracelet":3,"Nloth\u0027s Gift":12,"PureWater":0,"Odd Mushroom":5,"Toy Ornithopter":10},{"Lizard Tail":34,"HornCleat":13,"DollysMirror":13,"Fusion Hammer":22,"PreservedInsect":34,"Juzu Bracelet":7,"Nloth\u0027s Gift":38,"PureWater":0,"Odd Mushroom":13,"Toy Ornithopter":28}]},"card_choices":[{"not_picked":["ClearTheMind","JustLucky","Evaluate"],"picked":"SKIP","floor":1},{"not_picked":["Protect","EmptyMind"],"picked":"BowlingBash","floor":2},{"not_picked":["Adaptation","Conclude"],"picked":"CutThroughFate","floor":4},{"not_picked":["Halt","SignatureMove","EmptyBody"],"picked":"SKIP","floor":7},{"not_picked":["CutThroughFate","FearNoEvil","EmptyFist"],"picked":"SKIP","floor":12},{"not_picked":["Meditate","Tantrum","BowlingBash"],"picked":"SKIP","floor":14},{"not_picked":["LessonLearned","Omniscience"],"picked":"DeusExMachina","floor":16},{"not_picked":["Crescendo","Collect","Swivel+1"],"picked":"SKIP","floor":18},{"not_picked":["FlyingSleeves","FollowUp","ThirdEye"],"picked":"SKIP","floor":19},{"not_picked":["Adaptation","Conclude","SashWhip"],"picked":"SKIP","floor":25},{"not_picked":["Perseverance","EmptyBody","Prostrate"],"picked":"SKIP","floor":27},{"not_picked":["PathToVictory","InnerPeace","FollowUp+1"],"picked":"SKIP","floor":30},{"not_picked":["PathToVictory","InnerPeace"],"picked":"FollowUp+1","floor":30},{"not_picked":["ForeignInfluence","Conclude+1"],"picked":"TalkToTheHand","floor":31}],"player_experience":571284,"relics_obtained":[{"floor":8,"key":"Odd Mushroom"},{"floor":9,"key":"HornCleat"},{"floor":25,"key":"Lizard Tail"},{"floor":26,"key":"PreservedInsect"}],"event_choices":[{"damage_healed":0,"gold_gain":0,"player_choice":"Entered Light","damage_taken":14,"max_hp_gain":0,"max_hp_loss":0,"event_name":"Shining Light","floor":3,"gold_loss":0,"cards_upgraded":["Eruption","Defend_P"]},{"damage_healed":0,"gold_gain":0,"player_choice":"Paid Gold","damage_taken":0,"relics_obtained":["Juzu Bracelet"],"max_hp_gain":0,"max_hp_loss":0,"event_name":"WeMeetAgain","floor":5,"gold_loss":95},{"damage_healed":0,"gold_gain":0,"player_choice":"Fought Mushrooms","damage_taken":0,"max_hp_gain":0,"max_hp_loss":0,"event_name":"Mushrooms","floor":8,"gold_loss":0},{"cards_removed":["Defend_P"],"damage_healed":0,"gold_gain":0,"player_choice":"Offered Basic","damage_taken":0,"max_hp_gain":0,"max_hp_loss":0,"event_name":"Bonfire Elementals","floor":13,"gold_loss":0},{"damage_healed":24,"gold_gain":0,"player_choice":"Heal","damage_taken":0,"max_hp_gain":0,"max_hp_loss":0,"event_name":"The Library","floor":20,"gold_loss":0},{"damage_healed":0,"gold_gain":0,"player_choice":"Obtained Relic","damage_taken":0,"relics_obtained":["Toy Ornithopter"],"max_hp_gain":0,"max_hp_loss":0,"event_name":"Addict","floor":21,"gold_loss":85},{"damage_healed":0,"gold_gain":0,"player_choice":"Traded Relic","damage_taken":0,"relics_obtained":["Nloth\u0027s Gift"],"max_hp_gain":0,"max_hp_loss":0,"event_name":"N\u0027loth","floor":28,"relics_lost":["Toy Ornithopter"],"gold_loss":0}],"is_beta":false,"boss_relics":[{"not_picked":["Snecko Eye","Coffee Dripper"],"picked":"Fusion Hammer"}],"items_purged_floors":[22],"is_endless":false,"potions_floor_spawned":[7,8,14,16,30,31],"killed_by":"Champ","ascension_level":0}}