{"host":"27tk4xseidcli2mr","time":1612379568,"event":{"mods":["2.2 Compatiblity","AchievementEnabler","Aspiration","BaseMod","Better Third Choice","Conspire","Custom Start","Downfall","Hubris","Infinite Spire","Jorbs\u0027s Wanderer Trilogy","Minty Spire (QoL Compilation)","Replay The Spire","StSLib","SuperFastMode","[IsaacMod]????"],"gold_per_floor":[115,115,115,128,128,154,164,164,187,187,199,229,229,229,229,305,305,325,325,304,304,11,46,46,46,46,57,57,76,101,140,140,140,140],"floor_reached":33,"language":"ENG","playtime":1036,"items_purged":["Decay"],"score":686,"play_id":"4c5c0b1f-f44b-463d-89f7-5da80e171dee","local_time":"20210203201248","is_ascension_mode":true,"campfire_choices":[{"data":"Noxious Fumes","floor":8.0,"key":"SMITH"},{"data":"Bouncing Flask","floor":10.0,"key":"SMITH"},{"floor":13.0,"key":"REST"},{"data":"Catalyst","floor":15.0,"key":"SMITH"},{"data":"Noxious Fumes+1","floor":25.0,"key":"SMITH"},{"floor":32,"key":"REST"}],"circlet_count":0,"master_deck":["AscendersBane","Strike_G","Strike_G","Strike_G","Strike_G","Strike_G","Defend_G","Defend_G","Defend_G","Defend_G","Defend_G","Survivor","Neutralize","Bouncing Flask+1","Noxious Fumes+2","Adrenaline","Blur","Catalyst+1","Replay:Poison Smokescreen","Injury","infinitespire:Neurotoxin+1","conspire:NecroticWound","Cloak And Dagger+1","Backflip+1","Deflect+1","Poisoned Stab","Prepared+1","Fluid Movement"],"relics":["Ring of the Snake","HushsDoor","TuHaoJin","NeowsBlessing","BelialBook","Blue Doll","TheBean","Paper Crane","Toxic Egg 2","hubris:Backtick","conspire:InfiniteJournal","hubris:PeanutButter","hubris:EmptyBottle","Nunchaku"],"acts_visited":["Exordium","TheCity"],"potions_floor_usage":[30,31,31,31],"damage_taken":[{"damage":0.0,"enemies":"Jaw Worm","floor":1.0,"turns":1.0},{"damage":0.0,"enemies":"Cultist","floor":4.0,"turns":1.0},{"damage":0.0,"enemies":"Lagavulin","floor":6.0,"turns":2.0},{"damage":11.0,"enemies":"2 Louse","floor":7.0,"turns":3.0},{"damage":9.0,"enemies":"Red Slaver","floor":11.0,"turns":3.0},{"damage":11.0,"enemies":"Gremlin Nob","floor":12.0,"turns":3.0},{"damage":13.0,"enemies":"Hexaghost","floor":16.0,"turns":8.0},{"damage":17.0,"enemies":"Shell Parasite","floor":18.0,"turns":6.0},{"damage":24.0,"enemies":"2 Thieves","floor":20.0,"turns":4.0},{"damage":2.0,"enemies":"Gremlin Leader","floor":23.0,"turns":4.0},{"damage":0.0,"enemies":"Snecko","floor":27.0,"turns":4.0},{"damage":0,"enemies":"3 Cultists","floor":29,"turns":4},{"damage":16,"enemies":"Nightmare","floor":30,"turns":8},{"damage":5,"enemies":"Shelled Parasite and Fungi","floor":31,"turns":3},{"damage":34,"enemies":"conspire:MysteriousRune","floor":33,"turns":7}],"seed_played":"4945656560931183652","potions_obtained":[{"floor":11.0,"key":"ColorlessPotion"},{"floor":12.0,"key":"Milkshake"},{"floor":16.0,"key":"Fire Potion"},{"floor":23.0,"key":"BlessingOfTheForge"},{"floor":27.0,"key":"SpeedPotion"},{"floor":29,"key":"ColorlessPotion"},{"floor":30,"key":"Adrenaline Potion"},{"floor":31,"key":"Strength Potion"}],"is_trial":false,"path_per_floor":["M","?","?","M","?","E","M","R","T","R","M","E","R","?","R","B",null,"M","?","M","?","$","E","?","R","T","M","?","M","NM","M","R","B"],"character_chosen":"THE_SILENT","items_purchased":["hubris:EmptyBottle","Cloak And Dagger+1"],"campfire_rested":2,"item_purchase_floors":[22,22],"current_hp_per_floor":[59,59,54,54,54,54,43,43,43,43,34,23,42,42,42,29,57,40,40,16,16,16,14,27,27,27,27,27,27,11,6,25,0,0],"gold":140,"neow_bonus":"THREE_ENEMY_KILL","is_daily":false,"chose_seed":false,"campfire_upgraded":4,"win_rate":0.0,"timestamp":1612379568,"path_taken":["M","?","?","?","?","E","M","R","T","R","M","E","R","?","R","BOSS","M","?","M","?","$","E","?","R","T","?","?","?","NM","M","R","BOSS"],"items_purchased_type":["Relic","Card"],"build_version":"2020-12-22","purchased_purges":1,"victory":false,"max_hp_per_floor":[66,66,66,66,66,66,66,66,66,66,66,66,66,66,66,66,66,66,66,66,66,66,66,66,66,66,66,66,66,66,66,66,66,66],"card_choices":[{"not_picked":["Sucker Punch","Eviscerate"],"picked":"Bouncing Flask","floor":1.0},{"not_picked":["Dodge and Roll","Sucker Punch"],"picked":"Noxious Fumes","floor":4.0},{"not_picked":["Leg Sweep","Caltrops"],"picked":"Adrenaline","floor":6.0},{"not_picked":["All Out Attack","Outmaneuver"],"picked":"Blur","floor":7.0},{"not_picked":["Bane","Replay:Poison Smokescreen"],"picked":"Catalyst","floor":11.0},{"not_picked":["Hidden Blade","Blade Dance"],"picked":"Replay:Poison Smokescreen","floor":12.0},{"not_picked":["Unload","Night Terror+1"],"picked":"infinitespire:Neurotoxin+1","floor":16.0},{"not_picked":["Bane","Flechettes","PiercingWail+1"],"picked":"SKIP","floor":18.0},{"not_picked":["Poisoned Stab","Hidden Blade+1","Dagger Throw+1"],"picked":"SKIP","floor":20.0},{"not_picked":["Tools of the Trade","Flying Knee"],"picked":"Backflip+1","floor":23.0},{"not_picked":["ReplayTheSpireMod:Scrap Shanks","hubris:Counter"],"picked":"Deflect+1","floor":27.0},{"not_picked":["Slice","ReplayTheSpireMod:Scrap Shanks"],"picked":"Poisoned Stab","floor":29},{"not_picked":["Acrobatics+1","Predator"],"picked":"Prepared+1","floor":30},{"not_picked":["Bane+1","Slice"],"picked":"Fluid Movement","floor":31}],"player_experience":1319559,"relics_obtained":[{"floor":6.0,"key":"Blue Doll"},{"floor":9.0,"key":"TheBean"},{"floor":12.0,"key":"Paper Crane"},{"floor":23.0,"key":"Nunchaku"}],"event_choices":[{"damage_healed":0.0,"max_hp_gain":0.0,"max_hp_loss":0.0,"gold_gain":0.0,"event_name":"betterThird:BetterScrap","player_choice":"Relic ","floor":3.0,"gold_loss":0.0,"damage_taken":5.0,"cards_obtained":["Disarm"]},{"damage_healed":0.0,"max_hp_gain":0.0,"max_hp_loss":0.0,"gold_gain":0.0,"event_name":"Forgotten Altar","player_choice":"Smashed Altar","floor":21.0,"gold_loss":0.0,"damage_taken":0.0,"cards_obtained":["Decay"]},{"damage_healed":13.0,"max_hp_gain":0.0,"max_hp_loss":0.0,"gold_gain":0.0,"event_name":"The Library","player_choice":"Heal","floor":24.0,"gold_loss":0.0,"damage_taken":0.0}],"is_beta":false,"boss_relics":[{"not_picked":["aspiration:PoetsPen_weak","Velvet Choker"],"picked":"hubris:Backtick"},{"not_picked":[]}],"items_purged_floors":[22],"is_endless":true,"potions_floor_spawned":[11,12,16,23,27,29,30,31],"killed_by":"conspire:MysteriousRune","ascension_level":20}}