{"host":"gbbz8f5svnnpwo8d","time":1612323154,"event":{"mods":["AchievementEnabler","AlwaysNeverKeys","BaseMod","Bestiary","Better Altar","Better Match","Better Note","Better Sensory Stone","Better Silent Start","Better Skull","Better Third Choice","Better Vampires","Better-Laid Plans","BetterRewards","Block Reminder","Colored Map","Colored Powertips","Curses Come First","Dark Map","Displayed Cursed Tome","GifTheSpireLib","Minty Spire (QoL Compilation)","MonsterHotkey","Permanent Neow","Potion Indicator Mod","Quick Restart","Random Character Button","Rare Cards Sparkle","Relic Stats","Shop Mod","Spicy Shops","Spire Birthday Party","StSLib","Transform Curses"],"gold_per_floor":[112,112,112,125,125,125,143,143,190,33,53,72,72,108,108,228,228,247,268,284,284,334,334,375,375,375,375,406,419,439,458,458,577,577,592,617,640,76,97,97,128,128,128,164,164,178,178,511,511,511,511,511,204,234,234,234],"floor_reached":55,"language":"ENG","playtime":11561,"items_purged":["Strike_G","Strike_G"],"score":992,"play_id":"c84295be-6e54-4d4f-bae7-13a9fdd7e4a4","local_time":"20210202203234","is_ascension_mode":false,"campfire_choices":[{"floor":6.0,"key":"REST"},{"data":"Cloak And Dagger","floor":8.0,"key":"SMITH"},{"data":"Blade Dance","floor":13.0,"key":"SMITH"},{"floor":15.0,"key":"REST"},{"data":"Phantasmal Killer","floor":23.0,"key":"SMITH"},{"data":"Cloak And Dagger","floor":25.0,"key":"SMITH"},{"data":"Blade Dance","floor":27.0,"key":"SMITH"},{"floor":32.0,"key":"REST"},{"floor":40.0,"key":"REST"},{"data":"Burst","floor":42.0,"key":"SMITH"},{"floor":47,"key":"REST"},{"data":"Discovery","floor":49,"key":"SMITH"},{"data":"After Image","floor":52,"key":"SMITH"}],"circlet_count":0,"master_deck":["Strike_G","Defend_G","Defend_G+1","Defend_G","Defend_G+1","Survivor","Neutralize","Deflect","Blade Dance+1","Deflect","Cloak And Dagger+1","Cloak And Dagger+1","Deflect","Phantasmal Killer+1","Well Laid Plans","Blade Dance+1","Envenom","Blur+1","Dash","Deflect","Backflip","Burst+1","Blade Dance+1","Discovery+1","PiercingWail","After Image+1","Acrobatics+1","Metamorphosis","Bullet Time"],"relics":["Ring of the Serpent","Mercury Hourglass","TwistedFunnel","Sozu","MerchantsRug","Lantern","Paper Crane","Bag of Marbles","Torii","Art of War","Bronze Scales","Blood Vial"],"acts_visited":["Exordium","TheCity","TheBeyond","TheEnding"],"potions_floor_usage":[],"damage_taken":[{"damage":0.0,"enemies":"Cultist","floor":1.0,"turns":4.0},{"damage":0.0,"enemies":"Jaw Worm","floor":4.0,"turns":3.0},{"damage":0.0,"enemies":"2 Louse","floor":7.0,"turns":3.0},{"damage":0.0,"enemies":"Exordium Thugs","floor":11.0,"turns":3.0},{"damage":0.0,"enemies":"Exordium Wildlife","floor":12.0,"turns":2.0},{"damage":2.0,"enemies":"3 Sentries","floor":14.0,"turns":7.0},{"damage":46.0,"enemies":"Hexaghost","floor":16.0,"turns":17.0},{"damage":0.0,"enemies":"Shell Parasite","floor":18.0,"turns":3.0},{"damage":0.0,"enemies":"2 Thieves","floor":19.0,"turns":4.0},{"damage":8.0,"enemies":"Centurion and Healer","floor":20.0,"turns":9.0},{"damage":1.0,"enemies":"Slavers","floor":24.0,"turns":6.0},{"damage":14.0,"enemies":"Gremlin Leader","floor":28.0,"turns":6.0},{"damage":14.0,"enemies":"Shelled Parasite and Fungi","floor":29.0,"turns":5.0},{"damage":11.0,"enemies":"Snake Plant","floor":30.0,"turns":6.0},{"damage":0.0,"enemies":"3 Cultists","floor":31.0,"turns":5.0},{"damage":49.0,"enemies":"Champ","floor":33.0,"turns":12.0},{"damage":6.0,"enemies":"3 Darklings","floor":35.0,"turns":5.0},{"damage":4.0,"enemies":"Orb Walker","floor":36.0,"turns":4.0},{"damage":24.0,"enemies":"Transient","floor":37.0,"turns":5.0},{"damage":0.0,"enemies":"3 Darklings","floor":39.0,"turns":2.0},{"damage":27.0,"enemies":"Nemesis","floor":41.0,"turns":9.0},{"damage":14.0,"enemies":"Giant Head","floor":44.0,"turns":8.0},{"damage":4.0,"enemies":"Sphere and 2 Shapes","floor":46.0,"turns":5.0},{"damage":62,"enemies":"Time Eater","floor":50,"turns":14},{"damage":43,"enemies":"Shield and Spear","floor":54,"turns":7},{"damage":56,"enemies":"The Heart","floor":55,"turns":3}],"seed_played":"-1898346184287350082","potions_obtained":[{"floor":1.0,"key":"LiquidBronze"},{"floor":12.0,"key":"Block Potion"},{"floor":14.0,"key":"FearPotion"}],"is_trial":false,"path_per_floor":["M","?","?","M","?","R","M","R","T","$","M","M","R","E","R","B",null,"M","M","M","?","?","R","E","R","T","R","E","M","M","M","R","B",null,"M","M","M","$","M","R","E","R","T","E","?","M","R","?","R","B",null,"R","$","E","B"],"character_chosen":"THE_SILENT","items_purchased":["Gremlin Horn","Mercury Hourglass","Deflect","TwistedFunnel","Strawberry","Darkstone Periapt","MerchantsRug","Discovery","Bag of Marbles","Torii","Metamorphosis","Art of War","Bronze Scales"],"campfire_rested":5,"item_purchase_floors":[0,0,0,10,38,38,38,38,53,53,53,53,53],"current_hp_per_floor":[39,22,20,20,20,41,41,41,41,41,41,41,41,39,70,24,70,70,70,62,62,62,62,61,61,61,61,47,33,22,22,58,9,70,64,60,36,43,43,77,50,50,50,36,36,32,70,70,70,8,77,77,77,34,0,0],"gold":234,"neow_bonus":"","is_daily":false,"chose_seed":false,"campfire_upgraded":8,"win_rate":0.0,"timestamp":1612323154,"path_taken":["M","?","?","M","?","R","M","R","T","$","?","M","R","E","R","BOSS","M","M","M","?","?","R","E","R","T","R","E","M","M","M","R","BOSS","M","?","M","$","M","R","E","R","T","E","?","M","R","?","R","BOSS","R","$","E","BOSS"],"items_purchased_type":["Relic","Relic","Card","Relic","Relic","Relic","Relic","Card","Relic","Relic","Card","Relic","Relic"],"build_version":"2020-12-22","purchased_purges":2,"victory":false,"max_hp_per_floor":[70,70,70,70,70,70,70,70,70,70,70,70,70,70,70,70,70,70,70,70,70,70,70,70,70,70,70,70,70,70,70,70,70,70,70,70,70,77,77,77,77,77,77,77,77,77,77,77,77,77,77,77,77,77,77,77],"relic_stats":{"Sozu":7,"Blood Vial":16,"Torii":18,"counters":[242,1108],"Bronze Scales":[63],"Art of War":[1],"obtain_stats":[{"TwistedFunnel":27,"Ginger":39,"Whetstone":6,"Bottled Tornado":45,"Boot":54,"Blood Vial":23,"MealTicket":0,"Fusion Hammer":17,"Necronomicon":29,"Kunai":0,"MerchantsRug":0,"Blue Candle":47,"Eternal Feather":9,"Tingsha":0,"Pen Nib":7,"reliquary:WeakTea":0,"Paper Crane":43,"Akabeko":36,"SlaversCollar":17,"Bird Faced Urn":0,"Pandora\u0027s Box":34,"Unceasing Top":0,"Ring of the Serpent":34,"Regal Pillow":14,"Lantern":44,"Torii":0,"Singing Bowl":43,"Cursed Key":17,"Shovel":14,"Matryoshka":0,"WristBlade":34,"Ninja Scroll":28,"InkBottle":43,"Ring of the Snake":0,"Potion Belt":28,"Lee\u0027s Waffle":0,"The Specimen":0,"Golden Idol":11,"Thread and Needle":13,"PreservedInsect":0,"The Courier":9,"Frozen Egg 2":9,"reliquary:RosewoodLute":10,"Nuclear Battery":17,"Busted Crown":17,"Ornamental Fan":0,"Bloody Idol":28,"Turnip":53,"Art of War":26,"Bottled Lightning":26,"Toy Ornithopter":54,"Ice Cream":48,"Calipers":9,"Gremlin Horn":52,"Vajra":23,"HoveringKite":34,"Sozu":17,"Lizard Tail":48,"Strawberry":10,"Toxic Egg 2":47,"reliquary:SharkskinSheath":23,"Girya":37,"Happy Flower":7,"Astrolabe":17,"Dead Branch":53,"Letter Opener":8,"War Paint":14,"Question Card":0,"Du-Vu Doll":42,"Shuriken":36,"Bronze Scales":54,"Molten Egg 2":26,"Meat on the Bone":10,"Darkstone Periapt":38,"Snake Skull":43,"Incense Burner":47,"Juzu Bracelet":0,"Empty Cage":34,"ClockworkSouvenir":53,"Emotion Chip":0,"Nunchaku":49,"Dream Catcher":41,"Mummified Hand":0,"Gambling Chip":54,"Pantograph":53,"Tiny Chest":27,"Red Mask":20,"Cracked Core":0,"White Beast Statue":7,"Mercury Hourglass":9,"Cauldron":0,"Anchor":42,"CaptainsWheel":0,"Bag of Marbles":53,"Membership Card":27,"FossilizedHelix":53,"TungstenRod":54},{"TwistedFunnel":102,"Ginger":60,"Whetstone":173,"Bottled Tornado":28,"Boot":90,"Blood Vial":204,"MealTicket":66,"Fusion Hammer":46,"Necronomicon":127,"Kunai":37,"MerchantsRug":33,"Blue Candle":137,"Eternal Feather":4,"Tingsha":91,"Pen Nib":69,"reliquary:WeakTea":146,"Paper Crane":189,"Akabeko":82,"SlaversCollar":7,"Bird Faced Urn":115,"Pandora\u0027s Box":55,"Unceasing Top":33,"Ring of the Serpent":232,"Regal Pillow":45,"Lantern":85,"Torii":37,"Singing Bowl":60,"Cursed Key":72,"Shovel":45,"Matryoshka":140,"WristBlade":104,"Ninja Scroll":102,"InkBottle":27,"Ring of the Snake":0,"Potion Belt":80,"Lee\u0027s Waffle":66,"The Specimen":140,"Golden Idol":5,"Thread and Needle":121,"PreservedInsect":0,"The Courier":43,"Frozen Egg 2":15,"reliquary:RosewoodLute":143,"Nuclear Battery":19,"Busted Crown":153,"Ornamental Fan":0,"Bloody Idol":23,"Turnip":113,"Art of War":22,"Bottled Lightning":102,"Toy Ornithopter":114,"Ice Cream":30,"Calipers":142,"Gremlin Horn":64,"Vajra":50,"HoveringKite":184,"Sozu":177,"Lizard Tail":88,"Strawberry":120,"Toxic Egg 2":62,"reliquary:SharkskinSheath":157,"Girya":27,"Happy Flower":4,"Astrolabe":99,"Dead Branch":168,"Letter Opener":43,"War Paint":222,"Question Card":66,"Du-Vu Doll":109,"Shuriken":130,"Bronze Scales":32,"Molten Egg 2":51,"Meat on the Bone":5,"Darkstone Periapt":235,"Snake Skull":85,"Incense Burner":111,"Juzu Bracelet":194,"Empty Cage":25,"ClockworkSouvenir":192,"Emotion Chip":0,"Nunchaku":63,"Dream Catcher":165,"Mummified Hand":170,"Gambling Chip":65,"Pantograph":214,"Tiny Chest":51,"Red Mask":48,"Cracked Core":0,"White Beast Statue":42,"Mercury Hourglass":197,"Cauldron":170,"Anchor":60,"CaptainsWheel":170,"Bag of Marbles":64,"Membership Card":102,"FossilizedHelix":113,"TungstenRod":169},{"TwistedFunnel":496,"Ginger":297,"Whetstone":771,"Bottled Tornado":134,"Boot":434,"Blood Vial":907,"MealTicket":324,"Fusion Hammer":235,"Necronomicon":595,"Kunai":197,"MerchantsRug":176,"Blue Candle":628,"Eternal Feather":12,"Tingsha":445,"Pen Nib":334,"reliquary:WeakTea":672,"Paper Crane":858,"Akabeko":393,"SlaversCollar":26,"Bird Faced Urn":554,"Pandora\u0027s Box":275,"Unceasing Top":176,"Ring of the Serpent":1047,"Regal Pillow":227,"Lantern":407,"Torii":197,"Singing Bowl":297,"Cursed Key":351,"Shovel":227,"Matryoshka":638,"WristBlade":510,"Ninja Scroll":496,"InkBottle":121,"Ring of the Snake":0,"Potion Belt":378,"Lee\u0027s Waffle":324,"The Specimen":638,"Golden Idol":15,"Thread and Needle":577,"PreservedInsect":0,"The Courier":221,"Frozen Egg 2":51,"reliquary:RosewoodLute":657,"Nuclear Battery":66,"Busted Crown":692,"Ornamental Fan":0,"Bloody Idol":91,"Turnip":543,"Art of War":85,"Bottled Lightning":496,"Toy Ornithopter":546,"Ice Cream":146,"Calipers":647,"Gremlin Horn":310,"Vajra":253,"HoveringKite":839,"Sozu":800,"Lizard Tail":422,"Strawberry":571,"Toxic Egg 2":302,"reliquary:SharkskinSheath":707,"Girya":121,"Happy Flower":12,"Astrolabe":480,"Dead Branch":750,"Letter Opener":221,"War Paint":975,"Question Card":324,"Du-Vu Doll":526,"Shuriken":605,"Bronze Scales":170,"Molten Egg 2":258,"Meat on the Bone":15,"Darkstone Periapt":1060,"Snake Skull":407,"Incense Burner":535,"Juzu Bracelet":879,"Empty Cage":106,"ClockworkSouvenir":872,"Emotion Chip":0,"Nunchaku":305,"Dream Catcher":734,"Mummified Hand":758,"Gambling Chip":316,"Pantograph":947,"Tiny Chest":258,"Red Mask":244,"Cracked Core":0,"White Beast Statue":214,"Mercury Hourglass":884,"Cauldron":758,"Anchor":297,"CaptainsWheel":758,"Bag of Marbles":310,"Membership Card":496,"FossilizedHelix":543,"TungstenRod":753}],"Mercury Hourglass":[795]},"card_choices":[{"not_picked":["Backstab","Cloak And Dagger"],"picked":"Blade Dance","floor":1.0},{"not_picked":["Eviscerate","Dagger Spray"],"picked":"Deflect","floor":4.0},{"not_picked":["Acrobatics","Dagger Spray"],"picked":"Cloak And Dagger","floor":7.0},{"not_picked":["Dagger Spray","Deadly Poison","Eviscerate"],"picked":"SKIP","floor":11.0},{"not_picked":["Dagger Spray","Malaise"],"picked":"Cloak And Dagger","floor":12.0},{"not_picked":["Slice","Tactician"],"picked":"Deflect","floor":14.0},{"not_picked":["Adrenaline","Bullet Time"],"picked":"Phantasmal Killer","floor":16.0},{"not_picked":["Poisoned Stab","Setup","Underhanded Strike"],"picked":"SKIP","floor":18.0},{"not_picked":["Noxious Fumes","Deadly Poison+1","Slice+1"],"picked":"SKIP","floor":19.0},{"not_picked":["Calculated Gamble","Well Laid Plans","All Out Attack"],"picked":"SKIP","floor":20.0},{"not_picked":["Calculated Gamble","All Out Attack"],"picked":"Well Laid Plans","floor":20.0},{"not_picked":["Deflect","Dagger Throw"],"picked":"Blade Dance","floor":24.0},{"not_picked":["Expertise","Noxious Fumes"],"picked":"Envenom","floor":28.0},{"not_picked":["PiercingWail+1","Skewer"],"picked":"Blur+1","floor":29.0},{"not_picked":["Quick Slash+1","Prepared+1"],"picked":"Dash","floor":30.0},{"not_picked":["Poisoned Stab+1","Cloak And Dagger"],"picked":"Deflect","floor":31.0},{"not_picked":["Flying Knee","Deadly Poison"],"picked":"Backflip","floor":32.0},{"not_picked":["Unload","Night Terror"],"picked":"Burst","floor":33.0},{"not_picked":["Quick Slash+1","Calculated Gamble+1","Heel Hook+1"],"picked":"SKIP","floor":35.0},{"not_picked":["Riddle With Holes","Prepared"],"picked":"Blade Dance+1","floor":36.0},{"not_picked":["Dodge and Roll","Flying Knee+1","Predator+1"],"picked":"SKIP","floor":37.0},{"not_picked":["Dagger Throw","Bane","Acrobatics"],"picked":"SKIP","floor":39.0},{"not_picked":["Night Terror","Prepared+1"],"picked":"PiercingWail","floor":41.0},{"not_picked":["Bane+1","Night Terror"],"picked":"After Image","floor":44.0},{"not_picked":["Bane+1","Deadly Poison+1","Blade Dance"],"picked":"SKIP","floor":46.0},{"not_picked":["Flying Knee+1","Underhanded Strike+1"],"picked":"Acrobatics+1","floor":47},{"not_picked":["Endless Agony","Underhanded Strike"],"picked":"Bullet Time","floor":54}],"player_experience":3673437,"relics_obtained":[{"floor":9.0,"key":"Regal Pillow"},{"floor":14.0,"key":"War Paint"},{"floor":24.0,"key":"Blue Candle"},{"floor":26.0,"key":"Bottled Tornado"},{"floor":28.0,"key":"Dream Catcher"},{"floor":41.0,"key":"Lantern"},{"floor":43.0,"key":"Molten Egg 2"},{"floor":44.0,"key":"Paper Crane"},{"floor":54,"key":"Blood Vial"}],"event_choices":[{"damage_healed":0.0,"max_hp_gain":0.0,"max_hp_loss":0.0,"gold_gain":0.0,"event_name":"Golden Idol","player_choice":"Take Damage","floor":2.0,"gold_loss":0.0,"damage_taken":17.0,"relics_obtained":["Golden Idol"]},{"damage_healed":0.0,"max_hp_gain":0.0,"max_hp_loss":0.0,"gold_gain":0.0,"event_name":"betterThird:BetterScrap","player_choice":"LEAVE","floor":3.0,"gold_loss":0.0,"damage_taken":2.0,"cards_obtained":["Hemokinesis"]},{"cards_removed":["Strike_G"],"damage_healed":0.0,"max_hp_gain":0.0,"max_hp_loss":0.0,"gold_gain":0.0,"event_name":"Purifier","player_choice":"Purged","floor":5.0,"gold_loss":0.0,"damage_taken":0.0},{"cards_removed":["Strike_G"],"damage_healed":0.0,"max_hp_gain":0.0,"max_hp_loss":0.0,"gold_gain":0.0,"event_name":"betterNote:BetterNote","player_choice":"Give","floor":21.0,"gold_loss":0.0,"damage_taken":0.0,"cards_obtained":["Defend_R"]},{"damage_healed":0.0,"max_hp_gain":0.0,"max_hp_loss":0.0,"gold_gain":100.0,"event_name":"The Joust","player_choice":"Bet on Murderer","floor":22.0,"gold_loss":50.0,"damage_taken":0.0},{"damage_healed":0.0,"max_hp_gain":0.0,"max_hp_loss":0.0,"gold_gain":0.0,"event_name":"Mysterious Sphere","player_choice":"Ignored","floor":45.0,"gold_loss":0.0,"damage_taken":0.0},{"damage_healed":0,"gold_gain":333,"player_choice":"Gave Idol","damage_taken":0,"max_hp_gain":0,"max_hp_loss":0,"event_name":"The Moai Head","floor":48,"relics_lost":["Golden Idol"],"gold_loss":0}],"is_beta":false,"boss_relics":[{"not_picked":["Runic Dome","Runic Pyramid"],"picked":"Sozu"},{"not_picked":["Coffee Dripper","Astrolabe"],"picked":"Ring of the Serpent"}],"items_purged_floors":[0,53],"is_endless":false,"potions_floor_spawned":[1,12,14,20,24,28,29,30,35,46],"killed_by":"The Heart","ascension_level":0}}