{"host":"osk2oboccoevp2u5","time":1612317688,"event":{"mods":["AchievementEnabler","Alarm Clock","BaseMod","Colored Powertips","Disable Question Mark Monsters","Displayed Cursed Tome","Key Reminder","Koishi","Minty Spire (QoL Compilation)","Potion Indicator Mod","Quick Restart","Rare Cards Sparkle","Reorder Act Four","StSLib","Useless Jewels Mod"],"gold_per_floor":[113,113,124,140,315,343,343,368,448,448,413,413,6,16,16,121,121,136,136,2,15,33,33,51,51,51,79,79,90,100,117,117,220,220,235,245,262,272,322,322,349,47,47,47,61,61,81,100,100,100,100,11,11,42,42],"floor_reached":56,"language":"ENG","playtime":5964,"items_purged":["Doubt","Koishi:HauntingSlash"],"score":1232,"play_id":"a448bfff-8039-4a15-94d2-b7fa79569603","local_time":"20210202220128","is_ascension_mode":true,"campfire_choices":[{"data":"Koishi:EmbersOfLove","floor":7,"key":"SMITH"},{"floor":10,"key":"REST"},{"data":"Koishi:TerrifyingSpectre","floor":12,"key":"SMITH"},{"data":"Koishi:VengefulSpirit","floor":15,"key":"SMITH"},{"data":"Koishi:BramblyRoseGarden","floor":23,"key":"SMITH"},{"floor":28,"key":"REST"},{"floor":32,"key":"REST"},{"floor":44,"key":"RECALL"},{"data":"Koishi:UnconsciousUrges","floor":46,"key":"SMITH"},{"floor":49,"key":"REST"},{"data":"Panacea","floor":53,"key":"SMITH"}],"circlet_count":0,"master_deck":["Koishi:TremblingHands","Koishi:SilentAndRestless","Koishi:UnseenTerror","Koishi:UnconsciousUrges+1","Koishi:TerrifyingSpectre+1","Koishi:EmbersOfLove+1","Koishi:EmbryosDream","Koishi:PredatoryInstincts","Koishi:StingingMind","Koishi:ReflexRadar","Koishi:ReflexRadar","Koishi:UnansweredLove","Koishi:VengefulSpirit+1","Koishi:GrowingPain","Koishi:RacingHeart","Koishi:BramblyRoseGarden+1","Koishi:TraumaticStroke","Koishi:Jaunt+1","Koishi:BloodcurdlingScream+1","Koishi:SubconsciousSweep+1","Koishi:UnansweredLove","Koishi:FadingMemory","Koishi:Jaunt+1","Koishi:BramblyRoseGarden+1","Koishi:SprinkleStarAndHeart","Koishi:SubconsciousSweep+1","Koishi:PhantomBarrier+1","Madness","Madness","Koishi:Catatonia","Violence","Koishi:GeneticsOfTheUnconscious","Koishi:EmbersOfLove+1","Parasite","Koishi:Prune+1","Panacea+1"],"relics":["Pandora\u0027s Box","Orichalcum","Shuriken","Pantograph","Mercury Hourglass","PreservedInsect","Happy Flower","Sozu","Ornamental Fan","CaptainsWheel","Koishi:ColorfulDays","Thread and Needle","Pen Nib","Eternal Feather"],"acts_visited":["Exordium","TheCity","TheBeyond","TheEnding"],"potions_floor_usage":[6,18],"damage_taken":[{"damage":0,"enemies":"Cultist","floor":1,"turns":6},{"damage":0,"enemies":"2 Louse","floor":3,"turns":4},{"damage":0,"enemies":"Small Slimes","floor":4,"turns":5},{"damage":28,"enemies":"Gremlin Nob","floor":6,"turns":5},{"damage":32,"enemies":"3 Sentries","floor":8,"turns":12},{"damage":5,"enemies":"Exordium Thugs","floor":14,"turns":6},{"damage":37,"enemies":"Hexaghost","floor":16,"turns":12},{"damage":1,"enemies":"Chosen","floor":18,"turns":5},{"damage":2,"enemies":"Spheric Guardian","floor":21,"turns":4},{"damage":12,"enemies":"Snake Plant","floor":22,"turns":4},{"damage":3,"enemies":"Chosen and Byrds","floor":24,"turns":5},{"damage":49,"enemies":"Slavers","floor":27,"turns":5},{"damage":3,"enemies":"Snecko","floor":29,"turns":4},{"damage":12,"enemies":"Cultist and Chosen","floor":30,"turns":5},{"damage":15,"enemies":"Centurion and Healer","floor":31,"turns":5},{"damage":21,"enemies":"Collector","floor":33,"turns":8},{"damage":0,"enemies":"3 Darklings","floor":35,"turns":4},{"damage":5,"enemies":"3 Shapes","floor":36,"turns":3},{"damage":16,"enemies":"3 Darklings","floor":37,"turns":4},{"damage":19,"enemies":"Spire Growth","floor":38,"turns":4},{"damage":5,"enemies":"Mind Bloom Boss Battle","floor":39,"turns":5},{"damage":2,"enemies":"Reptomancer","floor":41,"turns":4},{"damage":1,"enemies":"4 Shapes","floor":45,"turns":2},{"damage":3,"enemies":"Transient","floor":47,"turns":5},{"damage":23,"enemies":"Writhing Mass","floor":48,"turns":4},{"damage":40,"enemies":"Donu and Deca","floor":50,"turns":7},{"damage":31,"enemies":"Shield and Spear","floor":54,"turns":5},{"damage":94,"enemies":"The Heart","floor":55,"turns":10}],"seed_played":"-3128830723836363572","potions_obtained":[{"floor":3,"key":"Energy Potion"},{"floor":16,"key":"LiquidMemories"}],"is_trial":false,"path_per_floor":["M","T","M","M","?","E","R","E","T","R","?","R","$","M","R","B",null,"M","?","$","M","M","R","M","?","T","E","R","M","M","M","R","B",null,"M","M","M","M","?","?","E","$","T","R","M","R","M","M","R","B",null,"$","R","E","B",null],"character_chosen":"KOISHI","items_purchased":["PreservedInsect","Happy Flower","Koishi:UnansweredLove","Koishi:BramblyRoseGarden","Koishi:Catatonia","Violence","Koishi:GeneticsOfTheUnconscious","Panacea"],"campfire_rested":4,"item_purchase_floors":[13,13,13,20,42,42,42,52],"current_hp_per_floor":[60,60,60,60,60,46,46,26,26,44,59,59,59,59,59,54,60,60,60,60,58,56,56,60,60,60,27,45,48,44,41,59,51,60,60,60,58,39,60,52,52,52,52,52,51,51,60,41,59,36,60,60,60,33,25],"gold":42,"neow_bonus":"BOSS_RELIC","is_daily":false,"chose_seed":false,"campfire_upgraded":6,"win_rate":0.0,"timestamp":1612317688,"path_taken":["M","?","?","M","?","E","R","E","T","R","?","R","$","?","R","BOSS","M","?","$","M","M","R","M","?","T","E","R","M","M","M","R","BOSS","M","M","M","M","?","?","E","$","T","R","M","R","M","M","R","BOSS","$","R","E","BOSS"],"items_purchased_type":["Relic","Relic","Card","Card","Card","Card","Card","Card"],"build_version":"2020-12-22","purchased_purges":2,"victory":true,"max_hp_per_floor":[60,60,60,60,60,60,60,60,60,60,60,60,60,60,60,60,60,60,60,60,60,60,60,60,60,60,60,60,60,60,60,60,60,60,60,60,60,60,60,60,60,60,60,60,60,60,60,60,60,60,60,60,60,60,60],"card_choices":[{"not_picked":["Koishi:BloodcurdlingScream","Koishi:Jaunt"],"picked":"Koishi:StingingMind","floor":1},{"not_picked":["Koishi:Prune","Koishi:ApparitionsStalkTheNight","Koishi:SpiritedAway"],"picked":"SKIP","floor":3},{"not_picked":["Koishi:PhilosophyOfTheDespised","Koishi:FidgetySnatcher"],"picked":"Koishi:ReflexRadar","floor":4},{"not_picked":["Koishi:UnansweredLove","Koishi:ConfinedInnocent","Koishi:PhantomBarrier"],"picked":"SKIP","floor":6},{"not_picked":["Koishi:Jaunt","Koishi:CatchAndRose"],"picked":"Koishi:ReflexRadar","floor":8},{"not_picked":["Koishi:FadingMemory","Koishi:SubterraneanRose"],"picked":"Koishi:VengefulSpirit","floor":14},{"not_picked":["Koishi:ConditionedTeleport","Koishi:PerfectMindControl"],"picked":"Koishi:GrowingPain","floor":16},{"not_picked":["Koishi:JumpScare","Koishi:Catatonia"],"picked":"Koishi:RacingHeart","floor":18},{"not_picked":["Koishi:FleetingPhantom","Koishi:JumpScare"],"picked":"Koishi:TraumaticStroke","floor":21},{"not_picked":["Koishi:PredatoryInstincts","Koishi:ParalyzingFear"],"picked":"Koishi:Jaunt+1","floor":22},{"not_picked":["Koishi:Jaunt","Koishi:Untouchable","Koishi:YoukaiPolygraph"],"picked":"SKIP","floor":24},{"not_picked":["Koishi:ReleaseOfTheId","Koishi:TraumaticStroke"],"picked":"Koishi:BloodcurdlingScream+1","floor":27},{"not_picked":["Koishi:PhantomBarrier+1","Koishi:DreadfulBlow"],"picked":"Koishi:SubconsciousSweep+1","floor":29},{"not_picked":["Koishi:SpiritedAway","Koishi:Whimsy+1","Koishi:FadingMemory"],"picked":"SKIP","floor":30},{"not_picked":["Koishi:TraumaticStroke","Koishi:HeartAttack"],"picked":"Koishi:UnansweredLove","floor":31},{"not_picked":["Koishi:RollingInRichesHeart","Koishi:PerfectMindControl"],"picked":"Koishi:FadingMemory","floor":33},{"not_picked":["Koishi:EmbryosDream+1","Koishi:RacingHeart+1"],"picked":"Koishi:Jaunt+1","floor":35},{"not_picked":["Koishi:StingingMind+1","Koishi:FleetingPhantom+1"],"picked":"Koishi:BramblyRoseGarden+1","floor":36},{"not_picked":["Koishi:JumpScare","Koishi:EmbryosDream+1"],"picked":"Koishi:SprinkleStarAndHeart","floor":37},{"not_picked":["Koishi:UnconsciousUprising+1","Koishi:SubterraneanRose"],"picked":"Koishi:SubconsciousSweep+1","floor":38},{"not_picked":["Koishi:RuptureMind","Koishi:RacingHeart"],"picked":"Koishi:PhantomBarrier+1","floor":39},{"not_picked":["Koishi:SuperEgo","Koishi:UnseenTerror+1","Koishi:EmbersOfLove"],"picked":"SKIP","floor":41},{"not_picked":["Koishi:RorschachInDanmaku","Koishi:EmbryosDream"],"picked":"Koishi:EmbersOfLove+1","floor":45},{"not_picked":["Koishi:Untouchable","Koishi:RacingHeart+1","Koishi:DreadfulBlow"],"picked":"SKIP","floor":47},{"not_picked":["Koishi:SubconsciousSweep","Koishi:ParalyzingFear+1"],"picked":"Koishi:Prune+1","floor":48},{"not_picked":["Koishi:UnansweredLove+1","Koishi:UnseenTerror","Koishi:TerrifyingSpectre"],"picked":"SKIP","floor":54}],"player_experience":947724,"relics_obtained":[{"floor":2,"key":"Orichalcum"},{"floor":6,"key":"Shuriken"},{"floor":8,"key":"Pantograph"},{"floor":9,"key":"Mercury Hourglass"},{"floor":26,"key":"Ornamental Fan"},{"floor":27,"key":"CaptainsWheel"},{"floor":39,"key":"Thread and Needle"},{"floor":41,"key":"Pen Nib"},{"floor":54,"key":"Eternal Feather"}],"event_choices":[{"damage_healed":0,"gold_gain":175,"player_choice":"AGREE","damage_taken":0,"max_hp_gain":0,"max_hp_loss":0,"event_name":"Liars Game","floor":5,"gold_loss":0,"cards_obtained":["Doubt"]},{"damage_healed":15,"gold_gain":0,"player_choice":"Healed","damage_taken":0,"max_hp_gain":0,"max_hp_loss":0,"event_name":"The Cleric","floor":11,"gold_loss":35},{"cards_removed":["Koishi:Provoke"],"damage_healed":0,"gold_gain":0,"player_choice":"Elegance","damage_taken":0,"max_hp_gain":0,"max_hp_loss":0,"event_name":"Back to Basics","floor":19,"gold_loss":0},{"damage_healed":0,"gold_gain":0,"player_choice":"Ignored","damage_taken":0,"max_hp_gain":0,"max_hp_loss":0,"event_name":"Vampires","floor":25,"gold_loss":0},{"damage_healed":0,"gold_gain":0,"player_choice":"Fight","damage_taken":0,"max_hp_gain":0,"max_hp_loss":0,"event_name":"MindBloom","floor":39,"gold_loss":0},{"damage_healed":0,"gold_gain":0,"player_choice":"Embrace Madness","damage_taken":8,"max_hp_gain":0,"max_hp_loss":0,"event_name":"Winding Halls","floor":40,"gold_loss":0,"cards_obtained":["Madness","Madness"]}],"is_beta":false,"boss_relics":[{"not_picked":["Coffee Dripper","Empty Cage"],"picked":"Sozu"},{"not_picked":["Calling Bell","Runic Dome"],"picked":"Koishi:ColorfulDays"}],"items_purged_floors":[13,20],"is_endless":false,"potions_floor_spawned":[3,16,22,27,30,33,36,41,45],"ascension_level":1}}