{"host":"9l1knhxfturzliqa","time":1612330619,"event":{"mods":["BaseMod","Colored Map","Colored Powertips","DeckTracker","Highlight Path","Keyboard Shortcuts","Minty Spire (QoL Compilation)","Random Character Button"],"gold_per_floor":[135,135,135,310,80,80,143,143,143,177,177,218,296,356,356,356,356],"floor_reached":16,"language":"KOR","playtime":525,"items_purged":["Doubt"],"score":200,"play_id":"a30781ca-609e-4f1a-8eae-d606bba90c00","local_time":"20210203143659","is_ascension_mode":true,"campfire_choices":[{"data":"Eruption","floor":6.0,"key":"SMITH"},{"data":"ClearTheMind","floor":8.0,"key":"SMITH"},{"data":"Meditate","floor":15.0,"key":"SMITH"}],"circlet_count":0,"master_deck":["AscendersBane","Strike_P","Strike_P","Strike_P","Defend_P","Defend_P","Defend_P","Defend_P","Eruption+1","Vigilance","HandOfGreed","ClearTheMind+1","BowlingBash","Meditate+1"],"relics":["PureWater","Golden Idol","Potion Belt","Toolbox","InkBottle","Meat on the Bone","Turnip"],"acts_visited":["Exordium"],"potions_floor_usage":[16],"damage_taken":[{"damage":0.0,"enemies":"2 Louse","floor":1.0,"turns":3.0},{"damage":0.0,"enemies":"Gremlin Nob","floor":7.0,"turns":2.0},{"damage":2.0,"enemies":"Small Slimes","floor":10.0,"turns":3.0},{"damage":0.0,"enemies":"Jaw Worm","floor":12.0,"turns":5.0},{"damage":5.0,"enemies":"3 Sentries","floor":13.0,"turns":6.0},{"damage":0.0,"enemies":"Large Slime","floor":14.0,"turns":4.0},{"damage":52,"enemies":"Hexaghost","floor":16,"turns":10}],"seed_played":"-2778460671324541176","potions_obtained":[{"floor":1.0,"key":"FearPotion"},{"floor":14.0,"key":"SpeedPotion"}],"is_trial":false,"path_per_floor":["M","?","?","?","$","R","E","R","T","M","?","M","E","M","R","B"],"character_chosen":"WATCHER","items_purchased":["Toolbox"],"campfire_rested":0,"item_purchase_floors":[5],"current_hp_per_floor":[65,49,46,46,46,46,46,46,46,44,44,44,39,39,39,0,0],"gold":356,"neow_bonus":"RANDOM_COLORLESS_2","is_daily":false,"chose_seed":false,"campfire_upgraded":3,"win_rate":0.0,"timestamp":1612330619,"path_taken":["M","?","?","?","$","R","E","R","T","M","?","M","E","M","R","BOSS"],"items_purchased_type":["Relic"],"build_version":"2020-12-22","purchased_purges":1,"victory":false,"max_hp_per_floor":[65,65,65,65,65,65,65,65,65,65,65,65,65,65,65,65,65],"card_choices":[{"not_picked":["Master of Strategy","The Bomb"],"picked":"HandOfGreed","floor":0.0},{"not_picked":["SashWhip","EmptyBody"],"picked":"ClearTheMind","floor":1.0},{"not_picked":["Study","WindmillStrike"],"picked":"BowlingBash","floor":7.0},{"not_picked":["Pray","Wireheading"],"picked":"Meditate","floor":10.0},{"not_picked":["WheelKick","Weave","InnerPeace"],"picked":"SKIP","floor":12.0},{"not_picked":["WheelKick","Weave","InnerPeace"],"picked":"SKIP","floor":12.0},{"not_picked":["ClearTheMind","Vengeance","WaveOfTheHand"],"picked":"SKIP","floor":13.0},{"not_picked":["Prostrate","EmptyMind","WaveOfTheHand"],"picked":"SKIP","floor":14.0}],"player_experience":595384,"relics_obtained":[{"floor":7.0,"key":"InkBottle"},{"floor":9.0,"key":"Meat on the Bone"},{"floor":13.0,"key":"Turnip"}],"event_choices":[{"damage_healed":0.0,"max_hp_gain":0.0,"max_hp_loss":0.0,"gold_gain":0.0,"event_name":"Golden Idol","player_choice":"Take Damage","floor":2.0,"gold_loss":0.0,"damage_taken":16.0,"relics_obtained":["Golden Idol"]},{"damage_healed":0.0,"max_hp_gain":0.0,"max_hp_loss":0.0,"gold_gain":0.0,"event_name":"Scrap Ooze","player_choice":"Success","floor":3.0,"gold_loss":0.0,"damage_taken":3.0,"relics_obtained":["Potion Belt"]},{"damage_healed":0.0,"max_hp_gain":0.0,"max_hp_loss":0.0,"gold_gain":175.0,"event_name":"Liars Game","player_choice":"AGREE","floor":4.0,"gold_loss":0.0,"damage_taken":0.0,"cards_obtained":["Doubt"]},{"cards_removed":["Strike_P"],"damage_healed":0.0,"max_hp_gain":0.0,"max_hp_loss":0.0,"gold_gain":0.0,"event_name":"Living Wall","player_choice":"Forget","floor":11.0,"gold_loss":0.0,"damage_taken":0.0}],"is_beta":false,"boss_relics":[],"items_purged_floors":[5],"is_endless":false,"potions_floor_spawned":[1,14],"killed_by":"Hexaghost","ascension_level":10}}