{"host":"eaiphzh066bwqdh7","time":1612383584,"event":{"mods":["BaseMod","Better Note","Halation","Hubris","Minty Spire (QoL Compilation)","Reliquary","Replay The Spire","StSLib"],"gold_per_floor":[115,40,55,55,75,75,85,110,136,136,36,36,47,47,47,250,250,215,215,232,232,232],"floor_reached":21,"language":"ENG","playtime":681,"items_purged":["Strike_B","Strike_B"],"score":206,"play_id":"2d64c986-b6a9-412b-a969-0ab9908e67b3","local_time":"20210203151944","is_ascension_mode":true,"campfire_choices":[{"data":"Redo","floor":6,"key":"SMITH"},{"floor":12,"key":"REST"},{"floor":15,"key":"REST"}],"circlet_count":0,"master_deck":["Strike_B","Strike_B","Defend_B","Defend_B","Defend_B","Defend_B","Zap","Dualcast","Redo+1","FTL","Cold Snap","Core Surge","Machine Learning","Gash+1","hubris:NaturalOne"],"relics":["FrozenCore","NeowsBlessing","halation:QuantumPhysicsTextbook","reliquary:Stiletto","hubris:Icosahedron","SsserpentHead"],"acts_visited":["Exordium","TheCity"],"potions_floor_usage":[16,16],"damage_taken":[{"damage":0,"enemies":"Cultist","floor":1,"turns":1},{"damage":0,"enemies":"Jaw Worm","floor":3,"turns":1},{"damage":0,"enemies":"Small Slimes","floor":5,"turns":1},{"damage":11,"enemies":"3 Louse","floor":7,"turns":3},{"damage":16,"enemies":"Gremlin Nob","floor":8,"turns":3},{"damage":13,"enemies":"Gremlin Gang","floor":13,"turns":5},{"damage":58,"enemies":"The Guardian","floor":16,"turns":11},{"damage":20,"enemies":"Shell Parasite","floor":18,"turns":5},{"damage":19,"enemies":"Chosen","floor":20,"turns":5},{"damage":36,"enemies":"Sentry and Sphere","floor":21,"turns":5}],"seed_played":"-7698564421461270111","potions_obtained":[{"floor":7,"key":"Languid Potion"},{"floor":13,"key":"Strength Potion"},{"floor":20,"key":"SkillPotion"}],"is_trial":false,"path_per_floor":["M","$","M","$","M","R","M","E","T","?","$","R","M","$","R","B",null,"M","?","M","M"],"character_chosen":"DEFECT","items_purchased":[],"campfire_rested":2,"item_purchase_floors":[],"current_hp_per_floor":[75,75,75,75,75,75,64,48,48,48,48,70,57,57,75,17,75,55,55,36,0,0],"gold":232,"neow_bonus":"THREE_ENEMY_KILL","is_daily":false,"chose_seed":false,"campfire_upgraded":1,"win_rate":0.0,"timestamp":1612383584,"path_taken":["M","$","M","?","?","R","M","E","T","?","$","R","M","$","R","BOSS","M","?","M","M"],"items_purchased_type":[],"build_version":"2020-12-22","purchased_purges":2,"victory":false,"max_hp_per_floor":[75,75,75,75,75,75,75,75,75,75,75,75,75,75,75,75,75,75,75,75,75,75],"card_choices":[{"not_picked":["ReplayTheSpireMod:Calculation Training","Ball Lightning"],"picked":"Redo","floor":1},{"not_picked":["Compile Driver","Cold Snap","Turbo"],"picked":"SKIP","floor":3},{"not_picked":["BasicCrystalCard","hubris:SpecializedCircuitry"],"picked":"FTL","floor":5},{"not_picked":["Coolheaded","ReplayTheSpireMod:GoodbyeWorld"],"picked":"Cold Snap","floor":7},{"not_picked":["Steam","Heatsinks","Hologram"],"picked":"SKIP","floor":8},{"not_picked":["Compile Driver","Go for the Eyes"],"picked":"Core Surge","floor":13},{"not_picked":["Amplify","Meteor Strike"],"picked":"Machine Learning","floor":16},{"not_picked":["Steam+1","Reprogram"],"picked":"Gash+1","floor":18},{"not_picked":["Stack","Turbo","Beam Cell"],"picked":"SKIP","floor":20}],"player_experience":238024,"relics_obtained":[{"floor":8,"key":"halation:QuantumPhysicsTextbook"},{"floor":9,"key":"reliquary:Stiletto"}],"event_choices":[{"damage_healed":0,"gold_gain":0,"player_choice":"Trade","damage_taken":0,"relics_obtained":["SsserpentHead"],"max_hp_gain":0,"max_hp_loss":0,"event_name":"FaceTrader","floor":19,"gold_loss":0}],"is_beta":false,"boss_relics":[{"not_picked":["Replay:Drink Me","ReplayTheSpireMod:DimensionalGlitch"],"picked":"FrozenCore"}],"items_purged_floors":[2,11],"is_endless":false,"potions_floor_spawned":[7,13,20],"killed_by":"Sentry and Sphere","ascension_level":3}}