{"host":"szp1d6dso4pv7ddl","time":1612319246,"event":{"mods":["AchievementEnabler","Alarm Clock","BaseMod","Bestiary","Block Reminder","Colored Map","Colored Powertips","Curses Come First","Dark Map","Displayed Cursed Tome","Highlight Path","Minty Spire (QoL Compilation)","Permanent Neow","Quick Restart","Relic Sorter","Relic Stats","StSLib","Synergy Search"],"gold_per_floor":[99,99,99,24,24,24,24],"floor_reached":6,"language":"ENG","playtime":223,"items_purged":["Regret"],"score":61,"play_id":"0780305c-bd52-4008-8ebf-19752ba7ed00","local_time":"20210202182726","is_ascension_mode":true,"campfire_choices":[],"circlet_count":0,"master_deck":["AscendersBane","Strike_B","Strike_B","Strike_B","Strike_B","Defend_B","Defend_B","Defend_B","Defend_B","Zap","Dualcast","Skim","Sweeping Beam"],"relics":["Ectoplasm","Mercury Hourglass"],"acts_visited":["Exordium"],"potions_floor_usage":[],"damage_taken":[{"damage":2,"enemies":"2 Louse","floor":1,"turns":3},{"damage":8,"enemies":"Jaw Worm","floor":5,"turns":5},{"damage":32,"enemies":"Gremlin Nob","floor":6,"turns":4}],"seed_played":"-6416871092228508942","potions_obtained":[{"floor":5,"key":"SkillPotion"}],"is_trial":false,"path_per_floor":["M","?","?","$","M","E"],"character_chosen":"DEFECT","items_purchased":[],"campfire_rested":0,"item_purchase_floors":[],"current_hp_per_floor":[62,62,51,51,43,11,11],"gold":24,"neow_bonus":"BOSS_RELIC","is_daily":false,"chose_seed":false,"campfire_upgraded":0,"win_rate":0.0,"timestamp":1612319246,"path_taken":["M","?","?","$","M","E"],"items_purchased_type":[],"build_version":"2020-12-22","purchased_purges":1,"victory":false,"max_hp_per_floor":[71,71,71,71,71,71,71],"relic_stats":{"counters":[3,12],"Ectoplasm":105,"obtain_stats":[{"Ectoplasm":0,"Cracked Core":0,"Mercury Hourglass":2},{"Ectoplasm":0,"Cracked Core":0,"Mercury Hourglass":1},{"Ectoplasm":0,"Cracked Core":0,"Mercury Hourglass":3}],"Mercury Hourglass":[18]},"card_choices":[{"not_picked":["Sweeping Beam","Leap"],"picked":"Skim","floor":1},{"not_picked":["Ball Lightning","Defragment"],"picked":"Sweeping Beam","floor":5}],"player_experience":1355154,"relics_obtained":[],"event_choices":[{"damage_healed":0,"gold_gain":0,"player_choice":"Box","damage_taken":0,"relics_obtained":["Mercury Hourglass"],"max_hp_gain":0,"max_hp_loss":0,"event_name":"Big Fish","floor":2,"gold_loss":0,"cards_obtained":["Regret"]},{"damage_healed":0,"gold_gain":75,"player_choice":"Gather Gold","damage_taken":11,"max_hp_gain":0,"max_hp_loss":0,"event_name":"World of Goop","floor":3,"gold_loss":0}],"is_beta":false,"boss_relics":[],"items_purged_floors":[4],"is_endless":false,"potions_floor_spawned":[5],"killed_by":"Gremlin Nob","ascension_level":16}}