{"host":"sc0o2qwpf9j16a4i","time":1612374445,"event":{"mods":["AchievementEnabler","BaseMod","BetterRewards","Block Reminder","Colored Map","Colored Powertips","Custom Start","Highlight Path","Minty Spire (QoL Compilation)","Relic Stats"],"gold_per_floor":[118,193,193,204,204,244,244,265,265,333,333,358,373,5,5,135,135,155,155,155,175,195,195,231,4,4,4,4,4],"floor_reached":28,"language":"ENG","playtime":587,"items_purged":[],"score":286,"play_id":"95afd7f4-2f46-47c2-bb5b-9e0d2f4c0072","local_time":"20210203194725","daily_mods":["Draft","Colorless Cards","Lethality"],"is_ascension_mode":false,"campfire_choices":[{"data":"SashWhip","floor":7,"key":"SMITH"},{"data":"Prostrate","floor":15,"key":"SMITH"},{"data":"Wireheading","floor":23,"key":"SMITH"}],"circlet_count":0,"master_deck":["CarveReality","CrushJoints+1","Crescendo","EmptyBody","Protect","CutThroughFate","WheelKick+1","ThirdEye","Sanctity","Conclude","Swivel","SashWhip+1","Prostrate","FearNoEvil+1","Prostrate+1","ThirdEye","Wireheading+1","Wallop+1","DevaForm","Prostrate","Prostrate+1","MentalFortress","Adaptation+1","MentalFortress","Indignation"],"relics":["PureWater","Golden Idol","Darkstone Periapt","Whetstone","Damaru","Akabeko","Empty Cage","Omamori","Anchor","GoldenEye"],"acts_visited":["Exordium","TheCity"],"potions_floor_usage":[22,28],"damage_taken":[{"damage":0,"enemies":"Cultist","floor":1,"turns":1},{"damage":0,"enemies":"Jaw Worm","floor":4,"turns":2},{"damage":0,"enemies":"Gremlin Nob","floor":6,"turns":2},{"damage":5,"enemies":"Small Slimes","floor":8,"turns":2},{"damage":0,"enemies":"Gremlin Gang","floor":12,"turns":1},{"damage":0,"enemies":"Looter","floor":13,"turns":2},{"damage":3,"enemies":"The Guardian","floor":16,"turns":4},{"damage":7,"enemies":"Shell Parasite","floor":18,"turns":3},{"damage":0,"enemies":"Chosen","floor":21,"turns":4},{"damage":15,"enemies":"Snake Plant","floor":22,"turns":3},{"damage":22,"enemies":"Slavers","floor":24,"turns":5},{"damage":27,"enemies":"Book of Stabbing","floor":28,"turns":4}],"seed_played":"4063111875484651950","potions_obtained":[{"floor":4,"key":"SneckoOil"},{"floor":12,"key":"Explosive Potion"},{"floor":13,"key":"SmokeBomb"},{"floor":21,"key":"PowerPotion"},{"floor":24,"key":"EssenceOfSteel"}],"is_trial":true,"path_per_floor":["M","?","?","M","?","E","R","M","T","?","?","M","M","$","R","B",null,"M","?","?","M","M","R","E","$","T","?","E"],"character_chosen":"WATCHER","items_purchased":["Damaru","Akabeko","Wallop","Anchor","Indignation"],"campfire_rested":0,"item_purchase_floors":[14,14,14,25,25],"current_hp_per_floor":[72,61,61,61,61,61,61,56,56,56,56,56,56,56,56,53,67,60,60,60,60,45,45,23,23,23,23,0,0],"gold":4,"neow_bonus":"","is_daily":false,"chose_seed":false,"campfire_upgraded":3,"win_rate":0.0,"timestamp":1612374445,"path_taken":["M","?","?","M","?","E","R","M","T","?","?","M","?","$","R","BOSS","M","?","?","M","?","R","E","$","T","?","E"],"items_purchased_type":["Relic","Relic","Card","Relic","Card"],"build_version":"2020-12-22","purchased_purges":0,"victory":false,"max_hp_per_floor":[72,72,72,72,67,67,67,67,67,67,67,67,67,67,67,67,67,67,67,67,67,67,67,67,67,67,67,67,67],"relic_stats":{"Darkstone Periapt":0,"counters":[12,33],"Golden Idol":65,"Whetstone":["FearNoEvil","WheelKick"],"GoldenEye":[6],"obtain_stats":[{"Darkstone Periapt":6,"Anchor":25,"Golden Idol":5,"Damaru":14,"Omamori":24,"Whetstone":9,"PureWater":0,"Empty Cage":17,"GoldenEye":26,"Akabeko":14},{"Darkstone Periapt":3,"Anchor":11,"Golden Idol":2,"Damaru":6,"Omamori":11,"Whetstone":4,"PureWater":0,"Empty Cage":7,"GoldenEye":11,"Akabeko":6},{"Darkstone Periapt":5,"Anchor":29,"Golden Idol":3,"Damaru":10,"Omamori":29,"Whetstone":7,"PureWater":0,"Empty Cage":14,"GoldenEye":29,"Akabeko":10}]},"card_choices":[{"not_picked":["FlurryOfBlows","FollowUp"],"picked":"CarveReality","floor":0},{"not_picked":["Finesse","EmptyBody"],"picked":"CrushJoints","floor":0},{"not_picked":["Wireheading","Weave"],"picked":"Crescendo","floor":0},{"not_picked":["Impatience","FlyingSleeves"],"picked":"EmptyBody","floor":0},{"not_picked":["JustLucky","EmptyBody"],"picked":"Protect","floor":0},{"not_picked":["SashWhip","LikeWater"],"picked":"CutThroughFate","floor":0},{"not_picked":["Protect","Fasting2"],"picked":"WheelKick","floor":0},{"not_picked":["JustLucky","PathToVictory"],"picked":"ThirdEye","floor":0},{"not_picked":["Weave","Purity"],"picked":"Sanctity","floor":0},{"not_picked":["Purity","Study"],"picked":"Conclude","floor":0},{"not_picked":["Weave","Halt"],"picked":"Swivel","floor":0},{"not_picked":["ForeignInfluence","Finesse"],"picked":"SashWhip","floor":0},{"not_picked":["Wallop","Consecrate"],"picked":"Finesse","floor":0},{"not_picked":["JustLucky","Fasting2"],"picked":"Prostrate","floor":0},{"not_picked":["Evaluate","Perseverance"],"picked":"BowlingBash","floor":0},{"not_picked":["SashWhip","JustLucky","BowlingBash"],"picked":"SKIP","floor":1},{"not_picked":["PathToVictory","EmptyMind","WheelKick"],"picked":"SKIP","floor":4},{"not_picked":["Evaluate","Consecrate"],"picked":"FearNoEvil","floor":6},{"not_picked":["CrushJoints","WaveOfTheHand"],"picked":"Prostrate","floor":8},{"not_picked":["FlurryOfBlows","FollowUp"],"picked":"ThirdEye","floor":12},{"not_picked":["SashWhip","Mind Blast"],"picked":"Wireheading","floor":13},{"not_picked":["Mayhem","Chrysalis"],"picked":"DevaForm","floor":16},{"not_picked":["EmptyMind","Flash of Steel+1"],"picked":"Prostrate","floor":18},{"not_picked":["Nirvana","Perseverance+1"],"picked":"MentalFortress","floor":21},{"not_picked":["Protect","Fasting2"],"picked":"Adaptation+1","floor":22},{"not_picked":["EmptyMind","Consecrate"],"picked":"MentalFortress","floor":24}],"player_experience":1165350,"relics_obtained":[{"floor":6,"key":"Darkstone Periapt"},{"floor":9,"key":"Whetstone"},{"floor":24,"key":"Omamori"},{"floor":26,"key":"GoldenEye"}],"event_choices":[{"damage_healed":0,"gold_gain":75,"player_choice":"Gather Gold","damage_taken":11,"max_hp_gain":0,"max_hp_loss":0,"event_name":"World of Goop","floor":2,"gold_loss":0},{"damage_healed":0,"gold_gain":0,"player_choice":"Grow","damage_taken":0,"max_hp_gain":0,"max_hp_loss":0,"event_name":"Living Wall","floor":3,"gold_loss":0,"cards_upgraded":["CrushJoints"]},{"damage_healed":0,"gold_gain":0,"player_choice":"Lose Max HP","damage_taken":0,"relics_obtained":["Golden Idol"],"max_hp_gain":0,"max_hp_loss":5,"event_name":"Golden Idol","floor":5,"gold_loss":0},{"damage_healed":0,"gold_gain":68,"player_choice":"Gained Gold","damage_taken":0,"max_hp_gain":0,"max_hp_loss":0,"event_name":"Golden Wing","floor":10,"gold_loss":0},{"damage_healed":0,"gold_gain":0,"player_choice":"Ignored","damage_taken":0,"max_hp_gain":0,"max_hp_loss":0,"event_name":"NoteForYourself","floor":11,"gold_loss":0},{"damage_healed":0,"gold_gain":0,"player_choice":"Ignored","damage_taken":0,"max_hp_gain":0,"max_hp_loss":0,"event_name":"Vampires","floor":19,"gold_loss":0},{"damage_healed":0,"gold_gain":0,"player_choice":"Copied","damage_taken":0,"max_hp_gain":0,"max_hp_loss":0,"event_name":"Duplicator","floor":20,"gold_loss":0,"cards_obtained":["Prostrate"]},{"damage_healed":0,"gold_gain":0,"player_choice":"Upgraded","damage_taken":0,"max_hp_gain":0,"max_hp_loss":0,"event_name":"Upgrade Shrine","floor":27,"gold_loss":0,"cards_upgraded":["Wallop"]}],"is_beta":false,"boss_relics":[{"not_picked":["Runic Pyramid","Runic Dome"],"picked":"Empty Cage"}],"items_purged_floors":[],"is_endless":false,"potions_floor_spawned":[4,12,13,18,21,24],"killed_by":"Book of Stabbing","ascension_level":0}}