{"host":"kmq7aw60w430zvtx","time":1612380103,"event":{"mods":["BaseMod","Downfall","GifTheSpireLib","Hermit","Hubris","Minty Spire (QoL Compilation)","Reliquary","Replay The Spire","StSLib","The Construct","The Cursed","The Hierophant","The Jungle","The Necromancer","The Runesmith"],"gold_per_floor":[115,125,57,57,57,82,98,98,98,98,109,109,124,156,156,253,253,270,32,49,62,12,12,44,44,44,44,77,77,77,88,88,191,191,210,210,210,34,53,82,13,13,13],"floor_reached":42,"language":"ENG","playtime":1830,"items_purged":[],"score":621,"play_id":"47ff4adf-0d52-42d1-963e-0834c1049ef2","local_time":"20210203202143","is_ascension_mode":true,"campfire_choices":[{"data":"Combust","floor":8,"key":"SMITH"},{"floor":10,"key":"RECALL"},{"floor":15,"key":"REST"},{"floor":23,"key":"REST"},{"floor":25,"key":"REST"},{"data":"Immolate","floor":29,"key":"SMITH"}],"circlet_count":0,"master_deck":["Strike_R","Strike_R","Strike_R","Defend_R","Defend_R","Bash+1","hubris:ReadiedAction","Armaments+1","Combust+1","Iron Wave","Immolate+1","Replay:Undeath\u0027s Touch","Ghostly Armor","Feed","Shrug It Off","Bandage Up","Shrug It Off","Blood for Blood","ReplayReversal+1","ReplayTheSpireMod:Corrosion Curse+1","Armaments+1","hubris:StunningStrike","Flex","Iron Wave","Inflame","Warcry","Pommel Strike","Pommel Strike+1","Metallicize"],"relics":["Burning Blood","reliquary:Buckler","reliquary:JackalopeAntler","Ornamental Fan","Quantum Egg","Sozu","Oddly Smooth Stone","Replay:Baseball","hubris:Towel","Replay:WaspNest","Replay:Drink Me","Anchor"],"acts_visited":["Exordium","theJungle:Jungle","TheBeyond"],"potions_floor_usage":[16],"damage_taken":[{"damage":1,"enemies":"Cultist","floor":1,"turns":3},{"damage":2,"enemies":"Jaw Worm","floor":2,"turns":3},{"damage":42,"enemies":"Gremlin Nob","floor":6,"turns":5},{"damage":0,"enemies":"Small Slimes","floor":7,"turns":3},{"damage":9,"enemies":"2 Fungi Beasts","floor":11,"turns":3},{"damage":8,"enemies":"Blue Slaver","floor":13,"turns":2},{"damage":29,"enemies":"Replay:BlueRogue","floor":14,"turns":5},{"damage":6,"enemies":"Slime Boss","floor":16,"turns":6},{"damage":36,"enemies":"theJungle:GiantWrat","floor":18,"turns":6},{"damage":20,"enemies":"theJungle:MUSHROOMGANG","floor":20,"turns":6},{"damage":30,"enemies":"theJungle:Lyon","floor":21,"turns":5},{"damage":10,"enemies":"theJungle:MamaSnecko","floor":24,"turns":6},{"damage":31,"enemies":"theJungle:Cassacara","floor":28,"turns":7},{"damage":34,"enemies":"theJungle:2_Flameangoes","floor":31,"turns":4},{"damage":12,"enemies":"theJungle:QueenSpyder","floor":33,"turns":11},{"damage":13,"enemies":"3 Shapes","floor":35,"turns":4},{"damage":2,"enemies":"Orb Walker","floor":39,"turns":4},{"damage":6,"enemies":"Nemesis","floor":40,"turns":7},{"damage":75,"enemies":"Giant Head","floor":42,"turns":7}],"seed_played":"-3940817066791713723","potions_obtained":[{"floor":2,"key":"Doom Potion"},{"floor":11,"key":"Elixir"},{"floor":12,"key":"LiquidBronze"},{"floor":12,"key":"BlessingOfTheForge"},{"floor":16,"key":"BlessingOfTheForge"}],"is_trial":false,"path_per_floor":["M","M","$","?","?","E","M","R","T","R","M","?","M","E","R","B",null,"M","$","M","M","?","R","E","R","T","?","E","R","?","M","R","B",null,"M","?","?","$","M","E","$","E"],"character_chosen":"IRONCLAD","items_purchased":["Metallicize","Oddly Smooth Stone","Bandage Up","Iron Wave","Inflame","Warcry","Metallicize"],"campfire_rested":3,"item_purchase_floors":[3,19,19,38,38,38,41],"current_hp_per_floor":[80,80,80,80,80,44,50,50,50,50,47,47,45,22,46,46,72,45,45,35,18,18,43,46,72,72,72,53,53,53,29,55,53,64,64,64,64,64,70,70,70,0,0],"gold":13,"neow_bonus":"RANDOM_COMMON_RELIC","is_daily":false,"chose_seed":false,"campfire_upgraded":2,"win_rate":0.0,"timestamp":1612380103,"path_taken":["M","M","$","?","?","E","M","R","T","R","M","?","?","E","R","BOSS","M","$","?","M","?","R","E","R","T","?","E","R","?","?","R","BOSS","M","?","?","$","M","E","$","E"],"items_purchased_type":["Card","Relic","Card","Card","Card","Card","Card"],"build_version":"2020-12-22","purchased_purges":0,"victory":false,"max_hp_per_floor":[80,80,80,80,80,80,80,80,80,80,80,80,80,80,80,80,80,83,83,83,86,86,86,89,89,89,89,89,89,89,89,89,89,67,70,70,70,70,70,70,70,70,70],"card_choices":[{"not_picked":["Warcry","Havoc"],"picked":"hubris:ReadiedAction","floor":1},{"not_picked":["Shockwave","Replay:Undeath\u0027s Touch"],"picked":"Armaments","floor":2},{"not_picked":["Iron Wave","Thunderclap"],"picked":"Combust","floor":6},{"not_picked":["Pommel Strike","Flame Barrier"],"picked":"Iron Wave","floor":7},{"not_picked":["Second Wind","True Grit"],"picked":"Immolate","floor":11},{"not_picked":["ReplayTheSpireMod:Limb From Limb","Run Through"],"picked":"Replay:Undeath\u0027s Touch","floor":13},{"not_picked":["Body Slam","True Grit"],"picked":"Ghostly Armor","floor":14},{"not_picked":["Fiend Fire","Reaper"],"picked":"Feed","floor":16},{"not_picked":["Shockwave","Havoc+1"],"picked":"Shrug It Off","floor":18},{"not_picked":["Second Wind","hubris:ReadiedAction"],"picked":"Shrug It Off","floor":20},{"not_picked":["Headbutt","Massacre"],"picked":"Blood for Blood","floor":21},{"not_picked":["Headbutt+1","Exhume"],"picked":"ReplayReversal+1","floor":24},{"not_picked":["Evolve","Eclipse"],"picked":"ReplayTheSpireMod:Corrosion Curse+1","floor":28},{"not_picked":["hubris:CleavingFinish+1","Flame Barrier"],"picked":"Armaments+1","floor":31},{"not_picked":["Limit Break","Corruption"],"picked":"hubris:StunningStrike","floor":33},{"not_picked":["Warcry","Wild Strike"],"picked":"Flex","floor":35},{"not_picked":["hubris:CleavingFinish","Perfected Strike+1"],"picked":"Pommel Strike","floor":39},{"not_picked":["Clash","Pummel+1"],"picked":"Pommel Strike+1","floor":40}],"player_experience":331056,"relics_obtained":[{"floor":6,"key":"reliquary:JackalopeAntler"},{"floor":9,"key":"Ornamental Fan"},{"floor":14,"key":"Quantum Egg"},{"floor":24,"key":"Replay:Baseball"},{"floor":28,"key":"Replay:WaspNest"},{"floor":40,"key":"Anchor"}],"event_choices":[{"damage_healed":0,"gold_gain":0,"player_choice":"Got Potions","damage_taken":0,"max_hp_gain":0,"max_hp_loss":0,"event_name":"Lab","floor":12,"gold_loss":0},{"cards_removed":["Strike_R"],"damage_healed":0,"gold_gain":0,"player_choice":"Removed Attack","damage_taken":0,"max_hp_gain":0,"max_hp_loss":0,"event_name":"Falling","floor":36,"gold_loss":0},{"cards_removed":["Abandon"],"damage_healed":0,"gold_gain":0,"player_choice":"Purged","damage_taken":0,"max_hp_gain":0,"max_hp_loss":0,"event_name":"Purifier","floor":37,"gold_loss":0}],"is_beta":false,"boss_relics":[{"not_picked":["reliquary:RedCape","hubris:HollowSoul"],"picked":"Sozu"},{"not_picked":["hubris:CrackedHourglass","Kintsugi"],"picked":"Replay:Drink Me"}],"items_purged_floors":[],"is_endless":false,"potions_floor_spawned":[2,11,16,18,20,24,31,35,40],"killed_by":"Giant Head","ascension_level":5}}