{"host":"xltl1aroowo69o4n","time":1612310707,"event":{"mods":["BaseMod","Colored Map","Colored Powertips","Downfall","Minty Spire (QoL Compilation)","StSLib","The Cursed","The Hierophant","The Mystic"],"gold_per_floor":[117,127,147,161,236,236,236,236,261,261,276,276,290,290,290,389,389,402,402,418,12,67,67,81,98,146,3,3,13,13,33,33,138,138,149,167,183,29,29,29],"floor_reached":39,"language":"ENG","playtime":2286,"items_purged":[],"score":402,"play_id":"4b3caf56-1df5-4f12-bad1-94a48e7bef9b","local_time":"20210202190507","is_ascension_mode":false,"campfire_choices":[{"floor":6,"key":"REST"},{"floor":8,"key":"REST"},{"floor":12,"key":"RECALL"},{"data":"TheCursedMod:Torture","floor":15,"key":"SMITH"},{"floor":23,"key":"REST"},{"floor":30,"key":"REST"},{"data":"Bandage Up","floor":32,"key":"SMITH"}],"circlet_count":0,"master_deck":["TheCursedMod:Strike_TheCursed+1","TheCursedMod:Strike_TheCursed","TheCursedMod:Strike_TheCursed","TheCursedMod:Strike_TheCursed+1","TheCursedMod:Defend_TheCursed+1","TheCursedMod:Defend_TheCursed","TheCursedMod:Defend_TheCursed","TheCursedMod:Defend_TheCursed","TheCursedMod:CursedWand+1","TheCursedMod:CleanUpWorkshop","TheCursedMod:Dregs","TheCursedMod:ReleasedStrength","TheCursedMod:HellfireBreathing","TheCursedMod:LuckyCharm","TheCursedMod:SpitefulStrike","Regret","TheCursedMod:SurpriseAttack","TheCursedMod:Torture+1","TheCursedMod:StunningStrike","TheCursedMod:BlessingInDisguise","TheCursedMod:CursedBlade+1","Bandage Up+1","TheCursedMod:CursedMace","TheCursedMod:CircleOfFlame+1","TheCursedMod:CursedArmor","TheCursedMod:AbyssShockwave+1","TheCursedMod:WearCloak","TheCursedMod:SpreadPlague","TheCursedMod:TacticalStrike","TheCursedMod:SurpriseAttack","TheCursedMod:SpitefulStrike+1","TheCursedMod:DarkBarrier","CurseOfTheBell","TheCursedMod:CursedShiv+1","TheCursedMod:Hemoplague+1","TheCursedMod:SurpriseAttack+1"],"relics":["TheCursedMod:BlackMagic101","NeowsBlessing","PreservedInsect","GremlinMask","TheCursedMod:FourLeafCloverCharm","MutagenicStrength","Toolbox","Toy Ornithopter","Bronze Scales","Calling Bell","Smiling Mask","Molten Egg 2","Pocketwatch","Whetstone"],"acts_visited":["Exordium","TheCity","TheBeyond"],"potions_floor_usage":[16,18,22,22,24,25,31],"damage_taken":[{"damage":0,"enemies":"Small Slimes","floor":1,"turns":1},{"damage":0,"enemies":"Jaw Worm","floor":2,"turns":1},{"damage":0,"enemies":"2 Louse","floor":3,"turns":1},{"damage":13,"enemies":"Exordium Thugs","floor":4,"turns":8},{"damage":12,"enemies":"Looter","floor":11,"turns":4},{"damage":3,"enemies":"Blue Slaver","floor":13,"turns":4},{"damage":46,"enemies":"Hexaghost","floor":16,"turns":9},{"damage":38,"enemies":"Spheric Guardian","floor":18,"turns":6},{"damage":15,"enemies":"Chosen","floor":20,"turns":7},{"damage":26,"enemies":"Shelled Parasite and Fungi","floor":22,"turns":5},{"damage":17,"enemies":"Centurion and Healer","floor":24,"turns":13},{"damage":0,"enemies":"Snecko","floor":25,"turns":3},{"damage":18,"enemies":"3 Cultists","floor":29,"turns":3},{"damage":4,"enemies":"Snake Plant","floor":31,"turns":3},{"damage":67,"enemies":"Champ","floor":33,"turns":15},{"damage":7,"enemies":"Orb Walker","floor":35,"turns":4},{"damage":21,"enemies":"3 Shapes","floor":36,"turns":3},{"damage":36,"enemies":"Spire Growth","floor":37,"turns":5},{"damage":37,"enemies":"Jaw Worm Horde","floor":39,"turns":3}],"seed_played":"-3704318606925865001","potions_obtained":[{"floor":1,"key":"sneckomod:MuddlingPotion"},{"floor":3,"key":"sneckomod:MuddlingPotion"},{"floor":13,"key":"Weak Potion"},{"floor":16,"key":"PowerPotion"},{"floor":20,"key":"sneckomod:MuddlingPotion"},{"floor":24,"key":"AttackPotion"},{"floor":29,"key":"Weak Potion"},{"floor":35,"key":"LiquidBronze"}],"is_trial":false,"path_per_floor":["M","M","M","M","?","R","?","R","T","?","M","R","M","?","R","B",null,"M","?","M","$","M","R","M","M","T","$","?","M","R","M","R","B",null,"M","M","M","$","M"],"character_chosen":"THE_CURSED","items_purchased":["Bandage Up","Toolbox","TheCursedMod:CursedMace","Toy Ornithopter","TheCursedMod:WearCloak","TheCursedMod:SpreadPlague","TheCursedMod:TacticalStrike","Whetstone"],"campfire_rested":4,"item_purchase_floors":[21,21,21,21,27,27,27,38],"current_hp_per_floor":[75,75,75,62,51,73,58,75,75,75,63,63,60,60,60,14,75,37,37,22,22,10,32,24,33,33,33,58,40,62,67,67,6,75,74,53,23,23,0,0],"gold":29,"neow_bonus":"THREE_ENEMY_KILL","is_daily":false,"chose_seed":false,"campfire_upgraded":2,"win_rate":0.0,"timestamp":1612310707,"path_taken":["M","M","M","M","?","R","?","R","T","?","?","R","M","?","R","BOSS","M","?","M","$","M","R","M","M","T","$","?","M","R","M","R","BOSS","M","M","M","$","M"],"items_purchased_type":["Card","Relic","Card","Relic","Card","Card","Card","Relic"],"build_version":"2020-12-13","purchased_purges":0,"victory":false,"max_hp_per_floor":[75,75,75,75,75,75,75,75,75,75,75,75,75,75,75,75,75,75,75,75,75,75,75,75,75,75,75,75,75,75,75,75,75,75,75,75,75,75,75,75],"card_choices":[{"not_picked":["TheCursedMod:SoulReap","TheCursedMod:FuryStrike"],"picked":"TheCursedMod:ReleasedStrength","floor":1},{"not_picked":["TheCursedMod:SpitefulStrike","TheCursedMod:ReleasedKnowledge"],"picked":"TheCursedMod:HellfireBreathing","floor":2},{"not_picked":["TheCursedMod:CircleOfAmplification","TheCursedMod:BloodBarrier"],"picked":"TheCursedMod:LuckyCharm","floor":3},{"not_picked":["TheCursedMod:WearCloak","TheCursedMod:Stretching"],"picked":"TheCursedMod:SpitefulStrike","floor":4},{"not_picked":["TheCursedMod:Grudge","TheCursedMod:TroublousMinions"],"picked":"TheCursedMod:SurpriseAttack","floor":11},{"not_picked":["TheCursedMod:CircleOfCorruption","TheCursedMod:CursedAmulet"],"picked":"TheCursedMod:Torture","floor":13},{"not_picked":["TheCursedMod:ParallelWorld","TheCursedMod:DemonicPact"],"picked":"TheCursedMod:StunningStrike","floor":16},{"not_picked":["TheCursedMod:Torture","TheCursedMod:ReleasedStrength"],"picked":"TheCursedMod:BlessingInDisguise","floor":18},{"not_picked":["TheCursedMod:BlessingInDisguise","TheCursedMod:RavingStaff+1"],"picked":"TheCursedMod:CursedBlade+1","floor":20},{"not_picked":["TheCursedMod:SoulCrush","TheCursedMod:CircleOfWindfury"],"picked":"TheCursedMod:CircleOfFlame+1","floor":22},{"not_picked":["TheCursedMod:CursedMace","TheCursedMod:LuckyCharm"],"picked":"TheCursedMod:CursedArmor","floor":24},{"not_picked":["TheCursedMod:TacticalStrike","TheCursedMod:RavingStaff"],"picked":"TheCursedMod:AbyssShockwave+1","floor":25},{"not_picked":["TheCursedMod:DemonicPact","TheCursedMod:RavingStaff"],"picked":"TheCursedMod:SurpriseAttack","floor":29},{"not_picked":["TheCursedMod:SoulCrush+1","TheCursedMod:VitalStrike"],"picked":"TheCursedMod:SpitefulStrike+1","floor":31},{"not_picked":["TheCursedMod:ManaCirculation","TheCursedMod:StunningStrike"],"picked":"TheCursedMod:DarkBarrier","floor":33},{"not_picked":["TheCursedMod:SpitefulStrike+1","TheCursedMod:DoubleShield+1"],"picked":"TheCursedMod:CursedShiv+1","floor":35},{"not_picked":["TheCursedMod:Evocation","TheCursedMod:TroublousMinions+1"],"picked":"TheCursedMod:Hemoplague+1","floor":36},{"not_picked":["TheCursedMod:VitalStrike+1","TheCursedMod:CursedBlade+1"],"picked":"TheCursedMod:SurpriseAttack+1","floor":37}],"player_experience":104741,"relics_obtained":[{"floor":26,"key":"Bronze Scales"},{"floor":34,"key":"Smiling Mask"},{"floor":34,"key":"Molten Egg 2"},{"floor":34,"key":"Pocketwatch"}],"event_choices":[{"damage_healed":0,"gold_gain":75,"player_choice":"Gather Gold","damage_taken":11,"max_hp_gain":0,"max_hp_loss":0,"event_name":"World of Goop","floor":5,"gold_loss":0},{"damage_healed":0,"gold_gain":0,"player_choice":"Entered Light","damage_taken":15,"max_hp_gain":0,"max_hp_loss":0,"event_name":"Shining Light","floor":7,"gold_loss":0,"cards_upgraded":["TheCursedMod:Defend_TheCursed","TheCursedMod:CursedWand"]},{"damage_healed":0,"gold_gain":0,"player_choice":"Box","damage_taken":0,"relics_obtained":["PreservedInsect"],"max_hp_gain":0,"max_hp_loss":0,"event_name":"Big Fish","floor":10,"gold_loss":0,"cards_obtained":["Regret"]},{"damage_healed":0,"gold_gain":0,"player_choice":"Trade","damage_taken":0,"relics_obtained":["GremlinMask"],"max_hp_gain":0,"max_hp_loss":0,"event_name":"FaceTrader","floor":14,"gold_loss":0},{"damage_healed":0,"gold_gain":0,"player_choice":"Inject Mutagens","damage_taken":0,"relics_obtained":["MutagenicStrength"],"max_hp_gain":0,"max_hp_loss":0,"event_name":"Drug Dealer","floor":19,"gold_loss":0},{"damage_healed":25,"gold_gain":0,"player_choice":"Heal","damage_taken":0,"max_hp_gain":0,"max_hp_loss":0,"event_name":"The Library","floor":28,"gold_loss":0}],"is_beta":false,"boss_relics":[{"not_picked":["Black Star","Coffee Dripper"],"picked":"TheCursedMod:FourLeafCloverCharm"},{"not_picked":["Astrolabe","Tiny House"],"picked":"Calling Bell"}],"items_purged_floors":[],"is_endless":false,"potions_floor_spawned":[1,3,13,16,20,24,29,35],"killed_by":"Jaw Worm Horde","ascension_level":0}}