{"host":"15dd7v8o90xso62x","time":1612312309,"event":{"mods":["BaseMod","Minty Spire (QoL Compilation)","Quick Restart","StSLib","SuperFastMode"],"gold_per_floor":[113,113,263,273,198,198,231,27,52,85,85,85,99,117,117,190,240,258,308,308,320,320,320,320,320],"floor_reached":24,"language":"KOR","playtime":530,"items_purged":[],"score":454,"play_id":"c7b01f1e-5aa2-45ef-8be1-e556e6076e34","local_time":"20210203093149","is_ascension_mode":true,"campfire_choices":[{"data":"Dagger Throw","floor":6,"key":"SMITH"},{"data":"A Thousand Cuts","floor":15,"key":"SMITH"},{"data":"Noxious Fumes","floor":23,"key":"SMITH"}],"circlet_count":0,"master_deck":["AscendersBane","Strike_G","Strike_G","Strike_G","Strike_G","Defend_G","Defend_G","Defend_G","Defend_G+1","Survivor","Neutralize","Deadly Poison","Dagger Throw+1","PiercingWail","A Thousand Cuts+1","Blade Dance","Adrenaline","Adrenaline","Crippling Poison","Adrenaline","Backflip","Noxious Fumes+1"],"relics":["Ring of the Snake","NeowsBlessing","Torii","Nunchaku","Bag of Preparation","Tiny House"],"acts_visited":["Exordium","TheCity"],"potions_floor_usage":[13,16,21],"damage_taken":[{"damage":0.0,"enemies":"Cultist","floor":1.0,"turns":1.0},{"damage":0,"enemies":"Small Slimes","floor":4,"turns":1},{"damage":0,"enemies":"3 Sentries","floor":7,"turns":1},{"damage":50,"enemies":"Lagavulin","floor":10,"turns":8},{"damage":0,"enemies":"Jaw Worm","floor":13,"turns":3},{"damage":0,"enemies":"2 Fungi Beasts","floor":14,"turns":2},{"damage":6,"enemies":"Hexaghost","floor":16,"turns":9},{"damage":9,"enemies":"Spheric Guardian","floor":18,"turns":5},{"damage":8,"enemies":"Chosen","floor":21,"turns":4},{"damage":0,"enemies":"Slavers","floor":24,"turns":1}],"seed_played":"1818274524679855964","potions_obtained":[{"floor":7,"key":"SteroidPotion"},{"floor":10,"key":"Regen Potion"},{"floor":14,"key":"SkillPotion"},{"floor":16,"key":"GamblersBrew"}],"is_trial":false,"path_per_floor":["M","?","?","M","?","R","E","$","T","E","?","?","M","M","R","B",null,"M","?","?","M","?","R","E"],"character_chosen":"THE_SILENT","items_purchased":["A Thousand Cuts","Blade Dance"],"campfire_rested":0,"item_purchase_floors":[8,8],"current_hp_per_floor":[59,59,59,59,59,59,59,59,59,9,9,2,14,14,14,8,57,48,48,48,40,20,20,20,20],"gold":320,"neow_bonus":"THREE_ENEMY_KILL","is_daily":false,"chose_seed":false,"campfire_upgraded":3,"win_rate":0.0,"timestamp":1612312309,"path_taken":["M","?","?","M","?","R","E","$","T","E","?","?","M","M","R","BOSS","M","?","?","M","?","R","E"],"items_purchased_type":["Card","Card"],"build_version":"2020-12-22","purchased_purges":0,"victory":false,"max_hp_per_floor":[66,66,66,66,66,66,66,66,66,66,66,66,66,66,66,66,71,71,71,71,71,76,76,76,76],"card_choices":[{"not_picked":["Leg Sweep","Infinite Blades"],"picked":"Deadly Poison","floor":1.0},{"not_picked":["Catalyst","Blade Dance"],"picked":"Dagger Throw","floor":4},{"not_picked":["Dodge and Roll","Underhanded Strike"],"picked":"PiercingWail","floor":7},{"not_picked":["Crippling Poison","Setup"],"picked":"Adrenaline","floor":10},{"not_picked":["Outmaneuver","Dagger Throw","Expertise"],"picked":"SKIP","floor":13},{"not_picked":["Outmaneuver","Bouncing Flask"],"picked":"Crippling Poison","floor":14},{"not_picked":["Die Die Die","Bullet Time"],"picked":"Adrenaline","floor":16},{"not_picked":["Flechettes","PiercingWail"],"picked":"Backflip","floor":17},{"not_picked":["Dodge and Roll","Leg Sweep","PiercingWail"],"picked":"SKIP","floor":18},{"not_picked":["Dodge and Roll","Quick Slash","Outmaneuver"],"picked":"SKIP","floor":21}],"player_experience":932721,"relics_obtained":[{"floor":7,"key":"Torii"},{"floor":9,"key":"Nunchaku"},{"floor":10,"key":"Bag of Preparation"}],"event_choices":[{"damage_healed":0,"gold_gain":0,"player_choice":"Ignored","damage_taken":0,"max_hp_gain":0,"max_hp_loss":0,"event_name":"Shining Light","floor":2,"gold_loss":0},{"damage_healed":0,"gold_gain":150,"player_choice":"AGREE","damage_taken":0,"max_hp_gain":0,"max_hp_loss":0,"event_name":"Liars Game","floor":3,"gold_loss":0,"cards_obtained":["Doubt"]},{"cards_removed":["Doubt"],"damage_healed":0,"gold_gain":0,"player_choice":"Card Removal","damage_taken":0,"max_hp_gain":0,"max_hp_loss":0,"event_name":"The Cleric","floor":5,"gold_loss":75},{"damage_healed":0,"gold_gain":0,"cards_transformed":["Defend_G"],"player_choice":"Change","damage_taken":0,"max_hp_gain":0,"max_hp_loss":0,"event_name":"Living Wall","floor":11,"gold_loss":0,"cards_obtained":["Adrenaline"]},{"cards_removed":["Strike_G"],"damage_healed":0,"gold_gain":0,"player_choice":"Card Removal","damage_taken":7,"max_hp_gain":0,"max_hp_loss":0,"event_name":"Golden Wing","floor":12,"gold_loss":0},{"damage_healed":0,"gold_gain":50,"player_choice":"Stole From Cult","damage_taken":0,"max_hp_gain":0,"max_hp_loss":0,"event_name":"Nest","floor":19,"gold_loss":0},{"damage_healed":0,"gold_gain":0,"player_choice":"Read","damage_taken":0,"max_hp_gain":0,"max_hp_loss":0,"event_name":"The Library","floor":20,"gold_loss":0,"cards_obtained":["Noxious Fumes"]},{"damage_healed":0,"gold_gain":0,"player_choice":"Shed Blood","damage_taken":25,"max_hp_gain":5,"max_hp_loss":0,"event_name":"Forgotten Altar","floor":22,"gold_loss":0}],"is_beta":false,"boss_relics":[{"not_picked":["Ectoplasm","Black Star"],"picked":"Tiny House"}],"items_purged_floors":[],"is_endless":false,"potions_floor_spawned":[7,10,14,16],"killed_by":"Slavers","ascension_level":20}}