{"host":"u7y9frlpoazak2mn","time":1612331381,"event":{"mods":["Act Like it!","Aspiration","BaseMod","Beaked The Cultist","Better Altar","Better Match","Better Note","Better Sensory Stone","Better Skull","Better Third Choice","Colored Map","Colored Powertips","Conspire","Downfall","Energized Spire","GifTheSpireLib","Googly Eyes","Halation","Hermit","Hubris","Infinite Spire","Marked Mod","Mimic Mod","Minty Spire (QoL Compilation)","Permanent Neow","Prisma Mod","Rare Cards Sparkle","Replay The Spire","StSLib","Stuff the Spire","The Construct","Waifu the Spire"],"gold_per_floor":[99,119,132,146,158,158,205,71,71,96,106,124,124,124,136,234,234,234,245,260,260,334,345,345,345,128,128,128,146,146,158,158,158,158],"floor_reached":32,"language":"ENG","playtime":1977,"items_purged":["ReplayTheSpireMod:Necrosis","Catalyst"],"score":244,"play_id":"cb974977-5b07-489e-a573-1404389a6f28","local_time":"20210203004941","is_ascension_mode":false,"campfire_choices":[{"data":"Slimebound:CorrosiveSpit","floor":1,"key":"SMITH"},{"data":"Slimebound:RainOfGoop","floor":9,"key":"SMITH"},{"floor":13,"key":"REST"},{"data":"Slimebound:Darklings","floor":18,"key":"SMITH"},{"floor":27,"key":"REST"},{"floor":30,"key":"REST"}],"circlet_count":0,"master_deck":["Slimebound:Strike_Slimebound","Slimebound:Tackle","Slimebound:Defend_Slimebound","Slimebound:Split","Slimebound:CorrosiveSpit+1","Slimebound:Chomp","Slimebound:SplitAcid","Slimebound:RainOfGoop+1","Slimebound:SlimeTap","Calculated Gamble","Slimebound:LeechEnergy","Slimebound:Gluttony+1","Slimebound:Repurpose","Slimebound:Recollect","Slimebound:SplitSpecialist","Slimebound:RollThrough","Slimebound:RainOfGoop","Slimebound:Darklings+1","Slimebound:RollThrough","Slimebound:MegaLick","ReplayTheSpireMod:Splinters","Slimebound:LeadByExample","Slimebound:RejuvenatingLick","Slimebound:ComboTackle","Slimebound:ComboTackle","ForeignInfluence","Slimebound:RainOfGoop+1","Slimebound:AcidTongue"],"relics":["Slimebound:AbsorbEndCombat","Blue Doll","InkBottle","aspiration:WatcherSkillbook","StuffTheSpire:Nightcore"],"acts_visited":["Exordium","TheCity"],"potions_floor_usage":[12,12,16,16,23,23,31],"damage_taken":[{"damage":6,"enemies":"Cultist","floor":2,"turns":5},{"damage":5,"enemies":"2 Louse","floor":3,"turns":2},{"damage":4,"enemies":"Jaw Worm","floor":4,"turns":4},{"damage":4,"enemies":"Exordium Wildlife","floor":5,"turns":2},{"damage":16,"enemies":"downfall:FleeingMerchant","floor":8,"turns":4},{"damage":33,"enemies":"Gremlin Nob","floor":10,"turns":4},{"damage":12,"enemies":"3 Louse","floor":11,"turns":3},{"damage":5,"enemies":"Exordium Thugs","floor":12,"turns":3},{"damage":6,"enemies":"2 Fungi Beasts","floor":15,"turns":2},{"damage":33,"enemies":"SI_SHIV_ARCHETYPE","floor":16,"turns":5},{"damage":22,"enemies":"Shell Parasite","floor":19,"turns":3},{"damage":40,"enemies":"Spheric Guardian","floor":20,"turns":5},{"damage":26,"enemies":"Shelled Parasite and Fungi","floor":23,"turns":5},{"damage":3,"enemies":"downfall:FleeingMerchant","floor":26,"turns":4},{"damage":26,"enemies":"Snecko","floor":29,"turns":5},{"damage":24,"enemies":"Snake Plant","floor":31,"turns":3},{"damage":8,"enemies":"Centurion and Healer","floor":32,"turns":1}],"seed_played":"-368468738007240865","potions_obtained":[{"floor":5,"key":"LifebloodPotion"},{"floor":10,"key":"Energy Potion"},{"floor":12,"key":"champ:CounterPotion"},{"floor":15,"key":"Strength Potion"},{"floor":19,"key":"LifebloodPotion"},{"floor":22,"key":"FairyPotion"},{"floor":22,"key":"champ:CounterPotion"},{"floor":29,"key":"Cursed Concoction"},{"floor":31,"key":"hexamod:SoulburnPotion"}],"is_trial":false,"path_per_floor":["R","M","M","M","M","?","T","$","R","E","M","M","R","?","M","B",null,"R","M","M","?","?","M","T","T","$","R","?","M","R","M","M"],"character_chosen":"SLIMEBOUND","items_purchased":["Slimebound:Gluttony+1","Slimebound:ComboTackle","ForeignInfluence"],"campfire_rested":3,"item_purchase_floors":[8,26,26],"current_hp_per_floor":[59,59,56,56,56,56,56,46,46,19,13,16,33,33,33,8,59,59,43,7,7,7,9,9,9,12,29,29,11,28,8,0,0,0],"gold":158,"neow_bonus":"REMOVE_TWO","is_daily":false,"chose_seed":false,"campfire_upgraded":3,"win_rate":0.0,"timestamp":1612331381,"path_taken":["R","M","M","M","M","?","T","?","R","E","M","?","R","?","M","BOSS","R","M","M","?","?","M","T","?","$","R","?","M","R","M","M"],"items_purchased_type":["Card","Card","Card"],"build_version":"2020-12-22","purchased_purges":2,"victory":false,"max_hp_per_floor":[59,59,59,59,59,59,59,59,59,59,59,59,59,59,59,59,59,59,59,59,59,59,59,59,59,59,59,59,59,59,59,59,59,59],"card_choices":[{"not_picked":["Slimebound:SplitMire","Slimebound:PressTheAttack"],"picked":"Slimebound:Chomp","floor":2},{"not_picked":["Slimebound:LeechEnergy","Slimebound:PressTheAttack"],"picked":"Slimebound:SplitAcid","floor":3},{"not_picked":["Slimebound:HauntingLick","Slimebound:HungryTackle"],"picked":"Slimebound:RainOfGoop","floor":4},{"not_picked":["Slimebound:SplitLeeching","Slimebound:Schlurp"],"picked":"Slimebound:SlimeTap","floor":5},{"not_picked":["Slimebound:ForwardTackle","Slimebound:LeechLife"],"picked":"Slimebound:LeechEnergy","floor":8},{"not_picked":["Slimebound:GoopSpray","Slimebound:HauntingLick"],"picked":"Slimebound:Repurpose","floor":10},{"not_picked":["Slimebound:GoopSpray","Slimebound:FinishingTackle"],"picked":"Slimebound:Recollect","floor":11},{"not_picked":["Slimebound:HauntingLick","Slimebound:FormOfPuddle"],"picked":"Slimebound:SplitSpecialist","floor":12},{"not_picked":["Slimebound:ForwardTackle","Slimebound:SplitMire"],"picked":"Slimebound:RainOfGoop","floor":15},{"not_picked":["Slimebound:MinionMaster","Slimebound:Teamwork"],"picked":"Slimebound:Darklings","floor":16},{"not_picked":["JustLucky","Slimebound:Grow+1","Slimebound:LeechingTouch+1"],"picked":"Slimebound:RollThrough","floor":19},{"not_picked":["Slimebound:RollThrough","Consecrate","JustLucky"],"picked":"Slimebound:MegaLick","floor":20},{"not_picked":["Slimebound:FinishingTackle+1","SandsOfTime+1","CrushJoints"],"picked":"Slimebound:LeadByExample","floor":22},{"not_picked":["Slimebound:Grow","MarkedMod:GentlePulse+1","Slimebound:SplitBruiser","Replay:BluntJabs"],"picked":"SKIP","floor":23},{"not_picked":["Meditate+1","MarkedMod:GentlePulse+1","Establishment"],"picked":"Slimebound:RejuvenatingLick","floor":26},{"not_picked":["Slimebound:FinishingTackle","Replay:AtTheReady","Slimebound:ItLooksTasty+1"],"picked":"Slimebound:RainOfGoop+1","floor":29},{"not_picked":["Slimebound:MegaLick","Slimebound:GoopSpray","InnerPeace"],"picked":"Slimebound:AcidTongue","floor":31}],"player_experience":387847,"relics_obtained":[{"floor":7,"key":"Blue Doll"},{"floor":10,"key":"InkBottle"},{"floor":25,"key":"StuffTheSpire:Nightcore"}],"event_choices":[{"damage_healed":0,"gold_gain":0,"player_choice":"Ignored","damage_taken":0,"max_hp_gain":0,"max_hp_loss":0,"event_name":"betterNote:BetterNote","floor":21,"gold_loss":0,"cards_obtained":["PathToVictory"]},{"damage_healed":0,"gold_gain":0,"player_choice":"Leave","damage_taken":0,"max_hp_gain":0,"max_hp_loss":0,"event_name":"conspire:Investor","floor":28,"gold_loss":0}],"is_beta":false,"boss_relics":[{"not_picked":["Snecko Eye","Busted Crown"],"picked":"aspiration:WatcherSkillbook"}],"items_purged_floors":[8,26],"is_endless":false,"potions_floor_spawned":[5,10,12,15,19,29,31],"killed_by":"Centurion and Healer","ascension_level":0}}