{"host":"uceopoba4zvqsgiy","time":1612375221,"event":{"mods":["Act Like it!","BaseMod","Better Skull","Better Third Choice","Elementarium","Evolution","GifTheSpireLib","Hermit","Humility","Infinite Spire","Jorbs\u0027s Wanderer Trilogy","Marked Mod","Minty Spire (QoL Compilation)","Potionbrewer","Reliquary","Replay The Spire","Robot Space Explorer","Shade Mod","Spicy Shops","StS++","StSLib","Stuff the Spire","The Blue Laboratory","The Caster","The Cursed","The Dragon Tamer","The Hierophant","The Jungle","TheSurvivalist","Wandering Minibosses"],"gold_per_floor":[110,110,122,142,153,182,194,213,213,240,240,254,297,306,306,415,415,441,441,540,540,565,565,606,606,652,690,313,351,398,398,398,516,543,565,488,497,515,536,576,576,618,618,618,618,659,697,727,727,747],"floor_reached":51,"language":"ENG","playtime":12515,"items_purged":[],"score":1015,"play_id":"c338b7ca-8eed-4153-ae18-df54e9bad97b","local_time":"20210204043021","is_ascension_mode":true,"campfire_choices":[{"floor":11.0,"key":"REST"},{"floor":15.0,"key":"REST"},{"data":"Burst","floor":23.0,"key":"SMITH"},{"data":"StuffTheSpire:Incantation","floor":25.0,"key":"SMITH"},{"floor":32.0,"key":"REST"},{"floor":41.0,"key":"REST"},{"floor":45.0,"key":"REST"},{"floor":49.0,"key":"REST"}],"circlet_count":0,"master_deck":["Quick Slash","Quick Slash","Quick Slash","Quick Slash","Quick Slash","Cloak And Dagger","Cloak And Dagger","Cloak And Dagger","Defend_G","Defend_G","Survivor","Neutralize","Caltrops","StuffTheSpire:Incantation+1","Infinite Blades","Deadly Poison","Catalyst","Burst+1","Catalyst","Crippling Poison","Crippling Poison","Bouncing Flask","Tools of the Trade","TheCursedMod:Dregs","infinitespire:Pacifist","Poison Darts","infinitespire:UltimateForm","infinitespire:Starlight","infinitespire:Fortify","Glass Knife","Infinite Blades","Infinite Blades+1"],"relics":["EVO:Axolotl","reliquary:KinkedSpring","Lantern","Toy Ornithopter","InkBottle","CeramicFish","ReplayTheSpireMod:Ring of Addiction","White Beast Statue","SacredBark","Ring of Panic","Painkiller Herb","MutagenicStrength","Meat on the Bone","Replay:Bandana","Regal Pillow","Pear","Replay:Bottled Flurry","Shovel","Replay:Ancient Bell","Blue Doll","infinitespire:CheckeredPen","Mango","reliquary:SharkskinSheath","Snake Skull","Tough Bandages","Mango","reliquary:JackalopeAntler"],"acts_visited":["Exordium","TheCity","TheBeyond"],"potions_floor_usage":[50],"damage_taken":[{"damage":0.0,"enemies":"Cultist","floor":1.0,"turns":3.0},{"damage":0.0,"enemies":"infinitespire:Voidling","floor":3.0,"turns":3.0},{"damage":0.0,"enemies":"Jaw Worm","floor":4.0,"turns":4.0},{"damage":2.0,"enemies":"3 Louse","floor":5.0,"turns":3.0},{"damage":4.0,"enemies":"Lagavulin","floor":6.0,"turns":5.0},{"damage":6.0,"enemies":"Large Slime","floor":7.0,"turns":5.0},{"damage":0.0,"enemies":"2 Fungi Beasts","floor":8.0,"turns":3.0},{"damage":43.0,"enemies":"3 Sentries","floor":10.0,"turns":10.0},{"damage":2.0,"enemies":"Gremlin Gang","floor":12.0,"turns":6.0},{"damage":0.0,"enemies":"Replay:BlueRogue","floor":13.0,"turns":5.0},{"damage":26.0,"enemies":"Fading Forest","floor":16.0,"turns":11.0},{"damage":5.0,"enemies":"3 Byrds","floor":18.0,"turns":4.0},{"damage":0.0,"enemies":"Chosen","floor":22.0,"turns":2.0},{"damage":8.0,"enemies":"Slavers","floor":24.0,"turns":3.0},{"damage":18.0,"enemies":"Gremlin Leader","floor":27.0,"turns":5.0},{"damage":27.0,"enemies":"Sentry and Sphere","floor":29.0,"turns":6.0},{"damage":30.0,"enemies":"Slavers","floor":30.0,"turns":5.0},{"damage":17.0,"enemies":"Champ","floor":33.0,"turns":4.0},{"damage":27.0,"enemies":"Orb Walker","floor":35.0,"turns":6.0},{"damage":33.0,"enemies":"3 Shapes","floor":36.0,"turns":6.0},{"damage":26.0,"enemies":"Writhing Mass","floor":39.0,"turns":4.0},{"damage":20.0,"enemies":"R_Hoarder","floor":40.0,"turns":5.0},{"damage":60.0,"enemies":"Giant Head","floor":42.0,"turns":7.0},{"damage":0.0,"enemies":"Transient","floor":46.0,"turns":6.0},{"damage":43.0,"enemies":"Nightmare","floor":47.0,"turns":5.0},{"damage":22.0,"enemies":"4 Shapes","floor":48.0,"turns":5.0},{"damage":46,"enemies":"Replay:Hell Engine","floor":50,"turns":7}],"seed_played":"-7081010449113102380","potions_obtained":[{"floor":4.0,"key":"LifebloodPotion"},{"floor":5.0,"key":"Fire Potion"},{"floor":10.0,"key":"blueLaboratory:StoneskinPotion"},{"floor":12.0,"key":"EssenceOfSteel"},{"floor":14.0,"key":"blueLaboratory:FruitPunch"},{"floor":14.0,"key":"FearPotion"},{"floor":14.0,"key":"blueLaboratory:BlinkPotion"},{"floor":22.0,"key":"SkillPotion"},{"floor":24.0,"key":"Block Potion"},{"floor":27.0,"key":"Dexterity Potion"},{"floor":29.0,"key":"FearPotion"},{"floor":30.0,"key":"blueLaboratory:BlinkPotion"},{"floor":33.0,"key":"blueLaboratory:AbyssPotion"},{"floor":35.0,"key":"blueLaboratory:FrostheartPotion"},{"floor":36.0,"key":"blueLaboratory:LouseDecoction"},{"floor":39.0,"key":"potionbrewer:CleansingPotion"},{"floor":40.0,"key":"potionbrewer:SplittingPotion"},{"floor":44.0,"key":"AttackPotion"},{"floor":44.0,"key":"EssenceOfSteel"},{"floor":46.0,"key":"blueLaboratory:AbyssPotion"},{"floor":48.0,"key":"Regen Potion"}],"is_trial":false,"path_per_floor":["M","$","M","M","M","E","M","M","T","E","R","M","E","?","R","B",null,"?","?","?","?","?","T","E","T","T","E","T","?","E","?","T","B",null,"?","?","?","AVR","?","E","T","E","T","?","T","?","NM","?","T","B",null],"character_chosen":"THE_SILENT","items_purchased":["Pear","Replay:Bottled Flurry"],"campfire_rested":6,"item_purchase_floors":[28,28],"current_hp_per_floor":[63,63,63,63,61,57,51,51,51,13,34,37,42,42,63,46,66,61,61,61,61,70,70,62,62,62,54,64,49,41,41,80,63,90,67,51,28,28,39,36,79,46,60,60,107,106,63,56,102,81],"gold":747,"neow_bonus":"BOSS_RELIC","is_daily":false,"chose_seed":false,"campfire_upgraded":2,"win_rate":0.0,"timestamp":1612375221,"path_taken":["M","?","M","?","M","E","M","?","T","E","R","M","E","?","R","BOSS","?","?","?","?","?","T","E","T","T","E","T","?","E","?","T","BOSS","?","?","?","AVR","?","E","T","E","T","?","T","?","NM","?","T","BOSS"],"items_purchased_type":["Relic","Relic"],"build_version":"2020-12-22","purchased_purges":0,"victory":true,"max_hp_per_floor":[70,70,70,70,70,70,70,70,70,70,70,70,70,70,70,72,72,72,72,72,70,70,70,70,70,70,70,80,80,80,80,80,80,94,94,94,94,94,94,94,94,94,108,108,108,106,106,106,106,106],"card_choices":[{"not_picked":["StuffTheSpire:ClusterCrunch","Predator","Finisher"],"picked":"SKIP","floor":1.0},{"not_picked":["Eviscerate","PiercingWail","Poisoned Stab"],"picked":"SKIP","floor":3.0},{"not_picked":["StSpp:Anticipation","Hidden Blade","Quick Slash"],"picked":"SKIP","floor":4.0},{"not_picked":["StSpp:SpareBlade","Slice"],"picked":"Caltrops","floor":5.0},{"not_picked":["PiercingWail","Quick Slash","StSpp:SpareBlade"],"picked":"SKIP","floor":6.0},{"not_picked":["StuffTheSpire:DoubleShiv","StSpp:CorrosivePoison","Hidden Blade"],"picked":"SKIP","floor":7.0},{"not_picked":["Deflect","Choke"],"picked":"StuffTheSpire:Incantation","floor":8.0},{"not_picked":["Terror","ReplayTheSpireMod:Necrosis"],"picked":"Infinite Blades","floor":10.0},{"not_picked":["StuffTheSpire:ClusterCrunch","Acrobatics"],"picked":"Deadly Poison","floor":12.0},{"not_picked":["StuffTheSpire:ClusterCrunch","PiercingWail"],"picked":"Catalyst","floor":13.0},{"not_picked":["Replay:Bag of Tricks","StSpp:SwitchWeapon"],"picked":"Burst","floor":16.0},{"not_picked":["Fluid Movement","Backflip"],"picked":"Catalyst","floor":18.0},{"not_picked":["Cloak And Dagger+1","Choke"],"picked":"Crippling Poison","floor":22.0},{"not_picked":["StSpp:PoisonousPunch","StuffTheSpire:ReptileScales"],"picked":"Crippling Poison","floor":24.0},{"not_picked":["StuffTheSpire:FinalStruggle","StuffTheSpire:Python+1","Backstab"],"picked":"SKIP","floor":27.0},{"not_picked":["Poisoned Stab","Eviscerate+1"],"picked":"Bouncing Flask","floor":29.0},{"not_picked":["StuffTheSpire:Python","StSpp:Dive+1","Unload"],"picked":"SKIP","floor":30.0},{"not_picked":["Glass Knife","StSpp:Landslide"],"picked":"Tools of the Trade","floor":33.0},{"not_picked":["Doubt","ReplayTheSpireMod:IOU"],"picked":"TheCursedMod:Dregs","floor":34.0},{"not_picked":["StuffTheSpire:GnomedCurse","stsjorbsmod:Amnesia"],"picked":"infinitespire:Pacifist","floor":34.0},{"not_picked":["infinitespire:Pacifist","AbeCurse"],"picked":"ReplayTheSpireMod:IOU","floor":34.0},{"not_picked":["ReplayTheSpireMod:The Works","StuffTheSpire:ClusterCrunch","ReplayTheSpireMod:Speed Training"],"picked":"SKIP","floor":35.0},{"not_picked":["StuffTheSpire:Injection+1","Dagger Throw+1"],"picked":"Poison Darts","floor":36.0},{"not_picked":["infinitespire:Fortify","infinitespire:Starlight"],"picked":"infinitespire:UltimateForm","floor":37.0},{"not_picked":["Blade Dance","Dodge and Roll","Slice+1"],"picked":"SKIP","floor":39.0},{"not_picked":["StSpp:Throw","StuffTheSpire:BrimstoneBlast"],"picked":"Glass Knife","floor":40.0},{"not_picked":["Calculated Gamble","Escape Plan","Setup+1"],"picked":"SKIP","floor":42.0},{"not_picked":["StuffTheSpire:Injection","Underhanded Strike"],"picked":"Infinite Blades","floor":46.0},{"not_picked":["StuffTheSpire:Python+1","Poisoned Stab"],"picked":"Infinite Blades+1","floor":47.0},{"not_picked":["StSpp:Lure+1","Endless Agony","ReplayTheSpireMod:Speed Training+1"],"picked":"SKIP","floor":48.0}],"player_experience":1466463,"relics_obtained":[{"floor":6.0,"key":"Lantern"},{"floor":9.0,"key":"Toy Ornithopter"},{"floor":10.0,"key":"InkBottle"},{"floor":13.0,"key":"CeramicFish"},{"floor":14.0,"key":"ReplayTheSpireMod:Ring of Addiction"},{"floor":14.0,"key":"White Beast Statue"},{"floor":14.0,"key":"SacredBark"},{"floor":14.0,"key":"Ring of Panic"},{"floor":24.0,"key":"Meat on the Bone"},{"floor":26.0,"key":"Replay:Bandana"},{"floor":27.0,"key":"Regal Pillow"},{"floor":30.0,"key":"Shovel"},{"floor":40.0,"key":"Snake Skull"},{"floor":42.0,"key":"Tough Bandages"},{"floor":43.0,"key":"reliquary:SculptingSteel"},{"floor":47.0,"key":"reliquary:JackalopeAntler"}],"event_choices":[{"damage_healed":0.0,"max_hp_gain":0.0,"max_hp_loss":0.0,"gold_gain":0.0,"event_name":"Drug Dealer","player_choice":"Inject Mutagens","floor":19.0,"gold_loss":0.0,"damage_taken":0.0,"relics_obtained":["MutagenicStrength"]},{"damage_healed":0.0,"max_hp_gain":0.0,"max_hp_loss":0.0,"gold_gain":99.0,"event_name":"betterThird:BetterNest","player_choice":"Steal","floor":20.0,"gold_loss":0.0,"damage_taken":0.0},{"cards_removed":["Looming Evil"],"damage_healed":0.0,"max_hp_gain":0.0,"max_hp_loss":0.0,"gold_gain":0.0,"event_name":"Fountain of Cleansing","player_choice":"Removed Curses","floor":21.0,"gold_loss":0.0,"damage_taken":0.0},{"damage_healed":0.0,"max_hp_gain":0.0,"max_hp_loss":0.0,"gold_gain":0.0,"event_name":"Lab","player_choice":"Got Potions","floor":44.0,"gold_loss":0.0,"damage_taken":0.0}],"is_beta":false,"boss_relics":[{"not_picked":["Honey Jar","Snecko Heart"],"picked":"Painkiller Herb"},{"not_picked":["reliquary:RedPaperclip","Replay:Drink Me"],"picked":"Replay:Ancient Bell"},{"not_picked":["Nunchaku","Dream Catcher"],"picked":"Blue Doll"},{"not_picked":["infinitespire:BottledMercury","StuffTheSpire:EmeraldSignet"],"picked":"infinitespire:CheckeredPen"},{"not_picked":["Dead Branch","StuffTheSpire:Nightcore"],"picked":"Mango"}],"items_purged_floors":[],"is_endless":false,"potions_floor_spawned":[4,5,10,12,16,18,22,24,27,29,30,33,35,36,39,40,42,46,47,48],"ascension_level":6,"is_humility":true}}