{"host":"nsc6ozq3atyrdr3m","time":1612388548,"event":{"mods":["BaseMod","Colored Map","Minty Spire (QoL Compilation)"],"gold_per_floor":[112,112,127,147,167,167,193,193,219,108,73,73,100,100,100,100,100],"floor_reached":16,"language":"FRA","playtime":245,"items_purged":[],"score":216,"play_id":"88359c5d-7725-4cd8-940a-80f1c0ad1696","local_time":"20210203224228","is_ascension_mode":true,"campfire_choices":[{"data":"Limit Break","floor":6,"key":"SMITH"},{"floor":8,"key":"REST"},{"floor":15,"key":"REST"}],"circlet_count":0,"master_deck":["AscendersBane","Strike_R","Strike_R","Strike_R","Strike_R","Strike_R","Defend_R","Defend_R","Defend_R","Defend_R","Bash","Perfected Strike","Flex","Limit Break+1","Flex","Sword Boomerang","Heavy Blade"],"relics":["Runic Dome","Art of War","Ancient Tea Set","Oddly Smooth Stone"],"acts_visited":["Exordium"],"potions_floor_usage":[7,13],"damage_taken":[{"damage":1,"enemies":"Cultist","floor":1,"turns":3},{"damage":0,"enemies":"Small Slimes","floor":3,"turns":2},{"damage":11,"enemies":"2 Louse","floor":4,"turns":3},{"damage":7,"enemies":"Looter","floor":5,"turns":3},{"damage":32,"enemies":"Gremlin Nob","floor":7,"turns":4},{"damage":15,"enemies":"Lagavulin","floor":13,"turns":5},{"damage":64,"enemies":"The Guardian","floor":16,"turns":8}],"seed_played":"-1295838428023969576","potions_obtained":[{"floor":1,"key":"Weak Potion"},{"floor":3,"key":"Weak Potion"}],"is_trial":false,"path_per_floor":["M","$","M","M","M","R","E","R","T","$","?","$","E","?","R","B"],"character_chosen":"IRONCLAD","items_purchased":["Sword Boomerang","Fire Potion"],"campfire_rested":2,"item_purchase_floors":[10,10],"current_hp_per_floor":[67,67,67,56,49,49,17,39,39,39,57,57,42,42,64,0,0],"gold":100,"neow_bonus":"BOSS_RELIC","is_daily":false,"chose_seed":false,"campfire_upgraded":1,"win_rate":0.0,"timestamp":1612388548,"path_taken":["M","$","?","M","?","R","E","R","T","$","?","$","E","?","R","BOSS"],"items_purchased_type":["Card","Potion"],"build_version":"2020-12-22","purchased_purges":0,"victory":false,"max_hp_per_floor":[75,75,75,75,75,75,75,75,75,75,75,75,75,75,75,75,75],"card_choices":[{"not_picked":["Metallicize","Entrench"],"picked":"Perfected Strike","floor":1},{"not_picked":["Clash","True Grit"],"picked":"Flex","floor":3},{"not_picked":["Uppercut","Warcry"],"picked":"Limit Break","floor":4},{"not_picked":["Twin Strike","Shrug It Off"],"picked":"Flex","floor":5},{"not_picked":["Fiend Fire","Perfected Strike","Rupture"],"picked":"SKIP","floor":7},{"not_picked":["Flex","Uppercut"],"picked":"Heavy Blade","floor":13}],"player_experience":375498,"relics_obtained":[{"floor":7,"key":"Art of War"},{"floor":9,"key":"Ancient Tea Set"},{"floor":13,"key":"Oddly Smooth Stone"}],"event_choices":[{"damage_healed":18,"gold_gain":0,"player_choice":"Healed","damage_taken":0,"max_hp_gain":0,"max_hp_loss":0,"event_name":"The Cleric","floor":11,"gold_loss":35},{"damage_healed":0,"gold_gain":0,"player_choice":"Fled","damage_taken":0,"max_hp_gain":0,"max_hp_loss":0,"event_name":"Scrap Ooze","floor":14,"gold_loss":0}],"is_beta":false,"boss_relics":[],"items_purged_floors":[],"is_endless":false,"potions_floor_spawned":[1,3],"killed_by":"The Guardian","ascension_level":20}}