{"host":"5dhwd44u3dydylwe","time":1612320225,"event":{"mods":["AchievementEnabler","BaseMod","BetterRewards","Dota2Spire","Hubris","Minty Spire (QoL Compilation)","Shop Mod","StSLib","Wandering Minibosses"],"gold_per_floor":[114,128,140,160,160,160,157,177,177,177,205,205,205,230,240,240,253,264,264,361,361,361,450,450,460,1206,749,769,34,62,81,95,120,120,120,120,150,168,196,210,210,314,314,331,331,331,341,391,423,443,443,467,492,28,63,63,63,96,114,114,114],"floor_reached":62,"language":"ENG","playtime":3809,"items_purged":["Strike_G","Strike_G","Defend_G"],"score":2392,"play_id":"1999e9cc-5819-4795-a32a-c0b1798955cb","local_time":"20210203104345","is_ascension_mode":true,"campfire_choices":[{"floor":6,"key":"DIG"},{"data":"Noxious Fumes","floor":13,"key":"SMITH"},{"data":"Footwork","floor":16,"key":"SMITH"},{"data":"Footwork","floor":19,"key":"SMITH"},{"data":"Envenom","floor":22,"key":"SMITH"},{"data":"Infinite Blades","floor":41,"key":"SMITH"},{"data":"Well Laid Plans","floor":51,"key":"SMITH"},{"data":"Calculated Gamble","floor":57,"key":"SMITH"},{"floor":60,"key":"DIG"}],"circlet_count":0,"master_deck":["AscendersBane","Survivor+1","Neutralize","Noxious Fumes+1","Leg Sweep","Poisoned Stab","Blade Dance","Dash","Deadly Poison","Footwork+1","Footwork+1","Envenom+1","Grand Finale+1","Prepared+1","Well Laid Plans+1","Blade Dance","PiercingWail+1","Infinite Blades+1","Calculated Gamble+1","Malaise","Blur+1","Acrobatics+1"],"relics":["Ring of the Snake","White Beast Statue","Shovel","Mango","Dota2Spire:ArcaneBoots","Chemical X","Dota2Spire:PhaseBoots","hubris:FunFungus","hubris:Towel","Dota2Spire:ArmletOfMordiggian","StrikeDummy","Nunchaku","Meat on the Bone","Dota2Spire:Mjollnir","hubris:Icosahedron","Molten Egg 2","Pandora\u0027s Box","Coffee Dripper","wanderingMiniBosses:MasterThiefsPresence","Ninja Scroll","Pen Nib","InkBottle","hubris:MysteriousPyramids","Sling","Bag of Preparation","Happy Flower","Singing Bowl","Nloth\u0027s Gift","Tingsha","Snake Skull","HoveringKite","hubris:GlazedTorus","Gremlin Horn","Dota2Spire:EchoSabre","OrangePellets","Gambling Chip","hubris:SlimyHat","Dota2Spire:Desolator","War Paint","Vajra"],"acts_visited":["Exordium","TheCity","TheBeyond"],"potions_floor_usage":[7,7,11,18,20,23,26,26],"damage_taken":[{"damage":0,"enemies":"Cultist","floor":1,"turns":6},{"damage":0,"enemies":"Jaw Worm","floor":2,"turns":5},{"damage":0,"enemies":"2 Louse","floor":3,"turns":5},{"damage":6,"enemies":"Large Slime","floor":4,"turns":7},{"damage":3,"enemies":"Exordium Thugs","floor":7,"turns":7},{"damage":10,"enemies":"Gremlin Nob","floor":8,"turns":5},{"damage":21,"enemies":"Lagavulin","floor":11,"turns":9},{"damage":15,"enemies":"3 Sentries","floor":14,"turns":6},{"damage":8,"enemies":"2 Fungi Beasts","floor":15,"turns":5},{"damage":1,"enemies":"Looter","floor":17,"turns":4},{"damage":13,"enemies":"Exordium Thugs","floor":18,"turns":8},{"damage":10,"enemies":"The Guardian","floor":20,"turns":9},{"damage":14,"enemies":"The Guardian","floor":23,"turns":8},{"damage":3,"enemies":"3 Byrds","floor":25,"turns":5},{"damage":0,"enemies":"Chosen","floor":26,"turns":8},{"damage":0,"enemies":"Shelled Parasite and Fungi","floor":28,"turns":2},{"damage":0,"enemies":"Slavers","floor":30,"turns":2},{"damage":0,"enemies":"Snecko","floor":31,"turns":2},{"damage":0,"enemies":"Cultist and Chosen","floor":32,"turns":2},{"damage":0,"enemies":"Book of Stabbing","floor":37,"turns":3},{"damage":10,"enemies":"Centurion and Healer","floor":38,"turns":5},{"damage":0,"enemies":"Gremlin Leader","floor":39,"turns":2},{"damage":0,"enemies":"Sentry and Sphere","floor":40,"turns":3},{"damage":0,"enemies":"Automaton","floor":42,"turns":5},{"damage":0,"enemies":"Orb Walker","floor":44,"turns":1},{"damage":0,"enemies":"3 Shapes","floor":47,"turns":2},{"damage":0,"enemies":"Mind Bloom Boss Battle","floor":48,"turns":4},{"damage":0,"enemies":"Reptomancer","floor":49,"turns":2},{"damage":0,"enemies":"Writhing Mass","floor":50,"turns":4},{"damage":0,"enemies":"Giant Head","floor":55,"turns":3},{"damage":0,"enemies":"Reptomancer","floor":58,"turns":1},{"damage":0,"enemies":"Jaw Worm Horde","floor":59,"turns":2},{"damage":18,"enemies":"Awakened One","floor":61,"turns":5}],"seed_played":"-2073246151010733278","potions_obtained":[{"floor":1,"key":"SteroidPotion"},{"floor":2,"key":"Block Potion"},{"floor":7,"key":"Regen Potion"},{"floor":8,"key":"Dota2Spire:HealingSalve"},{"floor":11,"key":"BlessingOfTheForge"},{"floor":18,"key":"Weak Potion"},{"floor":20,"key":"Strength Potion"},{"floor":23,"key":"FairyPotion"},{"floor":25,"key":"LiquidMemories"},{"floor":26,"key":"EntropicBrew"},{"floor":28,"key":"Regen Potion"},{"floor":59,"key":"Dexterity Potion"}],"is_trial":false,"path_per_floor":["M","M","M","M","?","R","M","E","T","T","E","?","R","E","M","R","M","M","R","B",null,"R","B",null,"M","M","$","M","$","E","M","M","T","T","?","?","E","M","E","M","R","B",null,"M","?","?","M","?","E","M","R","T","T","$","E","?","R","E","M","R","B",null],"character_chosen":"THE_SILENT","items_purchased":["White Beast Statue","Shovel","Pantograph","Mango","Noxious Fumes","Dota2Spire:ArcaneBoots","Chemical X","Dota2Spire:PhaseBoots","hubris:FunFungus","Leg Sweep","EssenceOfSteel","Ninja Scroll","Pen Nib","Blade Dance","InkBottle","Infinite Blades","hubris:MysteriousPyramids","Sling","OrangePellets","Gambling Chip"],"campfire_rested":0,"item_purchase_floors":[0,0,0,0,0,0,0,0,0,0,0,27,27,27,29,29,29,29,54,54],"current_hp_per_floor":[38,40,45,39,39,39,36,26,26,26,43,43,43,42,50,50,52,60,60,78,78,78,71,81,81,84,84,84,84,84,84,84,84,84,84,84,86,83,85,87,87,87,91,93,93,89,91,91,93,93,93,93,93,93,95,95,95,97,99,99,85],"gold":114,"neow_bonus":"","is_daily":false,"chose_seed":false,"campfire_upgraded":7,"win_rate":0.0,"timestamp":1612320225,"path_taken":["M","M","?","M","?","R","M","E","T","T","E","?","R","E","M","R","M","M","R","BOSS","R","BOSS","M","M","$","M","$","E","M","M","T","T","?","?","E","M","E","M","R","BOSS","M","?","?","M","?","E","M","R","T","T","$","E","?","R","E","M","R","BOSS"],"items_purchased_type":["Relic","Relic","Relic","Relic","Card","Relic","Relic","Relic","Relic","Card","Potion","Relic","Relic","Card","Relic","Card","Relic","Relic","Relic","Relic"],"build_version":"2020-12-22","purchased_purges":3,"victory":true,"max_hp_per_floor":[84,84,84,84,84,84,84,84,84,84,84,84,84,84,84,84,84,84,84,84,84,84,84,84,84,84,84,84,84,84,84,84,84,84,84,84,86,88,90,92,92,92,92,94,94,89,91,91,93,93,93,93,93,93,95,95,95,97,99,99,99],"card_choices":[{"not_picked":["Dagger Throw","Distraction"],"picked":"Poisoned Stab","floor":1},{"not_picked":["Blade Dance","Dagger Throw","hubris:SlightOfHand"],"picked":"SKIP","floor":2},{"not_picked":["Acrobatics","Dagger Throw"],"picked":"Blade Dance","floor":3},{"not_picked":["Storm of Steel","Dagger Throw"],"picked":"Dash","floor":4},{"not_picked":["Prepared","Acrobatics"],"picked":"Deadly Poison","floor":7},{"not_picked":["hubris:SlightOfHand","Dagger Throw","Bane"],"picked":"SKIP","floor":8},{"not_picked":["Riddle With Holes","Backstab","Well Laid Plans"],"picked":"SKIP","floor":11},{"not_picked":["Eviscerate+1","Sucker Punch+1"],"picked":"Footwork","floor":14},{"not_picked":["Predator+1","Concentrate","Setup"],"picked":"SKIP","floor":15},{"not_picked":["Finisher+1","Backflip"],"picked":"Footwork","floor":17},{"not_picked":["Blade Dance","Deflect","Prepared"],"picked":"SKIP","floor":18},{"not_picked":["A Thousand Cuts","Phantasmal Killer"],"picked":"Envenom","floor":20},{"not_picked":["Glass Knife+1","Tools of the Trade"],"picked":"Grand Finale+1","floor":23},{"not_picked":["PiercingWail","Blade Dance"],"picked":"Prepared+1","floor":25},{"not_picked":["Deadly Poison","Underhanded Strike+1"],"picked":"Well Laid Plans","floor":26},{"not_picked":["Terror+1","hubris:Counter+1"],"picked":"PiercingWail","floor":28},{"not_picked":["Tactician","hubris:Sniper","Wraith Form v2"],"picked":"SKIP","floor":30},{"not_picked":["Flying Knee+1","hubris:SlightOfHand"],"picked":"Calculated Gamble","floor":31},{"not_picked":["hubris:SlightOfHand","Poisoned Stab+1","Prepared"],"picked":"SKIP","floor":32},{"not_picked":["Escape Plan","Bullet Time","Dagger Throw+1"],"picked":"Singing Bowl","floor":37},{"not_picked":["Masterful Stab+1","Well Laid Plans","Noxious Fumes+1"],"picked":"Singing Bowl","floor":38},{"not_picked":["Riddle With Holes+1","PiercingWail","Underhanded Strike+1"],"picked":"Singing Bowl","floor":39},{"not_picked":["Night Terror","hubris:Counter+1","Terror+1"],"picked":"Singing Bowl","floor":40},{"not_picked":["Wraith Form v2","A Thousand Cuts"],"picked":"Malaise","floor":42},{"not_picked":["Sucker Punch+1","Deadly Poison+1","hubris:Sniper+1"],"picked":"Singing Bowl","floor":44},{"not_picked":["Slice+1","hubris:SlightOfHand","Eviscerate+1"],"picked":"Singing Bowl","floor":47},{"not_picked":["Reflex+1","Leg Sweep"],"picked":"Blur+1","floor":48},{"not_picked":["Prepared","Unload+1","Burst"],"picked":"Singing Bowl","floor":49},{"not_picked":["Finisher+1","hubris:SlightOfHand+1"],"picked":"Acrobatics+1","floor":50},{"not_picked":["Prepared","Bane+1","Malaise"],"picked":"Singing Bowl","floor":55},{"not_picked":["Reflex","Underhanded Strike+1","hubris:Sniper+1"],"picked":"Singing Bowl","floor":58},{"not_picked":["Burst","Riddle With Holes+1","Dodge and Roll+1"],"picked":"Singing Bowl","floor":59}],"player_experience":164757,"relics_obtained":[{"floor":6,"key":"Dota2Spire:ArmletOfMordiggian"},{"floor":8,"key":"StrikeDummy"},{"floor":9,"key":"Nunchaku"},{"floor":10,"key":"Meat on the Bone"},{"floor":11,"key":"Dota2Spire:Mjollnir"},{"floor":14,"key":"Molten Egg 2"},{"floor":26,"key":"wanderingMiniBosses:MasterThiefsPresence"},{"floor":30,"key":"Bag of Preparation"},{"floor":33,"key":"Happy Flower"},{"floor":34,"key":"Singing Bowl"},{"floor":37,"key":"Tingsha"},{"floor":39,"key":"Snake Skull"},{"floor":48,"key":"hubris:GlazedTorus"},{"floor":49,"key":"Gremlin Horn"},{"floor":53,"key":"Dota2Spire:EchoSabre"},{"floor":55,"key":"hubris:SlimyHat"},{"floor":58,"key":"War Paint"},{"floor":60,"key":"Vajra"}],"event_choices":[{"damage_healed":0,"gold_gain":0,"player_choice":"Traded Relic","damage_taken":0,"relics_obtained":["Nloth\u0027s Gift"],"max_hp_gain":0,"max_hp_loss":0,"event_name":"N\u0027loth","floor":36,"relics_lost":["Pantograph"],"gold_loss":0},{"damage_healed":0,"gold_gain":0,"player_choice":"Ignored","damage_taken":0,"max_hp_gain":0,"max_hp_loss":0,"event_name":"Tomb of Lord Red Mask","floor":45,"gold_loss":0},{"damage_healed":0,"gold_gain":0,"player_choice":"Max HP","damage_taken":0,"max_hp_gain":0,"max_hp_loss":5,"event_name":"Winding Halls","floor":46,"gold_loss":0},{"damage_healed":0,"gold_gain":0,"player_choice":"Fight","damage_taken":0,"max_hp_gain":0,"max_hp_loss":0,"event_name":"MindBloom","floor":48,"gold_loss":0},{"damage_healed":0,"gold_gain":0,"player_choice":"Gave Potion","damage_taken":0,"relics_obtained":["Dota2Spire:Desolator"],"max_hp_gain":0,"max_hp_loss":0,"event_name":"WeMeetAgain","floor":56,"gold_loss":0}],"is_beta":false,"boss_relics":[{"not_picked":["hubris:Backtick","Velvet Choker"],"picked":"Pandora\u0027s Box"},{"not_picked":["Black Star","hubris:RunicObelisk"],"picked":"Coffee Dripper"},{"not_picked":["hubris:BlackHole","hubris:ScarierMask"],"picked":"HoveringKite"}],"items_purged_floors":[0,0,0],"is_endless":false,"potions_floor_spawned":[1,2,3,4,7,8,11,14,15,17,18,20,23,25,26,28,30,31,32,37,38,39,40,42,44,47,48,49,50,55,58,59],"ascension_level":10}}