{"host":"kw4o7b3ro2ktmmbe","time":1612337824,"event":{"mods":["BaseMod","Bossed Relics","Evolution","Minty Spire (QoL Compilation)","StSLib","TheSurvivalist"],"gold_per_floor":[112,187,207,207,223,262,275,275,275,295,295,311,311,311,311,435,435,459,478,478,503,109,109,130,150,176,211,50,50,74,199,199,320,320,345,193,249,249,349,349,369,369,395,414,414,435,455,473,473,473],"floor_reached":51,"language":"ENG","playtime":6028,"items_purged":["survmod:TwinShot"],"score":673,"play_id":"84288b5d-27dc-4c7a-ba43-785727f2ffa0","local_time":"20210203203704","is_ascension_mode":false,"campfire_choices":[{"data":"survmod:FlareQuiver","floor":13.0,"key":"SMITH"},{"data":"survmod:Sprint","floor":15.0,"key":"SMITH"},{"data":"survmod:GoForFace","floor":23.0,"key":"SMITH"},{"data":"survmod:FlareQuiver","floor":29.0,"key":"SMITH"},{"data":"survmod:GoForFace","floor":32.0,"key":"SMITH"},{"data":"survmod:Defend","floor":40.0,"key":"SMITH"},{"data":"survmod:Defend","floor":42.0,"key":"SMITH"},{"data":"survmod:GoForFace","floor":45.0,"key":"SMITH"},{"data":"survmod:Strike","floor":49.0,"key":"SMITH"}],"circlet_count":0,"master_deck":["survmod:Strike","survmod:Strike+1","survmod:Strike+1","survmod:Defend+1","survmod:Defend+1","survmod:Defend+1","survmod:Defend+1","survmod:VersatileOffense+1","survmod:Sprint+1","survmod:GoForFace+1","survmod:FlareQuiver+1","survmod:ExpertSniper+1","survmod:FlareQuiver+1","survmod:Detonation","survmod:MarkTrap+1","survmod:GoForFace+1","survmod:ConcussiveShot+1","survmod:FlareQuiver+1","survmod:GoForFace+1","survmod:DuckAndFlare+1","survmod:DuckAndFlare+1"],"relics":["EVO:Axolotl","Coffee Dripper","Golden Idol","Regal Pillow","Kunai","Busted Crown","Membership Card","Molten Egg 2","Whetstone","Nunchaku","InkBottle","survmod:Longbow","Torii","StrikeDummy","Sozu","survmod:RunningShoes","Lantern","Ice Cream","Pen Nib"],"acts_visited":["Exordium","TheCity","TheBeyond"],"potions_floor_usage":[50,50],"damage_taken":[{"damage":0.0,"enemies":"Cultist","floor":1.0,"turns":3.0},{"damage":0.0,"enemies":"2 Louse","floor":3.0,"turns":2.0},{"damage":1.0,"enemies":"Small Slimes","floor":5.0,"turns":3.0},{"damage":5.0,"enemies":"3 Sentries","floor":6.0,"turns":8.0},{"damage":0.0,"enemies":"Looter","floor":7.0,"turns":3.0},{"damage":0.0,"enemies":"Large Slime","floor":10.0,"turns":5.0},{"damage":0.0,"enemies":"3 Louse","floor":11.0,"turns":2.0},{"damage":2.0,"enemies":"Lots of Slimes","floor":12.0,"turns":6.0},{"damage":17.0,"enemies":"Hexaghost","floor":16.0,"turns":11.0},{"damage":1.0,"enemies":"3 Byrds","floor":18.0,"turns":4.0},{"damage":0.0,"enemies":"Spheric Guardian","floor":19.0,"turns":5.0},{"damage":5.0,"enemies":"Shelled Parasite and Fungi","floor":21.0,"turns":5.0},{"damage":1.0,"enemies":"Centurion and Healer","floor":24.0,"turns":6.0},{"damage":6.0,"enemies":"Cultist and Chosen","floor":25.0,"turns":7.0},{"damage":4.0,"enemies":"Book of Stabbing","floor":27.0,"turns":6.0},{"damage":12.0,"enemies":"3 Cultists","floor":30.0,"turns":5.0},{"damage":4.0,"enemies":"Colosseum Slavers","floor":31.0,"turns":5.0},{"damage":0.0,"enemies":"Colosseum Nobs","floor":31.0,"turns":5.0},{"damage":1.0,"enemies":"Champ","floor":33.0,"turns":7.0},{"damage":10.0,"enemies":"Orb Walker","floor":35.0,"turns":4.0},{"damage":12.0,"enemies":"2 Orb Walkers","floor":37.0,"turns":6.0},{"damage":2.0,"enemies":"3 Darklings","floor":41.0,"turns":5.0},{"damage":0.0,"enemies":"Transient","floor":44.0,"turns":5.0},{"damage":2.0,"enemies":"Sphere and 2 Shapes","floor":46.0,"turns":5.0},{"damage":0.0,"enemies":"3 Darklings","floor":47.0,"turns":5.0},{"damage":0.0,"enemies":"Jaw Worm Horde","floor":48.0,"turns":4.0},{"damage":2,"enemies":"Donu and Deca","floor":50,"turns":7}],"seed_played":"259248303627198008","potions_obtained":[{"floor":3.0,"key":"SmokeBomb"},{"floor":5.0,"key":"Fire Potion"},{"floor":7.0,"key":"Ancient Potion"},{"floor":21.0,"key":"Fire Potion"},{"floor":24.0,"key":"FearPotion"},{"floor":31.0,"key":"ColorlessPotion"},{"floor":33.0,"key":"SpeedPotion"}],"is_trial":false,"path_per_floor":["M","?","M","?","M","E","M","?","T","M","M","M","R","?","R","B",null,"M","M","?","M","$","R","M","M","T","E","$","R","M","?","R","B",null,"M","$","?","?","?","R","M","R","T","M","R","M","M","M","R","B",null],"character_chosen":"THE_SURVIVOR","items_purchased":["Membership Card","Molten Egg 2","Whetstone","survmod:Longbow","survmod:GoForFace","survmod:RunningShoes","Lantern"],"campfire_rested":0,"item_purchase_floors":[22,22,22,28,28,36,36],"current_hp_per_floor":[50,39,39,27,26,21,21,11,11,11,11,9,9,50,50,33,50,49,49,49,44,44,44,43,37,37,33,33,33,21,17,17,16,50,40,40,28,28,28,28,26,26,26,26,26,24,24,24,24,22],"gold":473,"neow_bonus":"BOSS_RELIC","is_daily":false,"chose_seed":false,"campfire_upgraded":9,"win_rate":0.0,"timestamp":1612337824,"path_taken":["M","?","M","?","M","E","M","?","T","M","M","M","R","?","R","BOSS","M","?","?","M","$","R","M","M","T","E","$","R","?","?","R","BOSS","M","$","?","?","?","R","M","R","T","?","R","M","M","M","R","BOSS"],"items_purchased_type":["Relic","Relic","Relic","Relic","Card","Relic","Relic"],"build_version":"2020-12-22","purchased_purges":1,"victory":true,"max_hp_per_floor":[50,50,50,50,50,50,50,50,50,50,50,50,50,50,50,50,50,50,50,50,50,50,50,50,50,50,50,50,50,50,50,50,50,50,50,50,50,50,50,50,50,50,50,50,50,50,50,50,50,50],"card_choices":[{"not_picked":["survmod:SwiftKick","survmod:FindCover"],"picked":"survmod:GoForFace","floor":1.0},{"not_picked":["survmod:HailOfArrows","survmod:FenceTrap"],"picked":"survmod:FlareQuiver","floor":3.0},{"not_picked":["survmod:TrickShot","survmod:QuickDash","survmod:QuickThinking"],"picked":"SKIP","floor":5.0},{"not_picked":["survmod:BearTrap","survmod:AimForTheLiver"],"picked":"survmod:ExpertSniper","floor":6.0},{"not_picked":["survmod:AcidTrap","survmod:PenetratingShot","survmod:FindCover"],"picked":"SKIP","floor":7.0},{"not_picked":["survmod:PersonalMark","survmod:VersatileDefense"],"picked":"survmod:FlareQuiver","floor":10.0},{"not_picked":["survmod:OverwhelmingAssault","survmod:TrickShot","survmod:DuckAndFlare"],"picked":"SKIP","floor":12.0},{"not_picked":["survmod:Heartseeker","survmod:CloseCall"],"picked":"survmod:Detonation","floor":16.0},{"not_picked":["survmod:FlashbangTrap"],"picked":"SKIP","floor":18.0},{"not_picked":["survmod:HiddenTactic"],"picked":"SKIP","floor":19.0},{"not_picked":["survmod:LongShot"],"picked":"SKIP","floor":21.0},{"not_picked":["survmod:PiercingShot+1"],"picked":"SKIP","floor":24.0},{"not_picked":[],"picked":"survmod:MarkTrap+1","floor":25.0},{"not_picked":["survmod:QuickDash+1"],"picked":"SKIP","floor":27.0},{"not_picked":["survmod:PinningSnipe+1"],"picked":"SKIP","floor":30.0},{"not_picked":[],"picked":"survmod:ConcussiveShot+1","floor":33.0},{"not_picked":[],"picked":"survmod:FlareQuiver+1","floor":35.0},{"not_picked":["survmod:LongShot+1"],"picked":"SKIP","floor":41.0},{"not_picked":[],"picked":"survmod:GoForFace","floor":44.0},{"not_picked":[],"picked":"survmod:DuckAndFlare+1","floor":46.0},{"not_picked":[],"picked":"survmod:DuckAndFlare+1","floor":47.0},{"not_picked":["survmod:PiercingShot+1"],"picked":"SKIP","floor":48.0}],"player_experience":1835006,"relics_obtained":[{"floor":6.0,"key":"Regal Pillow"},{"floor":9.0,"key":"Kunai"},{"floor":26.0,"key":"Nunchaku"},{"floor":27.0,"key":"InkBottle"},{"floor":31.0,"key":"Torii"},{"floor":31.0,"key":"StrikeDummy"},{"floor":37.0,"key":"Ice Cream"},{"floor":43.0,"key":"Pen Nib"}],"event_choices":[{"damage_healed":0.0,"max_hp_gain":0.0,"max_hp_loss":0.0,"gold_gain":75.0,"event_name":"World of Goop","player_choice":"Gather Gold","floor":2.0,"gold_loss":0.0,"damage_taken":11.0},{"damage_healed":0.0,"max_hp_gain":0.0,"max_hp_loss":0.0,"gold_gain":0.0,"event_name":"Golden Idol","player_choice":"Take Damage","floor":4.0,"gold_loss":0.0,"damage_taken":12.0,"relics_obtained":["Golden Idol"]},{"damage_healed":0.0,"max_hp_gain":0.0,"max_hp_loss":0.0,"gold_gain":0.0,"event_name":"Shining Light","player_choice":"Entered Light","floor":8.0,"gold_loss":0.0,"damage_taken":10.0,"cards_upgraded":["survmod:Defend","survmod:Defend"]},{"damage_healed":41.0,"max_hp_gain":0.0,"max_hp_loss":0.0,"gold_gain":0.0,"event_name":"Wheel of Change","player_choice":"Full Heal","floor":14.0,"gold_loss":0.0,"damage_taken":0.0},{"damage_healed":0.0,"max_hp_gain":0.0,"max_hp_loss":0.0,"gold_gain":0.0,"event_name":"Upgrade Shrine","player_choice":"Upgraded","floor":20.0,"gold_loss":0.0,"damage_taken":0.0,"cards_upgraded":["survmod:ExpertSniper"]},{"damage_healed":0.0,"max_hp_gain":0.0,"max_hp_loss":0.0,"gold_gain":0.0,"event_name":"Colosseum","player_choice":"Fight","floor":31.0,"gold_loss":0.0,"damage_taken":0.0},{"damage_healed":0.0,"max_hp_gain":0.0,"max_hp_loss":0.0,"gold_gain":0.0,"event_name":"Colosseum","player_choice":"Fought Nobs","floor":31.0,"gold_loss":0.0,"damage_taken":0.0},{"damage_healed":0.0,"max_hp_gain":0.0,"max_hp_loss":0.0,"gold_gain":0.0,"event_name":"Mysterious Sphere","player_choice":"Fight","floor":37.0,"gold_loss":0.0,"damage_taken":0.0},{"damage_healed":0.0,"max_hp_gain":0.0,"max_hp_loss":0.0,"gold_gain":0.0,"event_name":"Tomb of Lord Red Mask","player_choice":"Ignored","floor":38.0,"gold_loss":0.0,"damage_taken":0.0},{"damage_healed":0.0,"max_hp_gain":0.0,"max_hp_loss":0.0,"gold_gain":100.0,"event_name":"Golden Shrine","player_choice":"Pray","floor":39.0,"gold_loss":0.0,"damage_taken":0.0}],"is_beta":false,"boss_relics":[{"not_picked":["Snecko Eye","Fusion Hammer"],"picked":"Busted Crown"},{"not_picked":["Cursed Key","Runic Pyramid"],"picked":"Sozu"}],"items_purged_floors":[22],"is_endless":false,"potions_floor_spawned":[3,5,7,11,21,24,25,31,33,37,44,46,47],"ascension_level":0}}