{"host":"3j2m8n0ywf988fwb","time":1612388517,"event":{"mods":["2.2 Compatiblity","AchievementEnabler","Act Like it!","Aspiration","Astrologer","BaseMod","Better Altar","Better Match","Better Note","Better Sensory Stone","Better Skull","Better Third Choice","CCEM2","ChefMod","Colored Map","Colored Powertips","Conspire","Dark Map","Energized Spire","GifTheSpireLib","Halation","Hallownest","Highlight Path","Hubris","Infinite Spire","Jedi Mod","Marisa????????","Marked Mod","Mimic Mod","Minty Spire (QoL Compilation)","Monster B Gone","Random Character Button","Relic Filter Mod","Relic Stats","Reliquary","Replay The Spire","Robot Space Explorer","Shade Mod","Shop Mod","Somnambulant","StS++","StSLib","Stuff the Spire","The Bug Knight","The Elementalist","The Hierophant","The Runesmith","TheBandit","TheFirefly","TheSurvivalist","Unceasing Turn Reminder","Weighted Paths","everything is the same but u backflip on backflip"],"gold_per_floor":[114,114,114,128,139,139,153,153,187,187,207,232,232,265,265,265,265],"floor_reached":16,"language":"ENG","playtime":1073,"items_purged":[],"score":110,"play_id":"318d9bbe-b96d-4fd2-b288-d34a220de2cb","local_time":"20210203154157","is_ascension_mode":false,"campfire_choices":[{"data":"elementalist:Mist","floor":6,"key":"SMITH"},{"floor":8,"key":"REST"}],"circlet_count":0,"master_deck":["elementalist:Air_Emblem","elementalist:Air_Emblem","elementalist:Strike+Elemblue","elementalist:Defend_Elemblue","elementalist:Defend_Elemblue","elementalist:Defend_Elemblue","elementalist:Defend_Elemblue","elementalist:Defend_Elemblue","elementalist:Firestrike","elementalist:Earthstrike","elementalist:Waterstrike","elementalist:Airstrike","elementalist:Crystal_Chalk+1","elementalist:Mist+1","elementalist:Concentricity","elementalist:Rising_Vapors","elementalist:Flame","elementalist:Emberveil","elementalist:Ignition","elementalist:Flame"],"relics":["elementalistmod:MagusStaff","elementalistmod:BlueRibbon","hubris:GlazedTorus","elementalistmod:RedRibbon","Durian","CCEMRelics:TeddyBear"],"acts_visited":["Exordium"],"potions_floor_usage":[12],"damage_taken":[{"damage":6,"enemies":"Small Slimes","floor":1,"turns":5},{"damage":1,"enemies":"Cultist","floor":4,"turns":4},{"damage":0,"enemies":"2 Louse","floor":5,"turns":3},{"damage":7,"enemies":"Blue Slaver","floor":7,"turns":5},{"damage":15,"enemies":"Lots of Slimes","floor":9,"turns":10},{"damage":15,"enemies":"Lots of Slimes","floor":11,"turns":5},{"damage":31,"enemies":"3 Sentries","floor":12,"turns":11},{"damage":8,"enemies":"HollowMod:MossKnight","floor":14,"turns":7},{"damage":29,"enemies":"Fading Forest","floor":16,"turns":10}],"seed_played":"376095135855524886","potions_obtained":[{"floor":4,"key":"Block Potion"},{"floor":7,"key":"SneckoOil"},{"floor":11,"key":"Block Potion"},{"floor":14,"key":"Venom Potion"}],"is_trial":false,"path_per_floor":["M","?","?","M","M","R","M","R","MIM","?","M","E","?","E","R","B"],"character_chosen":"THE_ELEMENTALIST","items_purchased":[],"campfire_rested":1,"item_purchase_floors":[],"current_hp_per_floor":[64,64,64,63,63,63,56,70,58,58,46,20,20,12,12,0,0],"gold":265,"neow_bonus":"ONE_RARE_RELIC","is_daily":false,"chose_seed":false,"campfire_upgraded":1,"win_rate":0.0,"timestamp":1612388517,"path_taken":["M","?","?","?","M","R","M","R","MIM","?","?","E","?","E","R","BOSS"],"items_purchased_type":[],"build_version":"2020-12-22","purchased_purges":0,"victory":false,"max_hp_per_floor":[70,70,70,70,70,70,70,70,70,70,70,75,75,75,75,75,75],"relic_stats":{"counters":[9,60],"obtain_stats":[{"elementalistmod:BlueRibbon":4,"CCEMRelics:TeddyBear":14,"Durian":12,"elementalistmod:MagusStaff":0,"elementalistmod:GraduationLetter":0,"elementalistmod:RedRibbon":3,"hubris:GlazedTorus":0},{"elementalistmod:BlueRibbon":2,"CCEMRelics:TeddyBear":8,"Durian":7,"elementalistmod:MagusStaff":0,"elementalistmod:GraduationLetter":0,"elementalistmod:RedRibbon":1,"hubris:GlazedTorus":0},{"elementalistmod:BlueRibbon":6,"CCEMRelics:TeddyBear":50,"Durian":43,"elementalistmod:MagusStaff":0,"elementalistmod:GraduationLetter":0,"elementalistmod:RedRibbon":5,"hubris:GlazedTorus":0}]},"card_choices":[{"not_picked":["elementalist:Pressurize","elementalist:Rising_Tides"],"picked":"elementalist:Mist","floor":1},{"not_picked":["elementalist:Wards","elementalist:Mist"],"picked":"elementalist:Concentricity","floor":4},{"not_picked":["elementalist:Cauterize","elementalist:Emberveil"],"picked":"elementalist:Rising_Vapors","floor":5},{"not_picked":["elementalist:Cauterize","elementalist:Mage_Hand","elementalist:Overheat"],"picked":"SKIP","floor":7},{"not_picked":["elementalist:Spark","elementalist:Solar_Form"],"picked":"elementalist:Flame","floor":9},{"not_picked":["elementalist:Etherstrike","elementalist:Rising_Tides"],"picked":"elementalist:Emberveil","floor":11},{"not_picked":["elementalist:Fission_Lance","elementalist:Wards"],"picked":"elementalist:Ignition","floor":12},{"not_picked":["elementalist:Low_Tides","elementalist:Breeze","elementalist:Overheat"],"picked":"SKIP","floor":14}],"player_experience":1062529,"relics_obtained":[{"floor":12,"key":"Durian"},{"floor":14,"key":"CCEMRelics:TeddyBear"}],"event_choices":[{"damage_healed":0,"gold_gain":0,"player_choice":"Upgraded","damage_taken":0,"max_hp_gain":0,"max_hp_loss":0,"event_name":"Upgrade Shrine","floor":2,"gold_loss":0,"cards_upgraded":["elementalist:Crystal_Chalk"]},{"damage_healed":0,"gold_gain":0,"player_choice":"Ignored","damage_taken":0,"max_hp_gain":0,"max_hp_loss":0,"event_name":"betterNote:BetterNote","floor":10,"gold_loss":0,"cards_obtained":["Neutralize"]},{"cards_removed":["CommonCold"],"damage_healed":0,"gold_gain":0,"player_choice":"Removed Curses","damage_taken":0,"max_hp_gain":0,"max_hp_loss":0,"event_name":"Fountain of Cleansing","floor":13,"gold_loss":0}],"is_beta":false,"boss_relics":[],"items_purged_floors":[],"is_endless":false,"potions_floor_spawned":[4,7,11,14],"killed_by":"Fading Forest","ascension_level":0}}