{"host":"rolltorest","time":1612396137,"event":{"mods":["BaseMod","Minty Spire (QoL Compilation)","Relic Stats","Slay the Relics Exporter","StSLib"],"gold_per_floor":[113,127,127,137,137,164,164,196,196,196,213,138,160,190,190,262,262,273,188,188,188,188,188,188,199,225,225,251,7,26,57,57,135,135,145,45,45,65,83,110,110,110],"floor_reached":41,"language":"ENG","playtime":1633,"items_purged":["Strike_G","Strike_G+1"],"score":1040,"play_id":"a3044780-4407-4e44-89b5-da6fc83cefed","local_time":"20210203154857","is_ascension_mode":true,"campfire_choices":[{"floor":7,"key":"REST"},{"data":"Crippling Poison","floor":10,"key":"SMITH"},{"data":"Blade Dance","floor":15,"key":"SMITH"},{"data":"Noxious Fumes","floor":24,"key":"SMITH"},{"data":"Ghostly","floor":27,"key":"SMITH"},{"data":"Catalyst","floor":32,"key":"SMITH"}],"circlet_count":0,"master_deck":["AscendersBane","Strike_G+1","Strike_G+1","Strike_G+1","Defend_G+1","Defend_G+1","Defend_G+1","Defend_G+1","Defend_G+1","Survivor","Neutralize","Bane","Crippling Poison+1","All Out Attack","Dash","Masterful Stab","Blade Dance+1","Poisoned Stab","Phantasmal Killer","Noxious Fumes+1","Ghostly+1","Ghostly","Ghostly","Leg Sweep","Prepared","Backflip","Catalyst+1","Catalyst","PiercingWail","Corpse Explosion","PiercingWail","Dagger Throw+1","PiercingWail","Burst"],"relics":["Ring of the Snake","FaceOfCleric","Mercury Hourglass","Dream Catcher","Meat on the Bone","Odd Mushroom","Anchor","HoveringKite","War Paint","Vajra","Tingsha","Snake Skull","Letter Opener","Snecko Eye","Lantern"],"acts_visited":["Exordium","TheCity","TheBeyond"],"potions_floor_usage":[8,13,16,18,23,33,41],"damage_taken":[{"damage":1,"enemies":"Jaw Worm","floor":1,"turns":6},{"damage":4,"enemies":"Cultist","floor":2,"turns":4},{"damage":8,"enemies":"Small Slimes","floor":4,"turns":4},{"damage":36,"enemies":"3 Sentries","floor":6,"turns":12},{"damage":9,"enemies":"Lagavulin","floor":8,"turns":7},{"damage":18,"enemies":"Exordium Wildlife","floor":11,"turns":4},{"damage":0,"enemies":"The Mushroom Lair","floor":13,"turns":3},{"damage":2,"enemies":"3 Sentries","floor":14,"turns":6},{"damage":32,"enemies":"Slime Boss","floor":16,"turns":9},{"damage":24,"enemies":"Spheric Guardian","floor":18,"turns":6},{"damage":0,"enemies":"Gremlin Leader","floor":23,"turns":4},{"damage":0,"enemies":"3 Byrds","floor":25,"turns":3},{"damage":24,"enemies":"Book of Stabbing","floor":28,"turns":6},{"damage":9,"enemies":"Shelled Parasite and Fungi","floor":30,"turns":5},{"damage":12,"enemies":"Gremlin Leader","floor":31,"turns":7},{"damage":2,"enemies":"Collector","floor":33,"turns":7},{"damage":0,"enemies":"3 Darklings","floor":35,"turns":3},{"damage":23,"enemies":"3 Shapes","floor":38,"turns":5},{"damage":0,"enemies":"Sphere and 2 Shapes","floor":39,"turns":3},{"damage":25,"enemies":"Giant Head","floor":40,"turns":6},{"damage":30,"enemies":"Spire Growth","floor":41,"turns":3}],"seed_played":"7910984733060563522","potions_obtained":[{"floor":4,"key":"BlessingOfTheForge"},{"floor":8,"key":"Energy Potion"},{"floor":11,"key":"SmokeBomb"},{"floor":14,"key":"ColorlessPotion"},{"floor":16,"key":"Energy Potion"},{"floor":25,"key":"DistilledChaos"},{"floor":31,"key":"SpeedPotion"},{"floor":39,"key":"Fire Potion"}],"is_trial":false,"path_per_floor":["M","M","?","M","?","E","R","E","T","R","M","$","?","E","R","B",null,"M","?","?","?","?","E","R","M","T","R","E","$","M","E","R","B",null,"M","$","?","M","M","E","M"],"character_chosen":"THE_SILENT","items_purchased":["Snake Skull","Catalyst"],"campfire_rested":1,"item_purchase_floors":[29,29],"current_hp_per_floor":[64,60,60,52,52,17,38,30,30,30,25,25,38,49,49,30,66,43,43,39,39,39,40,40,41,41,41,30,30,34,23,23,34,42,43,43,43,33,34,22,0,0],"gold":110,"neow_bonus":"TEN_PERCENT_HP_BONUS","is_daily":false,"chose_seed":false,"campfire_upgraded":5,"win_rate":0.0,"timestamp":1612396137,"path_taken":["M","M","?","?","?","E","R","E","T","R","?","$","?","E","R","BOSS","M","?","?","?","?","E","R","?","T","R","E","$","M","E","R","BOSS","M","$","?","M","M","E","M"],"items_purchased_type":["Relic","Card"],"build_version":"2020-12-18","purchased_purges":2,"victory":false,"max_hp_per_floor":[72,72,72,72,72,73,73,74,74,74,75,75,76,77,77,78,78,79,79,39,39,39,40,40,41,41,41,42,42,43,44,44,45,45,46,46,44,45,46,47,47,47],"relic_stats":{"counters":[21,112],"HoveringKite":[15],"Tingsha":[33],"Snake Skull":[58],"Letter Opener":[80],"War Paint":["Defend_G","Defend_G"],"Mercury Hourglass":[407],"Dream Catcher":0,"FaceOfCleric":17,"Snecko Eye":[43,33,35,47],"obtain_stats":[{"Lantern":40,"HoveringKite":17,"Vajra":26,"Tingsha":28,"Snake Skull":29,"Letter Opener":31,"Odd Mushroom":13,"War Paint":19,"Mercury Hourglass":6,"Dream Catcher":8,"Anchor":14,"FaceOfCleric":5,"Snecko Eye":34,"Ring of the Snake":0,"Meat on the Bone":9},{"Lantern":20,"HoveringKite":9,"Vajra":12,"Tingsha":13,"Snake Skull":13,"Letter Opener":15,"Odd Mushroom":7,"War Paint":10,"Mercury Hourglass":4,"Dream Catcher":5,"Anchor":8,"FaceOfCleric":3,"Snecko Eye":16,"Ring of the Snake":0,"Meat on the Bone":5},{"Lantern":109,"HoveringKite":54,"Vajra":67,"Tingsha":73,"Snake Skull":73,"Letter Opener":85,"Odd Mushroom":39,"War Paint":60,"Mercury Hourglass":26,"Dream Catcher":33,"Anchor":45,"FaceOfCleric":14,"Snecko Eye":92,"Ring of the Snake":0,"Meat on the Bone":33}],"Ring of the Snake":[42],"Meat on the Bone":108},"card_choices":[{"not_picked":["Acrobatics","Backflip"],"picked":"Bane","floor":1},{"not_picked":["Prepared","Leg Sweep"],"picked":"Crippling Poison","floor":2},{"not_picked":["Flechettes","Choke"],"picked":"All Out Attack","floor":4},{"not_picked":["Tools of the Trade","Endless Agony"],"picked":"Dash","floor":6},{"not_picked":["Concentrate","Tactician","Underhanded Strike"],"picked":"SKIP","floor":8},{"not_picked":["Accuracy","Tactician"],"picked":"Masterful Stab","floor":11},{"not_picked":["PiercingWail","Riddle With Holes"],"picked":"Blade Dance","floor":13},{"not_picked":["Flying Knee","Distraction"],"picked":"Poisoned Stab","floor":14},{"not_picked":["Malaise","Unload"],"picked":"Phantasmal Killer","floor":16},{"not_picked":["Blade Dance","Flying Knee"],"picked":"Noxious Fumes","floor":18},{"not_picked":["Eviscerate","Dagger Spray"],"picked":"Prepared","floor":25},{"not_picked":["Malaise","Bouncing Flask+1"],"picked":"Backflip","floor":28},{"not_picked":["Skewer","Masterful Stab"],"picked":"Catalyst","floor":30},{"not_picked":["Skewer","Caltrops"],"picked":"PiercingWail","floor":31},{"not_picked":["Doppelganger","Grand Finale"],"picked":"Corpse Explosion","floor":33},{"not_picked":["Bane+1","Expertise"],"picked":"PiercingWail","floor":35},{"not_picked":["Heel Hook","Quick Slash"],"picked":"Dagger Throw+1","floor":38},{"not_picked":["Flying Knee+1","Sucker Punch"],"picked":"PiercingWail","floor":39},{"not_picked":["Escape Plan","Bane+1"],"picked":"Burst","floor":40}],"player_experience":1824247,"relics_obtained":[{"floor":6,"key":"Mercury Hourglass"},{"floor":8,"key":"Dream Catcher"},{"floor":9,"key":"Meat on the Bone"},{"floor":13,"key":"Odd Mushroom"},{"floor":14,"key":"Anchor"},{"floor":26,"key":"Vajra"},{"floor":28,"key":"Tingsha"},{"floor":31,"key":"Letter Opener"},{"floor":40,"key":"Lantern"}],"event_choices":[{"damage_healed":0,"gold_gain":0,"player_choice":"0 cards matched","damage_taken":0,"max_hp_gain":0,"max_hp_loss":0,"event_name":"Match and Keep!","floor":3,"gold_loss":0,"cards_obtained":[]},{"damage_healed":0,"gold_gain":0,"player_choice":"Trade","damage_taken":0,"relics_obtained":["FaceOfCleric"],"max_hp_gain":0,"max_hp_loss":0,"event_name":"FaceTrader","floor":5,"gold_loss":0},{"damage_healed":0,"gold_gain":0,"player_choice":"Fought Mushrooms","damage_taken":0,"max_hp_gain":0,"max_hp_loss":0,"event_name":"Mushrooms","floor":13,"gold_loss":0},{"damage_healed":0,"gold_gain":0,"player_choice":"Obtained Relic","damage_taken":0,"relics_obtained":["War Paint"],"max_hp_gain":0,"max_hp_loss":0,"event_name":"Addict","floor":19,"gold_loss":85},{"damage_healed":0,"gold_gain":0,"player_choice":"Became a Ghost","damage_taken":0,"max_hp_gain":0,"max_hp_loss":40,"event_name":"Ghosts","floor":20,"gold_loss":0,"cards_obtained":["Ghostly","Ghostly","Ghostly"]},{"damage_healed":0,"gold_gain":0,"player_choice":"Simplicity","damage_taken":0,"max_hp_gain":0,"max_hp_loss":0,"event_name":"Back to Basics","floor":21,"gold_loss":0,"cards_upgraded":["Strike_G","Strike_G","Strike_G","Strike_G","Defend_G","Defend_G","Defend_G"]},{"damage_healed":0,"gold_gain":0,"player_choice":"Read","damage_taken":0,"max_hp_gain":0,"max_hp_loss":0,"event_name":"The Library","floor":22,"gold_loss":0,"cards_obtained":["Leg Sweep"]},{"damage_healed":0,"gold_gain":0,"player_choice":"Max HP","damage_taken":0,"max_hp_gain":0,"max_hp_loss":2,"event_name":"Winding Halls","floor":37,"gold_loss":0}],"is_beta":true,"boss_relics":[{"not_picked":["Tiny House","Fusion Hammer"],"picked":"HoveringKite"},{"not_picked":["WristBlade","Black Star"],"picked":"Snecko Eye"}],"items_purged_floors":[12,36],"is_endless":false,"potions_floor_spawned":[4,8,11,14,16,23,25,31,39],"killed_by":"Spire Growth","ascension_level":20}}