{"host":"gl5rgsfncjl28cj1","time":1612315111,"event":{"mods":["BaseMod","Colored Map","Highlight Path","Minty Spire (QoL Compilation)","Permanent Neow","StSLib"],"gold_per_floor":[212,223,241,254,254,254,270,288,288,288,305,305,154,169,169,169,169],"floor_reached":16,"language":"KOR","playtime":460,"items_purged":["Defend_G"],"score":192,"play_id":"eccdf319-35dc-4a7b-abb3-58e2486b669b","local_time":"20210203101831","is_ascension_mode":true,"campfire_choices":[{"data":"Poisoned Stab","floor":6,"key":"SMITH"},{"floor":10,"key":"REST"},{"floor":12,"key":"REST"},{"data":"Tactician","floor":15,"key":"SMITH"}],"circlet_count":0,"master_deck":["AscendersBane","Strike_G","Strike_G","Strike_G","Strike_G","Strike_G","Defend_G","Defend_G","Defend_G","Defend_G","Survivor","Neutralize","Dagger Throw","Slice","Poisoned Stab+1","Glass Knife+1","Tactician+1","Tactician","Backflip"],"relics":["Ring of the Snake","Mercury Hourglass"],"acts_visited":["Exordium"],"potions_floor_usage":[4,11,16],"damage_taken":[{"damage":4,"enemies":"Cultist","floor":1,"turns":5},{"damage":5,"enemies":"Jaw Worm","floor":2,"turns":7},{"damage":0,"enemies":"2 Louse","floor":3,"turns":2},{"damage":22,"enemies":"Red Slaver","floor":4,"turns":7},{"damage":11,"enemies":"Lots of Slimes","floor":7,"turns":4},{"damage":8,"enemies":"Exordium Thugs","floor":8,"turns":5},{"damage":0,"enemies":"Red Slaver","floor":11,"turns":1},{"damage":2,"enemies":"2 Fungi Beasts","floor":14,"turns":3},{"damage":47,"enemies":"Slime Boss","floor":16,"turns":9}],"seed_played":"4641218820158665118","potions_obtained":[{"floor":3,"key":"SpeedPotion"},{"floor":7,"key":"CunningPotion"},{"floor":11,"key":"Poison Potion"}],"is_trial":false,"path_per_floor":["M","M","M","M","?","R","M","M","T","R","M","R","$","M","R","B"],"character_chosen":"THE_SILENT","items_purchased":["Tactician"],"campfire_rested":2,"item_purchase_floors":[13],"current_hp_per_floor":[55,50,50,28,28,28,17,9,9,28,28,47,47,45,45,0,0],"gold":169,"neow_bonus":"HUNDRED_GOLD","is_daily":false,"chose_seed":false,"campfire_upgraded":2,"win_rate":0.0,"timestamp":1612315111,"path_taken":["M","?","M","M","?","R","M","?","T","R","M","R","$","M","R","BOSS"],"items_purchased_type":["Card"],"build_version":"2020-12-22","purchased_purges":1,"victory":false,"max_hp_per_floor":[66,66,66,66,66,66,66,66,66,66,66,66,66,66,66,66,66],"card_choices":[{"not_picked":["Backflip","PiercingWail"],"picked":"Dagger Throw","floor":1},{"not_picked":["Prepared","Underhanded Strike"],"picked":"Slice","floor":2},{"not_picked":["Outmaneuver","PiercingWail"],"picked":"Poisoned Stab","floor":3},{"not_picked":["Blade Dance","Blur"],"picked":"Glass Knife","floor":4},{"not_picked":["Distraction","Blade Dance","Outmaneuver"],"picked":"SKIP","floor":7},{"not_picked":["Catalyst","Acrobatics","Finisher"],"picked":"SKIP","floor":8},{"not_picked":["Eviscerate","Distraction"],"picked":"Tactician","floor":11},{"not_picked":["Crippling Poison","Flying Knee"],"picked":"Backflip","floor":14}],"player_experience":1013543,"relics_obtained":[{"floor":9,"key":"Mercury Hourglass"}],"event_choices":[{"damage_healed":0,"gold_gain":0,"player_choice":"Upgraded","damage_taken":0,"max_hp_gain":0,"max_hp_loss":0,"event_name":"Upgrade Shrine","floor":5,"gold_loss":0,"cards_upgraded":["Glass Knife"]}],"is_beta":false,"boss_relics":[],"items_purged_floors":[13],"is_endless":false,"potions_floor_spawned":[3,7,11],"killed_by":"Slime Boss","ascension_level":20}}