{"host":"j4g6ia6asvpyu2b0","time":1612388697,"event":{"mods":["BaseMod","Colored Map","Minty Spire (QoL Compilation)","Permanent Neow","Quick Restart","Relic Stats","StSLib","Unceasing Turn Reminder"],"gold_per_floor":[117,134,148,98,98,126,126,153,153,179,198,214,245,265,265,367,367,377,396,311,311,311,336,286,319,396,248,265,292,292,319,319,319,319],"floor_reached":33,"language":"ENG","playtime":1556,"items_purged":[],"score":443,"play_id":"4fdc80e2-47e6-4671-b896-eebc5e2593d6","local_time":"20210203144457","is_ascension_mode":true,"campfire_choices":[{"data":"Chill","floor":7,"key":"SMITH"},{"data":"Capacitor","floor":15,"key":"SMITH"},{"floor":30,"key":"REST"},{"data":"Capacitor","floor":32,"key":"SMITH"}],"circlet_count":0,"master_deck":["Defend_B","Defend_B","Defend_B","Defend_B","Zap","Dualcast","Chill+1","Ball Lightning","Chaos","Auto Shields","Sweeping Beam","Compile Driver","Ball Lightning","Capacitor+1","Rip and Tear","White Noise","Electrodynamics","Conserve Battery+1","Coolheaded+1","Multi-Cast+1","Coolheaded","Conserve Battery+1","Sweeping Beam+1","Capacitor+1","Discovery","Ball Lightning+1","Echo Form","Turbo+1"],"relics":["Cracked Core","CaptainsWheel","Bronze Scales","Bottled Flame","Happy Flower","Mercury Hourglass","Blue Candle","Astrolabe","Potion Belt","Prayer Wheel","Ancient Tea Set","Peace Pipe","Cables"],"acts_visited":["Exordium","TheCity"],"potions_floor_usage":[6,23,25,31,33,33],"damage_taken":[{"damage":1,"enemies":"Cultist","floor":1,"turns":4},{"damage":5,"enemies":"2 Louse","floor":2,"turns":2},{"damage":7,"enemies":"Jaw Worm","floor":3,"turns":3},{"damage":6,"enemies":"Lagavulin","floor":6,"turns":4},{"damage":3,"enemies":"Gremlin Nob","floor":8,"turns":4},{"damage":2,"enemies":"3 Sentries","floor":10,"turns":7},{"damage":6,"enemies":"Blue Slaver","floor":11,"turns":2},{"damage":0,"enemies":"Large Slime","floor":12,"turns":3},{"damage":6,"enemies":"Lagavulin","floor":13,"turns":5},{"damage":4,"enemies":"Exordium Thugs","floor":14,"turns":2},{"damage":0,"enemies":"Slime Boss","floor":16,"turns":6},{"damage":9,"enemies":"2 Thieves","floor":18,"turns":3},{"damage":4,"enemies":"Spheric Guardian","floor":19,"turns":4},{"damage":9,"enemies":"Gremlin Leader","floor":23,"turns":4},{"damage":19,"enemies":"Slavers","floor":25,"turns":3},{"damage":16,"enemies":"Shelled Parasite and Fungi","floor":28,"turns":5},{"damage":15,"enemies":"Gremlin Leader","floor":29,"turns":5},{"damage":15,"enemies":"Slavers","floor":31,"turns":3},{"damage":16,"enemies":"Collector","floor":33,"turns":5}],"seed_played":"1932770213095088048","potions_obtained":[{"floor":2,"key":"DistilledChaos"},{"floor":6,"key":"LiquidBronze"},{"floor":14,"key":"SkillPotion"},{"floor":16,"key":"SteroidPotion"},{"floor":23,"key":"AttackPotion"},{"floor":29,"key":"Weak Potion"}],"is_trial":false,"path_per_floor":["M","M","M","?","?","E","R","E","T","E","M","M","E","M","R","B",null,"M","M","?","?","?","E","$","E","T","$","M","E","R","E","R","B"],"character_chosen":"DEFECT","items_purchased":["PowerPotion","Discovery","PowerPotion"],"campfire_rested":1,"item_purchase_floors":[24,27,27],"current_hp_per_floor":[74,69,62,62,55,49,49,46,46,44,38,38,32,28,28,28,75,66,62,62,62,62,53,53,34,34,34,18,3,25,10,10,0,0],"gold":319,"neow_bonus":"ONE_RARE_RELIC","is_daily":false,"chose_seed":false,"campfire_upgraded":3,"win_rate":0.0,"timestamp":1612388697,"path_taken":["M","?","M","?","?","E","R","E","T","E","M","M","E","M","R","BOSS","M","M","?","?","?","E","$","E","T","$","?","E","R","E","R","BOSS"],"items_purchased_type":["Potion","Card","Potion"],"build_version":"2020-12-22","purchased_purges":0,"victory":false,"max_hp_per_floor":[75,75,75,75,75,75,75,75,75,75,75,75,75,75,75,75,75,75,75,75,75,75,75,75,75,75,75,75,75,75,75,75,75,75],"relic_stats":{"Peace Pipe":0,"Happy Flower":[19],"counters":[19,73],"Bronze Scales":[124],"Blue Candle":[0],"Astrolabe":["Conserve Battery","Coolheaded","Multi-Cast"],"Prayer Wheel":1,"obtain_stats":[{"Potion Belt":20,"Happy Flower":9,"Blue Candle":13,"Astrolabe":17,"Ancient Tea Set":25,"Mercury Hourglass":10,"Cables":31,"Peace Pipe":29,"CaptainsWheel":0,"Bottled Flame":8,"Bronze Scales":6,"Prayer Wheel":23,"Cracked Core":0},{"Potion Belt":13,"Happy Flower":5,"Blue Candle":9,"Astrolabe":11,"Ancient Tea Set":15,"Mercury Hourglass":6,"Cables":18,"Peace Pipe":17,"CaptainsWheel":0,"Bottled Flame":5,"Bronze Scales":4,"Prayer Wheel":14,"Cracked Core":0},{"Potion Belt":48,"Happy Flower":17,"Blue Candle":33,"Astrolabe":41,"Ancient Tea Set":55,"Mercury Hourglass":24,"Cables":68,"Peace Pipe":65,"CaptainsWheel":0,"Bottled Flame":17,"Bronze Scales":13,"Prayer Wheel":52,"Cracked Core":0}],"Mercury Hourglass":[214],"Cables":[5,4,1,0,0]},"card_choices":[{"not_picked":["Recycle","Conserve Battery"],"picked":"Chill","floor":1},{"not_picked":["Stack","Coolheaded"],"picked":"Ball Lightning","floor":2},{"not_picked":["Rebound","Blizzard"],"picked":"Chaos","floor":3},{"not_picked":["Leap","Steam Power"],"picked":"Auto Shields","floor":6},{"not_picked":["Auto Shields","Static Discharge"],"picked":"Sweeping Beam","floor":8},{"not_picked":["Turbo","Hologram"],"picked":"Compile Driver","floor":10},{"not_picked":["Coolheaded","Aggregate"],"picked":"Ball Lightning","floor":11},{"not_picked":["Steam","Auto Shields"],"picked":"Capacitor","floor":12},{"not_picked":["Leap","Turbo"],"picked":"Rip and Tear","floor":13},{"not_picked":["Storm","Rebound"],"picked":"White Noise","floor":14},{"not_picked":["Multi-Cast","Hyperbeam"],"picked":"Electrodynamics","floor":16},{"not_picked":["Hello World","Beam Cell"],"picked":"Coolheaded","floor":18},{"not_picked":["Scrape","Rebound+1"],"picked":"Conserve Battery+1","floor":19},{"not_picked":["Melter","Buffer"],"picked":"Sweeping Beam+1","floor":23},{"not_picked":["White Noise","Gash"],"picked":"Capacitor","floor":25},{"not_picked":["Rebound","Steam"],"picked":"Ball Lightning+1","floor":28},{"not_picked":["Beam Cell","Stack","Gash+1"],"picked":"SKIP","floor":28},{"not_picked":["Reboot","Capacitor+1"],"picked":"Echo Form","floor":29},{"not_picked":["Blizzard","Conserve Battery"],"picked":"Turbo+1","floor":31}],"player_experience":1124404,"relics_obtained":[{"floor":6,"key":"Bronze Scales"},{"floor":8,"key":"Bottled Flame"},{"floor":9,"key":"Happy Flower"},{"floor":10,"key":"Mercury Hourglass"},{"floor":13,"key":"Blue Candle"},{"floor":23,"key":"Prayer Wheel"},{"floor":25,"key":"Ancient Tea Set"},{"floor":29,"key":"Peace Pipe"},{"floor":31,"key":"Cables"}],"event_choices":[{"cards_removed":["Normality"],"damage_healed":0,"gold_gain":0,"player_choice":"Card Removal","damage_taken":0,"max_hp_gain":0,"max_hp_loss":0,"event_name":"The Cleric","floor":4,"gold_loss":50},{"cards_removed":["Strike_B"],"damage_healed":0,"gold_gain":0,"player_choice":"Card Removal","damage_taken":7,"max_hp_gain":0,"max_hp_loss":0,"event_name":"Golden Wing","floor":5,"gold_loss":0},{"damage_healed":0,"gold_gain":0,"player_choice":"Obtained Relic","damage_taken":0,"relics_obtained":["Potion Belt"],"max_hp_gain":0,"max_hp_loss":0,"event_name":"Addict","floor":20,"gold_loss":85},{"damage_healed":0,"gold_gain":0,"player_choice":"Ignored","damage_taken":0,"max_hp_gain":0,"max_hp_loss":0,"event_name":"Vampires","floor":21,"gold_loss":0},{"damage_healed":0,"gold_gain":0,"player_choice":"Ignored","damage_taken":0,"max_hp_gain":0,"max_hp_loss":0,"event_name":"Ghosts","floor":22,"gold_loss":0}],"is_beta":false,"boss_relics":[{"not_picked":["Nuclear Battery","Tiny House"],"picked":"Astrolabe"}],"items_purged_floors":[],"is_endless":false,"potions_floor_spawned":[2,6,14,16,23,29],"killed_by":"Collector","ascension_level":2}}