{"host":"0cm5wy4nhuju7tij","time":1612332665,"event":{"mods":["100% Spire Juice","2.2 Compatiblity","AchievementEnabler","Aspiration","BaseMod","Better Third Choice","BetterRewards","CCEM2","CapriCore","Colored Powertips","Curses Come First","Displayed Cursed Tome","Downfall","Energized Spire","Evolution","Filter the Spire","Hermit","Hero for Fun","Highlight Path","Jess\u0027s Bottle","Minty Spire (QoL Compilation)","Permanent Neow","Poor People Problems","Relic Filter Mod","Relic Stats","Shop Mod","Spicy Shops","StSLib","The Cursed","The Juggle","TheSurvivalist","Weighted Paths"],"gold_per_floor":[111,123,143,161,181,222,222,222,222],"floor_reached":8,"language":"ENG","playtime":586,"items_purged":[],"score":60,"play_id":"f05c1803-5ab8-4d75-b747-a1d9657d3533","local_time":"20210203011105","is_ascension_mode":false,"campfire_choices":[],"circlet_count":0,"master_deck":["survmod:NockAnArrow","survmod:Strike","survmod:Strike","survmod:Strike","survmod:Defend","survmod:Defend","survmod:Defend","survmod:Defend","survmod:VersatileOffense","survmod:Sprint","survmod:FocusedFire","survmod:QuickDash","survmod:SurpriseTrap","survmod:MarkTrap","survmod:FlareQuiver"],"relics":["survmod:InnateMutation","EVO:Axolotl","aspiration:Nostalgia","Cracked Core","CeramicFish"],"acts_visited":["Exordium"],"potions_floor_usage":[],"damage_taken":[{"damage":3,"enemies":"Jaw Worm","floor":1,"turns":4},{"damage":1,"enemies":"Cultist","floor":2,"turns":4},{"damage":0,"enemies":"Small Slimes","floor":3,"turns":3},{"damage":0,"enemies":"2 Fungi Beasts","floor":4,"turns":3},{"damage":6,"enemies":"Looter","floor":5,"turns":3},{"damage":27,"enemies":"Lagavulin","floor":6,"turns":8},{"damage":20,"enemies":"Gremlin Nob","floor":8,"turns":3}],"seed_played":"9165372950166803874","potions_obtained":[{"floor":2,"key":"FearPotion"},{"floor":4,"key":"Swift Potion"},{"floor":6,"key":"LiquidMemories"}],"is_trial":false,"path_per_floor":["M","M","M","M","M","E","?","E"],"character_chosen":"THE_SURVIVOR","items_purchased":[],"campfire_rested":0,"item_purchase_floors":[],"current_hp_per_floor":[47,46,46,46,40,13,18,0,0],"gold":222,"neow_bonus":"NOSTALGIA","is_daily":false,"chose_seed":false,"campfire_upgraded":0,"win_rate":0.0,"timestamp":1612332665,"path_taken":["M","M","M","M","M","E","?","E"],"items_purchased_type":[],"build_version":"2020-12-22","purchased_purges":0,"victory":false,"max_hp_per_floor":[50,50,50,50,50,50,50,50,50],"relic_stats":{"counters":[7,26],"CeramicFish":9,"obtain_stats":[{"aspiration:Nostalgia":0,"CeramicFish":6,"EVO:Axolotl":0,"survmod:InnateMutation":0,"Cracked Core":0},{"aspiration:Nostalgia":0,"CeramicFish":6,"EVO:Axolotl":0,"survmod:InnateMutation":0,"Cracked Core":0},{"aspiration:Nostalgia":0,"CeramicFish":23,"EVO:Axolotl":0,"survmod:InnateMutation":0,"Cracked Core":0}]},"card_choices":[{"not_picked":["survmod:SwiftKick","survmod:MarkedShot"],"picked":"survmod:GoForFace","floor":1},{"not_picked":["survmod:WalledOffTraps","survmod:LongShot"],"picked":"survmod:FocusedFire","floor":2},{"not_picked":["survmod:ShrapnelTraps","survmod:FindCover"],"picked":"survmod:QuickDash","floor":3},{"not_picked":["survmod:ConcussiveShot","survmod:MarkedShot"],"picked":"survmod:SurpriseTrap","floor":4},{"not_picked":["survmod:BearTrap","survmod:QuickDash"],"picked":"survmod:MarkTrap","floor":5},{"not_picked":["survmod:GoForFace","survmod:DuckAndFlare"],"picked":"survmod:FlareQuiver","floor":6}],"player_experience":292453,"relics_obtained":[{"floor":6,"key":"CeramicFish"}],"event_choices":[{"cards_removed":["survmod:GoForFace"],"damage_healed":5,"gold_gain":0,"player_choice":"Offered Common","damage_taken":0,"max_hp_gain":0,"max_hp_loss":0,"event_name":"Bonfire Elementals","floor":7,"gold_loss":0},{"cards_removed":["survmod:GoForFace"],"damage_healed":5,"gold_gain":0,"player_choice":"Offered Special","damage_taken":0,"max_hp_gain":0,"max_hp_loss":0,"event_name":"Bonfire Elementals","floor":7,"gold_loss":0}],"is_beta":false,"boss_relics":[],"items_purged_floors":[],"is_endless":false,"potions_floor_spawned":[2,4,6],"killed_by":"Gremlin Nob","ascension_level":0}}