{"host":"s5d39dhq0ddhxhke","time":1612394928,"event":{"mods":["AchievementEnabler","BaseMod","Colored Map","Minty Spire (QoL Compilation)","Smile Girya","SuperFastMode"],"gold_per_floor":[111,121,121,137,152,186,14,14,14],"floor_reached":8,"language":"ENG","playtime":344,"items_purged":[],"score":110,"play_id":"6a764ad1-0d44-49cc-8cde-f09efc514ee2","local_time":"20210204012848","is_ascension_mode":true,"campfire_choices":[],"circlet_count":0,"master_deck":["AscendersBane","Strike_R","Strike_R","Strike_R","Strike_R","Strike_R","Defend_R+1","Defend_R+1","Defend_R","Defend_R","Bash","CurseOfTheBell","Seeing Red+1","Exhume+1","Shrug It Off+1","Flame Barrier+1","Disarm+1","Juggernaut","Entrench+1","Impervious+1"],"relics":["Calling Bell","FossilizedHelix","Toxic Egg 2","War Paint","Golden Idol","Smiling Mask","Orrery"],"acts_visited":["Exordium"],"potions_floor_usage":[8],"damage_taken":[{"damage":0.0,"enemies":"Cultist","floor":1.0,"turns":4.0},{"damage":0.0,"enemies":"2 Louse","floor":2.0,"turns":3.0},{"damage":0.0,"enemies":"Jaw Worm","floor":4.0,"turns":3.0},{"damage":14.0,"enemies":"3 Louse","floor":5.0,"turns":6.0},{"damage":24.0,"enemies":"3 Sentries","floor":6.0,"turns":7.0},{"damage":31,"enemies":"Gremlin Nob","floor":8,"turns":5}],"seed_played":"-1990652934087527755","potions_obtained":[{"floor":1.0,"key":"PowerPotion"},{"floor":5.0,"key":"Energy Potion"}],"is_trial":false,"path_per_floor":["M","M","?","M","M","E","$","E"],"character_chosen":"IRONCLAD","items_purchased":["Orrery"],"campfire_rested":0,"item_purchase_floors":[7],"current_hp_per_floor":[68,68,68,68,54,30,30,0,0],"gold":14,"neow_bonus":"BOSS_RELIC","is_daily":false,"chose_seed":false,"campfire_upgraded":0,"win_rate":0.0,"timestamp":1612394928,"path_taken":["M","M","?","M","M","E","$","E"],"items_purchased_type":["Relic"],"build_version":"2020-12-22","purchased_purges":0,"victory":false,"max_hp_per_floor":[75,75,68,68,68,68,68,68,68],"card_choices":[{"not_picked":["Cleave","Burning Pact+1"],"picked":"Seeing Red+1","floor":1.0},{"not_picked":["Sword Boomerang","Thunderclap","Wild Strike"],"picked":"SKIP","floor":2.0},{"not_picked":["Iron Wave","Combust"],"picked":"Exhume+1","floor":4.0},{"not_picked":["Second Wind+1","Twin Strike"],"picked":"Shrug It Off+1","floor":5.0},{"not_picked":["Power Through+1","Armaments+1"],"picked":"Flame Barrier+1","floor":6.0},{"not_picked":["Sword Boomerang","Thunderclap"],"picked":"Disarm+1","floor":7.0},{"not_picked":["Flame Barrier+1","Fire Breathing"],"picked":"Juggernaut","floor":7.0},{"not_picked":["Searing Blow","Flex+1"],"picked":"Entrench+1","floor":7.0},{"not_picked":["Pommel Strike","Rupture"],"picked":"Impervious+1","floor":7.0}],"player_experience":475384,"relics_obtained":[{"floor":0.0,"key":"FossilizedHelix"},{"floor":0.0,"key":"Toxic Egg 2"},{"floor":0.0,"key":"War Paint"},{"floor":6.0,"key":"Smiling Mask"}],"event_choices":[{"damage_healed":0.0,"max_hp_gain":0.0,"max_hp_loss":7.0,"gold_gain":0.0,"event_name":"Golden Idol","player_choice":"Lose Max HP","floor":3.0,"gold_loss":0.0,"damage_taken":0.0,"relics_obtained":["Golden Idol"]}],"is_beta":false,"boss_relics":[],"items_purged_floors":[],"is_endless":false,"potions_floor_spawned":[1,5],"killed_by":"Gremlin Nob","ascension_level":18}}