{"host":"szp1d6dso4pv7ddl","time":1612322612,"event":{"mods":["AchievementEnabler","Alarm Clock","BaseMod","Bestiary","Block Reminder","Colored Map","Colored Powertips","Curses Come First","Dark Map","Displayed Cursed Tome","Highlight Path","Minty Spire (QoL Compilation)","Permanent Neow","Quick Restart","Relic Sorter","Relic Stats","StSLib","Synergy Search"],"gold_per_floor":[110,59,6,18,29,29,54,64,64,64,64,64,64,82,82,161,161,174,186,186,87,110,110,110,110,160,176,188,5,22,38,38,38,38],"floor_reached":33,"language":"ENG","playtime":1843,"items_purged":["Strike_B","Strike_B"],"score":445,"play_id":"3bfa2fc8-e737-4f64-8603-235bf69c90d4","local_time":"20210202192332","is_ascension_mode":true,"campfire_choices":[{"data":"Zap","floor":6.0,"key":"SMITH"},{"floor":13.0,"key":"REST"},{"data":"Dualcast","floor":15.0,"key":"SMITH"},{"floor":23,"key":"REST"},{"data":"Buffer","floor":25,"key":"SMITH"},{"floor":32,"key":"REST"}],"circlet_count":0,"master_deck":["AscendersBane","Strike_B","Defend_B","Defend_B","Defend_B","Defend_B","Zap+1","Dualcast+1","BootSequence","Beam Cell","Ball Lightning","Gash","Go for the Eyes","Buffer+1","Amplify","Beam Cell","Gash","Echo Form","Scrape"],"relics":["Runic Pyramid","Regal Pillow","Orichalcum","White Beast Statue","SlaversCollar","Lantern","Ancient Tea Set"],"acts_visited":["Exordium","TheCity"],"potions_floor_usage":[27,27,30,31,31],"damage_taken":[{"damage":0.0,"enemies":"Cultist","floor":1.0,"turns":4.0},{"damage":0.0,"enemies":"Jaw Worm","floor":4.0,"turns":3.0},{"damage":2.0,"enemies":"Small Slimes","floor":5.0,"turns":3.0},{"damage":20.0,"enemies":"Lagavulin","floor":7.0,"turns":6.0},{"damage":0.0,"enemies":"2 Fungi Beasts","floor":8.0,"turns":3.0},{"damage":1.0,"enemies":"Exordium Thugs","floor":14.0,"turns":3.0},{"damage":20.0,"enemies":"Slime Boss","floor":16.0,"turns":10.0},{"damage":18.0,"enemies":"Shell Parasite","floor":18.0,"turns":7.0},{"damage":20,"enemies":"3 Byrds","floor":19,"turns":7},{"damage":39,"enemies":"Snecko","floor":27,"turns":10},{"damage":13,"enemies":"Chosen and Byrds","floor":28,"turns":8},{"damage":5,"enemies":"Centurion and Healer","floor":30,"turns":8},{"damage":17,"enemies":"Snake Plant","floor":31,"turns":5},{"damage":50,"enemies":"Automaton","floor":33,"turns":6}],"seed_played":"-2737844697875935011","potions_obtained":[{"floor":7.0,"key":"Explosive Potion"},{"floor":8.0,"key":"Energy Potion"},{"floor":14.0,"key":"PotionOfCapacity"},{"floor":16.0,"key":"EssenceOfSteel"},{"floor":18.0,"key":"Regen Potion"},{"floor":27,"key":"Strength Potion"},{"floor":28,"key":"Block Potion"},{"floor":30,"key":"Dexterity Potion"},{"floor":31,"key":"Ancient Potion"}],"is_trial":false,"path_per_floor":["M","$","$","M","M","R","E","M","T","?","?","?","R","M","R","B",null,"M","M","?","$","T","R","?","R","T","M","M","$","M","M","R","B"],"character_chosen":"DEFECT","items_purchased":["Beam Cell","Ball Lightning","Gash","Scrape"],"campfire_rested":3,"item_purchase_floors":[2,3,21,29],"current_hp_per_floor":[64,64,64,64,62,62,42,42,42,47,47,42,76,75,75,55,71,53,33,33,33,33,70,70,70,70,46,33,33,28,11,48,0,0],"gold":38,"neow_bonus":"BOSS_RELIC","is_daily":false,"chose_seed":false,"campfire_upgraded":3,"win_rate":0.0,"timestamp":1612322612,"path_taken":["M","?","$","?","M","R","E","M","T","?","?","?","R","M","R","BOSS","M","M","?","?","?","R","?","R","T","M","?","$","M","M","R","BOSS"],"items_purchased_type":["Card","Card","Card","Card"],"build_version":"2020-12-22","purchased_purges":2,"victory":false,"max_hp_per_floor":[71,71,71,71,71,71,71,71,71,76,76,76,76,76,76,76,76,76,76,76,76,76,76,76,76,76,76,76,76,76,76,76,76,76],"relic_stats":{"Regal Pillow":42,"counters":[14,83],"Orichalcum":[162],"obtain_stats":[{"SlaversCollar":17,"Regal Pillow":7,"Lantern":22,"Orichalcum":9,"Cracked Core":0,"Ancient Tea Set":26,"White Beast Statue":12,"Runic Pyramid":0},{"SlaversCollar":7,"Regal Pillow":4,"Lantern":9,"Orichalcum":5,"Cracked Core":0,"Ancient Tea Set":9,"White Beast Statue":5,"Runic Pyramid":0},{"SlaversCollar":32,"Regal Pillow":16,"Lantern":46,"Orichalcum":19,"Cracked Core":0,"Ancient Tea Set":46,"White Beast Statue":19,"Runic Pyramid":0}]},"card_choices":[{"not_picked":["Rebound","Steam Power"],"picked":"BootSequence","floor":1.0},{"not_picked":["Cold Snap","Hologram","Barrage"],"picked":"SKIP","floor":4.0},{"not_picked":["Hello World","Reinforced Body"],"picked":"Gash","floor":5.0},{"not_picked":["BootSequence","Turbo"],"picked":"Go for the Eyes","floor":7.0},{"not_picked":["Doom and Gloom","BootSequence","Darkness"],"picked":"SKIP","floor":8.0},{"not_picked":["Leap","Rebound"],"picked":"Buffer","floor":14.0},{"not_picked":["Meteor Strike","Hyperbeam"],"picked":"Amplify","floor":16.0},{"not_picked":["Steam","Redo","Coolheaded"],"picked":"SKIP","floor":18.0},{"not_picked":["Rebound+1","Chill+1"],"picked":"Beam Cell","floor":19},{"not_picked":["Capacitor","Go for the Eyes","Coolheaded"],"picked":"SKIP","floor":27},{"not_picked":["Stack+1","Redo"],"picked":"Echo Form","floor":28},{"not_picked":["Steam","Streamline","Rebound"],"picked":"SKIP","floor":30},{"not_picked":["Hologram","Coolheaded","Heatsinks+1"],"picked":"SKIP","floor":31}],"player_experience":1355154,"relics_obtained":[{"floor":7.0,"key":"Regal Pillow"},{"floor":9.0,"key":"Orichalcum"},{"floor":22,"key":"Lantern"},{"floor":26,"key":"Ancient Tea Set"}],"event_choices":[{"damage_healed":0.0,"max_hp_gain":5.0,"max_hp_loss":0.0,"gold_gain":0.0,"event_name":"Big Fish","player_choice":"Donut","floor":10.0,"gold_loss":0.0,"damage_taken":0.0},{"cards_removed":["Strike_B"],"damage_healed":0.0,"max_hp_gain":0.0,"max_hp_loss":0.0,"gold_gain":0.0,"event_name":"Living Wall","player_choice":"Forget","floor":11.0,"gold_loss":0.0,"damage_taken":0.0},{"damage_healed":0.0,"max_hp_gain":0.0,"max_hp_loss":0.0,"gold_gain":0.0,"event_name":"Scrap Ooze","player_choice":"Success","floor":12.0,"gold_loss":0.0,"damage_taken":5.0,"relics_obtained":["White Beast Statue"]},{"damage_healed":0,"gold_gain":0,"player_choice":"0 cards matched","damage_taken":0,"max_hp_gain":0,"max_hp_loss":0,"event_name":"Match and Keep!","floor":20,"gold_loss":0,"cards_obtained":[]},{"damage_healed":0,"gold_gain":0,"player_choice":"Ignored","damage_taken":0,"max_hp_gain":0,"max_hp_loss":0,"event_name":"Ghosts","floor":24,"gold_loss":0}],"is_beta":false,"boss_relics":[{"not_picked":["Coffee Dripper","Velvet Choker"],"picked":"SlaversCollar"}],"items_purged_floors":[21,29],"is_endless":false,"potions_floor_spawned":[7,8,14,16,18,19,27,28,30,31],"killed_by":"Automaton","ascension_level":16}}