{"host":"hcgx0xuxlgmwc1io","time":1612312512,"event":{"mods":["AchievementEnabler","BaseMod","Downfall","Hermit","Jorbs\u0027s Wanderer Trilogy","Minty Spire (QoL Compilation)","Replay The Spire","StSLib","The Hierophant","The Servant 0.9.4"],"gold_per_floor":[111,122,134,150,200,255,287,474,509,521,551,563,575,603,615,738,750,782,835,876,212,212,212,112,137,137,169,183,210,210,210,210,321,321,345,118,148,46,88,134,134,134,134,134,162,162,194,221,221,227,227,227,101,149,153,153],"floor_reached":55,"language":"ENG","playtime":4396,"items_purged":["ReplayTheSpireMod:Restless Dread","Hallucinations","Overencumbered"],"score":1055,"play_id":"fd5b8330-e1ee-4f15-a457-65824821e7fa","local_time":"20210202213512","is_ascension_mode":false,"campfire_choices":[{"floor":12,"key":"REST"},{"floor":23,"key":"REST"},{"floor":30,"key":"RECALL"},{"floor":41,"key":"REST"},{"data":"hermit:Reprieve","floor":46,"key":"SMITH"},{"data":"hermit:Combo","floor":49,"key":"SMITH"},{"data":"hermit:Determination","floor":52,"key":"SMITH"}],"circlet_count":0,"master_deck":["hermit:Strike_Hermit","hermit:Strike_Hermit","hermit:Strike_Hermit","hermit:Defend_Hermit","hermit:Defend_Hermit","hermit:Defend_Hermit","hermit:Defend_Hermit","hermit:Snapshot","hermit:Covet","hermit:Headshot","hermit:Virtue","hermit:GhostlyPresence","hermit:TakeAim","hermit:Roughhouse","hermit:Combo+1","Doubt","hermit:Ricochet","hermit:Reprieve+1","Clumsy","hermit:FinalCanter","hermit:Grudge+1","Injury","hermit:Brawl+1","hermit:Determination+1","Pot Of Greed","Pot Of Greed","hermit:EyeOfTheStorm","hermit:TakeCover","Panache","hermit:BigShot","hermit:GoldenBullet+1","hermit:Feint","Replay:Sssssssssstrike","hermit:Vantage+1","hermit:TakeAim+1","hermit:Ricochet+1","Pot Of Greed","hermit:Headshot","hermit:Adapt","Shame","hermit:FlashPowder+1","hermit:HighCaliber+1","Parasite","hermit:Desperado+1","hermit:ImpendingDoom","hermit:Determination","hermit:EyeOfTheStorm"],"relics":["hermit:Momento","Ring of Greed","MawBank","Replay:Bandana","Lizard Tail","Replay:Mystery Machine","Painkiller Herb","BargainBundle","InkBottle","Grinning Jar","SacredBark","Strawberry","Replay:Ringing Soul","ReplayTheSpireMod:Lightbulb"],"acts_visited":["Exordium","TheCity","TheBeyond","TheEnding"],"potions_floor_usage":[16,16,16,20,20,21,33,33,33,40,47,50,50,55,55],"damage_taken":[{"damage":1,"enemies":"Cultist","floor":1,"turns":3},{"damage":1,"enemies":"Jaw Worm","floor":2,"turns":2},{"damage":0,"enemies":"Small Slimes","floor":3,"turns":3},{"damage":4,"enemies":"2 Fungi Beasts","floor":4,"turns":3},{"damage":31,"enemies":"Lagavulin","floor":6,"turns":9},{"damage":6,"enemies":"3 Louse","floor":7,"turns":3},{"damage":26,"enemies":"Exordium Wildlife","floor":11,"turns":4},{"damage":18,"enemies":"Exordium Thugs","floor":14,"turns":5},{"damage":13,"enemies":"Slime Boss","floor":16,"turns":10},{"damage":20,"enemies":"Spheric Guardian","floor":18,"turns":4},{"damage":34,"enemies":"2 Thieves","floor":19,"turns":4},{"damage":20,"enemies":"Centurion and Healer","floor":20,"turns":5},{"damage":30,"enemies":"Shelled Parasite and Fungi","floor":25,"turns":5},{"damage":0,"enemies":"3 Cultists","floor":27,"turns":4},{"damage":15,"enemies":"Snake Plant","floor":28,"turns":4},{"damage":11,"enemies":"Sentry and Sphere","floor":29,"turns":5},{"damage":29,"enemies":"Pondfish","floor":33,"turns":9},{"damage":10,"enemies":"Orb Walker","floor":35,"turns":4},{"damage":23,"enemies":"3 Shapes","floor":37,"turns":11},{"damage":10,"enemies":"Writhing Mass","floor":39,"turns":4},{"damage":43,"enemies":"Nemesis","floor":40,"turns":5},{"damage":10,"enemies":"Sphere and 2 Shapes","floor":45,"turns":3},{"damage":12,"enemies":"3 Darklings","floor":47,"turns":3},{"damage":20,"enemies":"4 Shapes","floor":48,"turns":4},{"damage":22,"enemies":"Time Eater","floor":50,"turns":10},{"damage":100,"enemies":"Shield and Spear","floor":54,"turns":6},{"damage":114,"enemies":"The Heart","floor":55,"turns":8}],"seed_played":"-2319402041764415189","potions_obtained":[{"floor":2,"key":"PowerPotion"},{"floor":4,"key":"Milkshake"},{"floor":6,"key":"BlessingOfTheForge"},{"floor":11,"key":"DistilledChaos"},{"floor":16,"key":"EntropicBrew"},{"floor":20,"key":"Reflective Coating"},{"floor":35,"key":"SpeedPotion"},{"floor":40,"key":"LifebloodPotion"},{"floor":47,"key":"hermit:Tonic"}],"is_trial":false,"path_per_floor":["M","M","M","M","?","E","M","?","T","?","M","R","?","M","R","B",null,"?","?","?","T","?","T","T","?","T","?","?","?","T","?","T","B",null,"?","T","?","T","?","E","T","T","T","?","?","T","?","?","T","B",null,"T","T","E","B"],"character_chosen":"HERMIT","items_purchased":["BargainBundle","Fruit Juice","InkBottle","Grinning Jar","hermit:EyeOfTheStorm","hermit:TakeCover","Panache","hermit:BigShot","LiquidBronze","hermit:GoldenBullet","Fruit Juice","SneckoOil","bronze:BurnAndBuffPotion","Dexterity Potion"],"campfire_rested":3,"item_purchase_floors":[21,21,21,21,21,21,21,21,21,21,36,38,53,53],"current_hp_per_floor":[81,80,80,76,76,45,39,39,39,39,13,37,30,12,12,7,82,62,36,28,33,33,59,59,37,37,41,34,39,39,39,65,44,87,81,81,70,70,77,61,92,92,92,92,85,85,92,88,88,70,110,110,110,32,0,0],"gold":153,"neow_bonus":"TEN_PERCENT_HP_BONUS","is_daily":false,"chose_seed":false,"campfire_upgraded":3,"win_rate":0.0,"timestamp":1612312512,"path_taken":["M","M","?","M","?","E","M","?","T","?","M","R","?","M","R","BOSS","?","?","?","T","?","T","T","?","T","?","?","?","T","?","T","BOSS","?","T","?","T","?","E","T","T","T","?","?","T","?","?","T","BOSS","T","T","E","BOSS"],"items_purchased_type":["Relic","Potion","Relic","Relic","Card","Card","Card","Card","Potion","Card","Potion","Potion","Potion","Potion"],"build_version":"2020-12-22","purchased_purges":3,"victory":false,"max_hp_per_floor":[82,82,82,82,82,82,82,82,82,82,82,82,82,82,82,82,82,82,82,82,87,87,87,87,87,87,87,87,87,87,87,87,87,87,87,87,87,87,87,104,104,104,104,104,107,107,110,110,110,110,110,110,110,113,113,113],"card_choices":[{"not_picked":["hermit:LowProfile","hermit:CalledShot"],"picked":"hermit:Headshot","floor":1},{"not_picked":["hermit:CalledShot","hermit:HoleUp"],"picked":"hermit:Virtue","floor":2},{"not_picked":["hermit:ShadowCloak","hermit:Vantage"],"picked":"hermit:GhostlyPresence","floor":3},{"not_picked":["hermit:Coalescence","hermit:DeadMansHand"],"picked":"hermit:TakeAim","floor":4},{"not_picked":["hermit:Scavenge","hermit:Roulette"],"picked":"hermit:Roughhouse","floor":6},{"not_picked":["hermit:Misfire","hermit:LowProfile"],"picked":"hermit:Combo","floor":7},{"not_picked":["hermit:HighCaliber","hermit:SprayPray"],"picked":"hermit:PistolWhip","floor":11},{"not_picked":["hermit:PistolWhip","hermit:SprayPray"],"picked":"hermit:Ricochet","floor":14},{"not_picked":["hermit:RoundhouseKick","hermit:Purgatory"],"picked":"hermit:FinalCanter","floor":16},{"not_picked":["hermit:Gestalt","hermit:Scavenge"],"picked":"hermit:Grudge+1","floor":18},{"not_picked":["hermit:ShadowCloak+1","hermit:Snipe"],"picked":"hermit:Brawl+1","floor":19},{"not_picked":["hermit:DeadMansHand","hermit:WideOpen+1"],"picked":"hermit:Determination","floor":20},{"not_picked":["hermit:Snipe","hermit:CalledShot"],"picked":"hermit:Vantage+1","floor":25},{"not_picked":["hermit:WideOpen","hermit:Misfire"],"picked":"hermit:TakeAim+1","floor":27},{"not_picked":["hermit:Dive","hermit:HoleUp"],"picked":"hermit:Ricochet+1","floor":28},{"not_picked":["hermit:Spite","hermit:FinalCanter"],"picked":"hermit:Headshot","floor":29},{"not_picked":["hermit:Magnum","hermit:RoundhouseKick"],"picked":"hermit:Adapt","floor":33},{"not_picked":["hermit:LowProfile","hermit:Desperado+1"],"picked":"hermit:FlashPowder+1","floor":35},{"not_picked":["hermit:LowProfile+1","hermit:DeadMansHand+1"],"picked":"hermit:HighCaliber+1","floor":37},{"not_picked":["hermit:Horror","hermit:Quickdraw","hermit:TrackingShot+1"],"picked":"SKIP","floor":39},{"not_picked":["hermit:GoldenBullet","hermit:Snipe+1"],"picked":"hermit:Desperado+1","floor":40},{"not_picked":["hermit:BodyArmor","hermit:GhostlyPresence","hermit:Ricochet+1"],"picked":"SKIP","floor":45},{"not_picked":["hermit:Roulette+1","hermit:Glare+1"],"picked":"hermit:Determination","floor":47},{"not_picked":["hermit:Roulette+1","hermit:Virtue","hermit:Shortfuse+1"],"picked":"SKIP","floor":48},{"not_picked":["hermit:Quickdraw","hermit:BlackWind"],"picked":"hermit:EyeOfTheStorm","floor":54}],"player_experience":67339,"relics_obtained":[{"floor":5,"key":"Ring of Greed"},{"floor":5,"key":"MawBank"},{"floor":5,"key":"Replay:Bandana"},{"floor":6,"key":"Lizard Tail"},{"floor":9,"key":"Replay:Mystery Machine"},{"floor":40,"key":"Strawberry"},{"floor":43,"key":"Replay:Ringing Soul"},{"floor":54,"key":"ReplayTheSpireMod:Lightbulb"}],"event_choices":[{"damage_healed":0,"gold_gain":175,"player_choice":"AGREE","damage_taken":0,"max_hp_gain":0,"max_hp_loss":0,"event_name":"Liars Game","floor":8,"gold_loss":0,"cards_obtained":["Doubt"]},{"cards_removed":["downfall:Bewildered"],"damage_healed":0,"gold_gain":0,"player_choice":"Forget","damage_taken":0,"max_hp_gain":0,"max_hp_loss":0,"event_name":"Living Wall","floor":10,"gold_loss":0},{"cards_removed":["Languid"],"damage_healed":0,"gold_gain":0,"player_choice":"Card Removal","damage_taken":7,"max_hp_gain":0,"max_hp_loss":0,"event_name":"Golden Wing","floor":13,"gold_loss":0},{"damage_healed":0,"gold_gain":0,"cards_transformed":["hermit:PistolWhip","Pot Of Greed"],"player_choice":"Became Test Subject","damage_taken":0,"max_hp_gain":0,"max_hp_loss":0,"event_name":"Drug Dealer","floor":22,"gold_loss":0,"cards_obtained":["hermit:Feint","Replay:Sssssssssstrike"]},{"damage_healed":0,"gold_gain":0,"player_choice":"Ignored","damage_taken":0,"max_hp_gain":0,"max_hp_loss":0,"event_name":"NoteForYourself","floor":31,"gold_loss":0},{"damage_healed":0,"gold_gain":0,"player_choice":"Ignored","damage_taken":0,"max_hp_gain":0,"max_hp_loss":0,"event_name":"SecretPortal","floor":44,"gold_loss":0}],"is_beta":false,"boss_relics":[{"not_picked":["Tiny House","Busted Crown"],"picked":"Painkiller Herb"},{"not_picked":["Honey Jar","Runic Pyramid"],"picked":"SacredBark"}],"items_purged_floors":[21,24,36],"is_endless":false,"potions_floor_spawned":[2,4,6,11,16,20,27,29,35,40,45,47,54],"killed_by":"The Heart","ascension_level":0}}