{"host":"hzswyuuwdl03wwzr","time":1612334086,"event":{"mods":["100% Spire Juice","ATMod(∞¢Ë™Mod)","AchievementEnabler","Act Like it!","BaseMod","Gensokyo","Hallownest","HololiveMod","Marisa£®ÏF”Í°°ƒß¿Ì…≥£©","Minty Spire (QoL Compilation)","Prisma Mod","Quick Restart","Reliquary","Remilia_Scarlet Moed£®¿Ÿ√◊¿Ú—«°§Àπø®¿◊Ãÿ£©3.3.5","Replay The Spire","StSLib","The Bug Knight","The Cursed","The Senshi","The Servant 0.9.4","Yakumo Yukari mod","Youmu£®ªÍ∆«—˝√Œ£©","Yuyuko","°æπ¶ƒ‹Mod°øªÏ„Á÷Æª∑–ﬁ∏¥≤π∂°","°æ“≈ŒÔø®≈∆°øREMEMod"],"gold_per_floor":[114,134,309,309,323,323,323,323,368,381,381,381,381],"floor_reached":12,"language":"ZHS","playtime":607,"items_purged":[],"score":68,"play_id":"0f282373-da74-4d56-ba29-fefe3433db16","local_time":"20210203143446","is_ascension_mode":false,"campfire_choices":[{"data":"theSenshi:TallSilhouette","floor":6,"key":"SMITH"},{"data":"theSenshi:MoonTiaraMagic","floor":8,"key":"SMITH"},{"data":"theSenshi:MoonPrismPowerMakeUp","floor":11,"key":"SMITH"}],"circlet_count":0,"master_deck":["theSenshi:SailorKick+1","theSenshi:SailorKick","theSenshi:SailorKick","theSenshi:SailorKick","theSenshi:SailorBlock","theSenshi:SailorBlock","theSenshi:SailorBlock","theSenshi:SailorBlock","theSenshi:RoseThrow","theSenshi:MoonPrismPowerMakeUp+1","theSenshi:MoonTiaraMagic+1","Doubt","RemiliaMod:CYMZW","theSenshi:TallSilhouette+1"],"relics":["theSenshi:TransformationBroochRelic","AT_ATBox","REME_ComplimentaryCards","theSenshi:HolyGrailRelic"],"acts_visited":["Exordium"],"potions_floor_usage":[],"damage_taken":[{"damage":4,"enemies":"2 Louse","floor":1,"turns":3},{"damage":5,"enemies":"Jaw Worm","floor":2,"turns":3},{"damage":9,"enemies":"Cultist","floor":5,"turns":4},{"damage":1,"enemies":"Red Slaver","floor":10,"turns":4},{"damage":42,"enemies":"Gremlin Nob","floor":12,"turns":6}],"seed_played":"-4998910500499592628","potions_obtained":[{"floor":5,"key":"Strength Potion"},{"floor":10,"key":"Swift Potion"}],"is_trial":false,"path_per_floor":["M","M","?","?","M","R","T","R","T","M","R","E"],"character_chosen":"THE_SENSHI","items_purchased":[],"campfire_rested":0,"item_purchase_floors":[],"current_hp_per_floor":[71,66,66,71,62,62,62,62,62,61,61,19,19],"gold":381,"neow_bonus":"RANDOM_EVENT","is_daily":false,"chose_seed":false,"campfire_upgraded":3,"win_rate":0.0,"timestamp":1612334086,"path_taken":["M","M","?","?","M","R","?","R","T","?","R","E"],"items_purchased_type":[],"build_version":"2020-12-22","purchased_purges":0,"victory":false,"max_hp_per_floor":[75,75,75,80,80,80,80,80,80,80,80,80,80],"card_choices":[{"not_picked":["theSenshi:MoonCrystalPowerMakeUp","theSenshi:EncouragingSpeech"],"picked":"theSenshi:MoonTiaraMagic","floor":1},{"not_picked":["theSenshi:MoonsReflection","theSenshi:Sidestep","theSenshi:SailorMarsAssists"],"picked":"SKIP","floor":2},{"not_picked":["theSenshi:OdangoHead","theSenshi:LunasBite"],"picked":"theSenshi:TallSilhouette","floor":5},{"not_picked":["theSenshi:GatheringStrength","theSenshi:MoonPrincessHalation","theSenshi:SchoolBag"],"picked":"SKIP","floor":10}],"player_experience":57535,"relics_obtained":[{"floor":7,"key":"theSenshi:HolyGrailRelic"}],"event_choices":[{"damage_healed":0,"gold_gain":175,"player_choice":"AGREE","damage_taken":0,"max_hp_gain":0,"max_hp_loss":0,"event_name":"Liars Game","floor":3,"gold_loss":0,"cards_obtained":["Doubt"]},{"damage_healed":0,"gold_gain":0,"player_choice":"CYMZW","damage_taken":0,"max_hp_gain":5,"max_hp_loss":0,"event_name":"Remilia_CDSJ09","floor":4,"gold_loss":0}],"is_beta":false,"boss_relics":[],"items_purged_floors":[],"is_endless":false,"potions_floor_spawned":[5,10],"killed_by":"Gremlin Nob","ascension_level":0}}