{"host":"mq7pyadb5kndcn8l","time":1612346449,"event":{"mods":["AchievementEnabler","Arknights","Aspiration","BaseMod","Better Altar","Better Match","Better Note","Better Sensory Stone","Better Skull","Better Third Choice","BetterRewards","Block Reminder","CCEM2","Challenge The Spire","ChefMod","Colored Map","Colored Powertips","Conspire","Displayed Cursed Tome","Dota2Spire","Energized Spire","GifTheSpireLib","Highlight Path","Hubris","Infinite Spire","Mad Scientist","Marked Mod","Mimic Mod","Minty Spire (QoL Compilation)","Permanent Neow","QueenMod","Quick Restart","Random Character Button","Rare Cards Sparkle","Relic Filter","Relic Sorter","Reliquary","Replay The Spire","Reworked Bosses","Shade Mod","Shop Mod","Spicy Shops","Spikes Relics","Spire Arcade","StSLib","Stuff the Spire","SuperFastMode","The Blue Laboratory","Thieving Mod","Trackpad","Transform Curses","Wandering Minibosses"],"gold_per_floor":[148,159,159,159,173,238,238,252,313,368,368,368,368,368,368,439,439,480,480,517,20,30,30,94,123,123,179,229,229,270,270,270,378,378,397,397,397,446,459,459,532,543,566,566,608,639,682,682,682,682,712,712,712,19,46,46],"floor_reached":57,"language":"ENG","playtime":4952,"items_purged":["Shade:CarefulCut","Shade:Strike_Shade","Shade:Strike_Shade","StuffTheSpire:CuriosityCurse","Shade:Strike_Shade","Shade:Strike_Shade","Shade:Defend_Shade","Shade:Defend_Shade"],"score":3385,"play_id":"98d673e7-382d-49ef-b816-11e82052c349","local_time":"20210203050049","is_ascension_mode":true,"campfire_choices":[{"data":"Mayhem","floor":7.0,"key":"SMITH"},{"data":"ReplayTheSpireMod:Chaos Vortex","floor":13.0,"key":"SMITH"},{"data":"Panache","floor":15.0,"key":"SMITH"},{"floor":23.0,"key":"RECALL"},{"data":"Shade:LichForm","floor":29.0,"key":"SMITH"},{"data":"infinitespire:Collect","floor":32.0,"key":"SMITH"},{"data":"Shade:OpenGraves","floor":40.0,"key":"SMITH"},{"data":"Shade:GraveStillness","floor":49,"key":"SMITH"},{"data":"Shade:Brains","floor":53,"key":"SMITH"}],"circlet_count":0,"master_deck":["AscendersBane","Shade:Defend_Shade","Shade:Defend_Shade","Shade:AnimateDead+1","Mayhem+1","Bandage Up+1","Panache+1","Shade:OpenGraves+1","infinitespire:Collect+1","Shade:Brains+1","ReplayTheSpireMod:Chaos Vortex+1","Shade:OpenGraves+1","Shade:Trample+1","Shade:FreshBones+1","Shade:LichForm+1","Shade:GraveStillness+1","hubris:InfiniteBlow+56","Shade:CloudOfShrapnel"],"relics":["aspiration:AnachronicSnailShell","Dota2Spire:UrnOfShadows","Dota2Spire:RefresherOrb","Dota2Spire:BladeMail","Dota2Spire:LotusOrb","Replay:Accelerometer","trackpad:SappingStone","m_ChemicalBlood","MerchantsRug","CCEMRelics:FakeTeeth","Happy Flower","reliquary:PrincelyHelmet","trackpad:BiPhaseBiplane","reliquary:BrokenClock","CCEMRelics:SoftDrink","Mirror","energizedSpire:MagnifyingGlass","Replay:Grab Bag","CosmicIsotope","CCEMRelics:ExpiredCReal","Ring of Chaos","wanderingMiniBosses:ThiefScarf","Shade:YorickSkull","Garlic","trackpad:WritersBlock","Red Mask","trackpad:AdjectivePendant","MiniBlackHole","CCEMRelics:FryingPan","trackpad:Compendium","Replay:Baseball","StuffTheSpire:Experiment12","TheAbacus"],"acts_visited":["Exordium","TheCity","TheBeyond","TheEnding"],"potions_floor_usage":[],"damage_taken":[{"damage":0.0,"enemies":"Jaw Worm","floor":1.0,"turns":4.0},{"damage":0.0,"enemies":"Cultist","floor":2.0,"turns":4.0},{"damage":0.0,"enemies":"Small Slimes","floor":5.0,"turns":6.0},{"damage":50.0,"enemies":"Nightmare","floor":6.0,"turns":14.0},{"damage":0.0,"enemies":"2 Fungi Beasts","floor":8.0,"turns":3.0},{"damage":0.0,"enemies":"3 Louse","floor":9.0,"turns":9.0},{"damage":0.0,"enemies":"Lagavulin","floor":10.0,"turns":6.0},{"damage":0.0,"enemies":"Fading Forest","floor":16.0,"turns":13.0},{"damage":0.0,"enemies":"Spheric Guardian","floor":18.0,"turns":5.0},{"damage":0.0,"enemies":"2 Thieves","floor":20.0,"turns":7.0},{"damage":0.0,"enemies":"Snake Plant","floor":22.0,"turns":3.0},{"damage":0.0,"enemies":"Book of Stabbing","floor":24.0,"turns":4.0},{"damage":0.0,"enemies":"Masked Bandits","floor":25.0,"turns":3.0},{"damage":0.0,"enemies":"Slavers","floor":27.0,"turns":5.0},{"damage":0.0,"enemies":"Centurion and Healer","floor":28.0,"turns":4.0},{"damage":0.0,"enemies":"Cultist and Chosen","floor":30.0,"turns":5.0},{"damage":0.0,"enemies":"bossMod:newChamp","floor":33.0,"turns":5.0},{"damage":0.0,"enemies":"Orb Walker","floor":35.0,"turns":3.0},{"damage":18.0,"enemies":"3 Darklings","floor":38.0,"turns":5.0},{"damage":0.0,"enemies":"4 Shapes","floor":39.0,"turns":1.0},{"damage":0.0,"enemies":"R_Hoarder","floor":41.0,"turns":6.0},{"damage":0.0,"enemies":"Sphere and 2 Shapes","floor":42.0,"turns":4.0},{"damage":0.0,"enemies":"Writhing Mass","floor":45.0,"turns":4.0},{"damage":0.0,"enemies":"Transient","floor":46.0,"turns":4.0},{"damage":0.0,"enemies":"Transient","floor":47.0,"turns":4.0},{"damage":0,"enemies":"bossMod:newShapes","floor":50,"turns":1},{"damage":0,"enemies":"bossMod:newShapes","floor":51,"turns":4},{"damage":0,"enemies":"Shield and Spear","floor":55,"turns":4},{"damage":2,"enemies":"The Heart","floor":56,"turns":8}],"seed_played":"-7976789284381860607","potions_obtained":[{"floor":5.0,"key":"Dota2Spire:HealingSalve"},{"floor":16.0,"key":"Weak Potion"},{"floor":18.0,"key":"blueLaboratory:PhilterOfMotion"},{"floor":24.0,"key":"blueLaboratory:FruitPunch"},{"floor":30.0,"key":"Fire Potion"}],"is_trial":false,"path_per_floor":["M","M","?","T","M","NM","R","M","MIM","E","?","AVR","R","?","R","B",null,"M","?","M","$","M","R","E","?","T","E","M","R","M","?","R","B",null,"M","?","AVR","M","M","R","E","M","T","?","M","MIM","M","$","R","B","B",null,"R","$","E","B",null],"character_chosen":"SHADE","items_purchased":["Mayhem","aspiration:AnachronicSnailShell","trackpad:SappingStone","aspiration:Nostalgia","MerchantsRug","Bandage Up","CCEMRelics:FakeTeeth","Happy Flower","reliquary:PrincelyHelmet","Panache","trackpad:BiPhaseBiplane","Lee\u0027s Waffle","Dota2Spire:HandOfMidas","reliquary:BrokenClock","CCEMRelics:SoftDrink","Guide Book","Shade:Trample","trackpad:Compendium","Replay:Baseball","StuffTheSpire:Experiment12","TheAbacus"],"campfire_rested":0,"item_purchase_floors":[0,0,0,0,0,0,0,0,0,0,0,0,0,0,0,21,21,54,54,54,54],"current_hp_per_floor":[62,62,62,62,62,43,43,51,62,62,62,62,62,62,62,62,62,62,62,62,62,62,62,62,64,64,64,64,64,64,64,64,64,64,64,64,64,46,46,46,58,64,64,48,60,64,64,64,64,64,64,64,64,64,64,64],"gold":46,"neow_bonus":"","is_daily":false,"chose_seed":false,"campfire_upgraded":8,"win_rate":0.0,"timestamp":1612346449,"path_taken":["M","M","?","?","M","E","R","?","MIM","E","?","AVR","R","?","R","BOSS","M","?","M","$","?","R","E","?","T","E","M","R","M","?","R","BOSS","M","?","AVR","M","?","R","E","M","T","?","M","?","?","$","R","BOSS","BOSS","R","$","E","BOSS"],"items_purchased_type":["Card","Relic","Relic","Relic","Relic","Card","Relic","Relic","Relic","Card","Relic","Relic","Relic","Relic","Relic","Relic","Card","Relic","Relic","Relic","Relic"],"build_version":"2020-12-22","purchased_purges":8,"victory":true,"max_hp_per_floor":[62,62,62,62,62,62,62,62,62,62,62,62,62,62,62,62,62,62,62,62,62,62,62,62,64,64,64,64,64,64,64,64,64,64,64,64,64,64,64,64,64,64,64,64,64,64,64,64,64,64,64,64,64,64,64,64],"card_choices":[{"not_picked":["Shade:Trample","Shade:DangerousRitual"],"picked":"Shade:OpenGraves","floor":1.0},{"not_picked":["Rupture","Shade:FleshToFlesh","Shade:FuneraryArmor"],"picked":"SKIP","floor":2.0},{"not_picked":["Shade:FleshToFlesh","Shade:GreyBargain","Shade:FuneraryArmor"],"picked":"SKIP","floor":5.0},{"not_picked":["infinitespire:DeathsTouch","infinitespire:TheBestDefense"],"picked":"infinitespire:Collect","floor":6.0},{"not_picked":["Shade:GreaterAnimation","Shade:AncientSpear"],"picked":"Shade:Brains","floor":6.0},{"not_picked":["Shade:Excise","Shade:CloudOfShrapnel","Shade:FleshToFlesh"],"picked":"SKIP","floor":8.0},{"not_picked":["Shade:ClawBack","Shade:AncientSpear","Shade:Doomsay"],"picked":"SKIP","floor":10.0},{"not_picked":["Shade:SoulToxin","Shade:BoneShards","Shade:FleshOffering"],"picked":"SKIP","floor":18.0},{"not_picked":["Shade:PressTheAttack","Shade:GreyBargain"],"picked":"Shade:OpenGraves","floor":20.0},{"not_picked":["Shade:Frenzy","Shade:Patience","Shade:ExtraLimbs"],"picked":"SKIP","floor":22.0},{"not_picked":["Shade:Frenzy","Shade:CommandSoldier"],"picked":"Shade:FreshBones","floor":24.0},{"not_picked":["Shade:Frenzy","Shade:BoneShards+1"],"picked":"Shade:LichForm","floor":27.0},{"not_picked":["Shade:AncientSpear","Shade:LastGasp"],"picked":"Shade:GraveStillness","floor":28.0},{"not_picked":["Shade:FleshToFlesh","Shade:Bonestorm+1","Shade:Awaken"],"picked":"SKIP","floor":30.0},{"not_picked":["Shade:PressTheAttack","Shade:FreshBones","Shade:Premonition"],"picked":"SKIP","floor":35.0},{"not_picked":["Shade:GraveStillness","Shade:WallOfFlesh","Shade:FuneraryArmor"],"picked":"SKIP","floor":38.0},{"not_picked":["Shade:PoundOfFlesh","Shade:Doomsay","Shade:FleshToFlesh"],"picked":"SKIP","floor":39.0},{"not_picked":["Shade:SpontaneousRitual","Shade:FuneraryArmor","Shade:BoneShards"],"picked":"SKIP","floor":41.0},{"not_picked":["Shade:FeralStrike","Shade:Patience+1","Shade:StitchTogether"],"picked":"SKIP","floor":42.0},{"not_picked":["infinitespire:Oblivion","infinitespire:NeuralNetwork"],"picked":"hubris:InfiniteBlow+28","floor":44.0},{"not_picked":["Shade:SanguineRitual","Shade:ScuttlingHand","Shade:FleshToFlesh+1"],"picked":"SKIP","floor":45.0},{"not_picked":["Shade:FleshToFlesh","Shade:FingerOfDeath","Shade:Patience"],"picked":"SKIP","floor":47.0},{"not_picked":["Shade:FuneraryArmor","Shade:CoffinDance"],"picked":"Shade:CloudOfShrapnel","floor":55}],"player_experience":718766,"relics_obtained":[{"floor":6.0,"key":"Dota2Spire:UrnOfShadows"},{"floor":9.0,"key":"Garlic"},{"floor":10.0,"key":"aspiration:Lifesprig"},{"floor":20.0,"key":"wanderingMiniBosses:ThiefScarf"},{"floor":20.0,"key":"Shade:YorickSkull"},{"floor":20.0,"key":"Garlic"},{"floor":24.0,"key":"trackpad:WritersBlock"},{"floor":25.0,"key":"Red Mask"},{"floor":26.0,"key":"Replay:Accelerometer"},{"floor":27.0,"key":"trackpad:AdjectivePendant"},{"floor":41.0,"key":"MiniBlackHole"},{"floor":43.0,"key":"Dota2Spire:LotusOrb"},{"floor":46.0,"key":"CCEMRelics:FryingPan"},{"floor":55,"key":"Dota2Spire:BladeMail"}],"event_choices":[{"damage_healed":0.0,"max_hp_gain":0.0,"max_hp_loss":0.0,"gold_gain":0.0,"event_name":"betterThird:BetterSerpent","player_choice":"Ignored","floor":14.0,"gold_loss":0.0,"damage_taken":368.0},{"damage_healed":0.0,"max_hp_gain":0.0,"max_hp_loss":0.0,"gold_gain":0.0,"event_name":"Masked Bandits","player_choice":"Fought Bandits","floor":25.0,"gold_loss":0.0,"damage_taken":0.0},{"damage_healed":0.0,"max_hp_gain":0.0,"max_hp_loss":0.0,"gold_gain":0.0,"event_name":"Upgrade Shrine","player_choice":"Upgraded","floor":31.0,"gold_loss":0.0,"damage_taken":0.0,"cards_upgraded":["Shade:FreshBones"]},{"damage_healed":0.0,"max_hp_gain":0.0,"max_hp_loss":0.0,"gold_gain":0.0,"event_name":"Upgrade Shrine","player_choice":"Upgraded","floor":36.0,"gold_loss":0.0,"damage_taken":0.0,"cards_upgraded":["Shade:Trample"]}],"is_beta":false,"boss_relics":[{"not_picked":["StuffTheSpire:RunicConfusion","reliquary:WritOfMandamus"],"picked":"Replay:Grab Bag"},{"not_picked":["energizedSpire:DeadBattery","reliquary:KinkedSpring"],"picked":"CosmicIsotope"},{"not_picked":["Busted Crown","reliquary:RedPaperclip"],"picked":"CCEMRelics:ExpiredCReal"},{"not_picked":["Runic Pyramid","StuffTheSpire:Kangaroo"],"picked":"Ring of Chaos"},{"not_picked":["hubris:GrandSneckoEye","energizedSpire:OgreHead"],"picked":"Dota2Spire:RefresherOrb"}],"items_purged_floors":[0,0,0,12,21,21,37,54],"is_endless":false,"potions_floor_spawned":[2,5,16,18,22,24,30,33,39,45,47,55],"ascension_level":20}}