{"host":"d61fcf2p3sjwe6yo","time":1612366108,"event":{"mods":["Act Like it!","BaseMod","Colored Map","Gensokyo","Marisa????????","Minty Spire (QoL Compilation)","StSLib","SuperFastMode"],"gold_per_floor":[114,114,125,125,75,75,108,108,132,132,144,154,154,154],"floor_reached":13,"language":"ENG","playtime":564,"items_purged":[],"score":87,"play_id":"6de43470-dd4d-4ccd-8c33-7148fb30040f","local_time":"20210203182828","is_ascension_mode":true,"campfire_choices":[{"data":"Gensokyo:BlessingOfConstitution","floor":6,"key":"SMITH"}],"circlet_count":0,"master_deck":["Strike_MRS","Strike_MRS","Strike_MRS","Strike_MRS","Defend_MRS","Defend_MRS","Defend_MRS","Defend_MRS","MasterSpark","Acceleration","Gensokyo:BlessingOfConstitution+1","Pain","EnergyRecoil","WitchOfGreed+1"],"relics":["MiniHakkero","Gensokyo:Mercy","Frozen Egg 2","Gensokyo:OccultBall","Juzu Bracelet","Gensokyo:LunaticRedEyes"],"acts_visited":["Gensokyo:Gensokyo"],"potions_floor_usage":[7],"damage_taken":[{"damage":4,"enemies":"Gensokyo:3_Fairies","floor":1,"turns":4},{"damage":3,"enemies":"Gensokyo:Gryphon","floor":3,"turns":5},{"damage":36,"enemies":"Gensokyo:Cirno","floor":7,"turns":9},{"damage":5,"enemies":"Gensokyo:2_Kodama","floor":11,"turns":3},{"damage":3,"enemies":"Gensokyo:LivingMonolith","floor":12,"turns":3},{"damage":30,"enemies":"Gensokyo:Mamizou","floor":13,"turns":7}],"seed_played":"6301571595031572332","potions_obtained":[{"floor":3,"key":"Block Potion"}],"is_trial":false,"path_per_floor":["M","?","M","?","?","R","E","?","T","?","M","M","E"],"character_chosen":"MARISA","items_purchased":[],"campfire_rested":0,"item_purchase_floors":[],"current_hp_per_floor":[71,71,68,68,68,68,32,32,32,32,27,24,0,0],"gold":154,"neow_bonus":"ONE_RANDOM_RARE_CARD","is_daily":false,"chose_seed":false,"campfire_upgraded":1,"win_rate":0.0,"timestamp":1612366108,"path_taken":["M","?","M","?","?","R","E","?","T","?","M","M","E"],"items_purchased_type":[],"build_version":"2020-12-22","purchased_purges":0,"victory":false,"max_hp_per_floor":[75,75,75,75,75,75,75,75,75,75,75,75,75,75],"card_choices":[{"not_picked":["GravityBeat","LuminesStrike","ShootingEcho"],"picked":"SKIP","floor":1},{"not_picked":["WitchLeyline","PulseMagic"],"picked":"Acceleration","floor":3},{"not_picked":["ManaConvection","PowerUp","MachineGunSpark"],"picked":"SKIP","floor":7},{"not_picked":["GrandCross","RefractionSpark"],"picked":"EnergyRecoil","floor":11},{"not_picked":["DC","6A"],"picked":"WitchOfGreed+1","floor":12}],"player_experience":243677,"relics_obtained":[{"floor":7,"key":"Frozen Egg 2"},{"floor":9,"key":"Juzu Bracelet"}],"event_choices":[],"is_beta":false,"boss_relics":[],"items_purged_floors":[],"is_endless":false,"potions_floor_spawned":[3],"killed_by":"Gensokyo:Mamizou","ascension_level":1}}