{"host":"88hg6ocvqrqxrx5h","time":1612353795,"event":{"mods":["BaseMod","Colored Map","Minty Spire (QoL Compilation)","Unceasing Turn Reminder","slay the spire mod where everything is the same but ironclad has a cowboy hat"],"gold_per_floor":[117,130,130,149,149,184,184,212,212,243,260,38,57,83,83,187,187,198,213,229,229,258,286,286,319,345,82,82,114,125,125,125,229,229,244,263,276,276,7,41,59,91,114,141,363,363,363,382,382,382,382,382,46,81,81],"floor_reached":56,"language":"ENG","playtime":3432,"items_purged":["Strike_R","Armaments+1","Strike_R","Strike_R"],"score":1907,"play_id":"adb9d740-d57f-4dbb-9393-a6d55cbb2529","local_time":"20210203040315","is_ascension_mode":true,"campfire_choices":[{"data":"Flame Barrier","floor":7.0,"key":"SMITH"},{"data":"Immolate","floor":15.0,"key":"SMITH"},{"floor":24,"key":"REST"},{"floor":32,"key":"REST"},{"floor":47,"key":"RECALL"},{"floor":49,"key":"REST"},{"floor":52,"key":"REST"}],"circlet_count":0,"master_deck":["Defend_R","Defend_R","Defend_R","Defend_R","Bash","Armaments+1","Shrug It Off+1","Headbutt","Flame Barrier+1","Sword Boomerang","Immolate+1","Feed","Sever Soul","Power Through","Reckless Charge+1","Entrench","Wild Strike","Iron Wave+1","Apotheosis","Ghostly","Ghostly","Ghostly","Ghostly","Ghostly","Ghostly Armor","Body Slam+1","Double Tap","Clothesline+1","Second Wind+1","Uppercut+1","Shockwave+1","Spot Weakness","Exhume","Warcry+1","Metallicize","Mayhem"],"relics":["Burning Blood","War Paint","CaptainsWheel","Kunai","Paper Frog","TungstenRod","Lee\u0027s Waffle","Dream Catcher","Fusion Hammer","Red Mask","Anchor","Letter Opener","Bag of Marbles","Pen Nib","Runic Pyramid","Brimstone","Incense Burner","Lizard Tail","MealTicket","HornCleat","Strawberry"],"acts_visited":["TheCity","TheBeyond","TheEnding"],"potions_floor_usage":[20,25,29,55],"damage_taken":[{"damage":0.0,"enemies":"2 Louse","floor":1.0,"turns":3.0},{"damage":4.0,"enemies":"Jaw Worm","floor":2.0,"turns":4.0},{"damage":1.0,"enemies":"Cultist","floor":4.0,"turns":4.0},{"damage":7.0,"enemies":"Gremlin Nob","floor":6.0,"turns":3.0},{"damage":16.0,"enemies":"Lagavulin","floor":8.0,"turns":8.0},{"damage":15.0,"enemies":"3 Sentries","floor":10.0,"turns":5.0},{"damage":9.0,"enemies":"Exordium Wildlife","floor":11.0,"turns":4.0},{"damage":0.0,"enemies":"2 Fungi Beasts","floor":13.0,"turns":2.0},{"damage":7.0,"enemies":"Gremlin Nob","floor":14.0,"turns":5.0},{"damage":40.0,"enemies":"Slime Boss","floor":16.0,"turns":12.0},{"damage":0,"enemies":"3 Byrds","floor":18,"turns":3},{"damage":0,"enemies":"Chosen","floor":19,"turns":4},{"damage":16,"enemies":"Snake Plant","floor":20,"turns":4},{"damage":0,"enemies":"Masked Bandits","floor":22,"turns":2},{"damage":0,"enemies":"Gremlin Leader","floor":23,"turns":5},{"damage":76,"enemies":"Book of Stabbing","floor":25,"turns":8},{"damage":0,"enemies":"Gremlin Leader","floor":29,"turns":7},{"damage":0,"enemies":"Centurion and Healer","floor":30,"turns":6},{"damage":5,"enemies":"Champ","floor":33,"turns":15},{"damage":2,"enemies":"3 Darklings","floor":35,"turns":6},{"damage":0,"enemies":"Orb Walker","floor":36,"turns":2},{"damage":0,"enemies":"Jaw Worm Horde","floor":37,"turns":4},{"damage":10,"enemies":"Reptomancer","floor":40,"turns":6},{"damage":0,"enemies":"3 Darklings","floor":41,"turns":3},{"damage":0,"enemies":"Nemesis","floor":42,"turns":7},{"damage":0,"enemies":"Giant Head","floor":44,"turns":7},{"damage":0,"enemies":"Maw","floor":48,"turns":6},{"damage":0,"enemies":"Donu and Deca","floor":50,"turns":8},{"damage":0,"enemies":"Shield and Spear","floor":54,"turns":5},{"damage":45,"enemies":"The Heart","floor":55,"turns":10}],"seed_played":"-4985190443359386785","potions_obtained":[{"floor":2.0,"key":"SneckoOil"},{"floor":4.0,"key":"Regen Potion"},{"floor":8.0,"key":"SkillPotion"},{"floor":10.0,"key":"CultistPotion"},{"floor":11.0,"key":"DuplicationPotion"},{"floor":16.0,"key":"DistilledChaos"},{"floor":20,"key":"ColorlessPotion"},{"floor":30,"key":"BloodPotion"},{"floor":40,"key":"FearPotion"},{"floor":54,"key":"Strength Potion"}],"is_trial":false,"path_per_floor":["M","M","?","M","?","E","R","E","T","E","M","$","M","E","R","B",null,"M","M","M","?","?","E","R","E","T","$","?","E","M","?","R","B",null,"M","M","M","?","$","E","M","E","T","E","?","T","R","M","R","B",null,"R","$","E","B",null],"character_chosen":"IRONCLAD","items_purchased":["Lee\u0027s Waffle","Apotheosis","Brimstone","Mayhem"],"campfire_rested":4,"item_purchase_floors":[12,27,39,53],"current_hp_per_floor":[78,80,62,67,67,66,66,71,71,62,59,87,87,90,90,60,86,95,98,88,69,75,81,103,36,36,36,36,42,48,48,53,57,57,60,60,60,60,60,56,64,68,68,72,72,72,72,72,72,76,76,76,76,83,48],"gold":81,"neow_bonus":"THREE_CARDS","is_daily":false,"chose_seed":false,"campfire_upgraded":2,"win_rate":0.0,"timestamp":1612353795,"path_taken":["M","M","?","M","?","E","R","E","T","E","M","$","?","E","R","BOSS","M","M","M","?","?","E","R","E","T","$","?","E","M","?","R","BOSS","M","M","M","?","$","E","M","E","T","E","?","?","R","M","R","BOSS","R","$","E","BOSS"],"items_purchased_type":["Relic","Card","Relic","Card"],"build_version":"2020-12-22","purchased_purges":4,"victory":true,"max_hp_per_floor":[80,80,80,80,80,80,80,80,80,80,80,87,87,91,91,95,95,98,98,98,103,103,103,103,106,106,106,53,53,53,53,53,57,57,60,60,60,60,60,60,64,68,68,72,72,72,72,72,72,76,76,76,76,83,87],"card_choices":[{"not_picked":["Feel No Pain","Flex"],"picked":"Armaments","floor":0.0},{"not_picked":["Flex","Heavy Blade"],"picked":"Shrug It Off","floor":1.0},{"not_picked":["Flex","Clash"],"picked":"Headbutt","floor":2.0},{"not_picked":["Perfected Strike","Clash"],"picked":"Flame Barrier","floor":4.0},{"not_picked":["Exhume","Juggernaut"],"picked":"Sword Boomerang","floor":6.0},{"not_picked":["Ghostly Armor","Headbutt"],"picked":"Immolate","floor":8.0},{"not_picked":["Headbutt","Clash","Armaments"],"picked":"SKIP","floor":10.0},{"not_picked":["Heavy Blade","Perfected Strike","Clothesline"],"picked":"SKIP","floor":11.0},{"not_picked":["Clothesline","Rampage"],"picked":"Feed","floor":13.0},{"not_picked":["Inflame","Infernal Blade"],"picked":"Sever Soul","floor":14.0},{"not_picked":["Exhume","Limit Break"],"picked":"Demon Form","floor":16.0},{"not_picked":["Bloodletting","Rampage"],"picked":"Armaments+1","floor":18},{"not_picked":["Whirlwind+1","Perfected Strike+1","Cleave"],"picked":"SKIP","floor":19},{"not_picked":["Perfected Strike","Dual Wield"],"picked":"Power Through","floor":20},{"not_picked":["Havoc","Perfected Strike"],"picked":"Reckless Charge+1","floor":22},{"not_picked":["Body Slam+1","Cleave"],"picked":"Entrench","floor":23},{"not_picked":["Sword Boomerang","Shrug It Off"],"picked":"Wild Strike","floor":24},{"not_picked":["Flame Barrier","Searing Blow"],"picked":"Iron Wave+1","floor":25},{"not_picked":["Havoc","Rupture+1","Wild Strike"],"picked":"SKIP","floor":29},{"not_picked":["Perfected Strike","Dark Embrace","Demon Form"],"picked":"SKIP","floor":30},{"not_picked":["Wild Strike","Flame Barrier"],"picked":"Body Slam+1","floor":32},{"not_picked":["Demon Form","Feed"],"picked":"Double Tap","floor":33},{"not_picked":["Clothesline","Perfected Strike+1","Clash+1"],"picked":"SKIP","floor":35},{"not_picked":["Clash","Clothesline+1","Rampage"],"picked":"SKIP","floor":36},{"not_picked":["Clash","Rampage"],"picked":"Clothesline+1","floor":36},{"not_picked":["Hemokinesis+1","Thunderclap+1","Rampage"],"picked":"SKIP","floor":37},{"not_picked":["Searing Blow+1","Fire Breathing+1"],"picked":"Second Wind+1","floor":40},{"not_picked":["Sword Boomerang","Heavy Blade"],"picked":"Uppercut+1","floor":41},{"not_picked":["Iron Wave","Shrug It Off"],"picked":"Shockwave+1","floor":42},{"not_picked":["Sword Boomerang+1","Burning Pact"],"picked":"Spot Weakness","floor":44},{"not_picked":["Intimidate","Wild Strike"],"picked":"Exhume","floor":48},{"not_picked":["Cleave+1","Heavy Blade"],"picked":"Warcry+1","floor":49},{"not_picked":["Flex+1","Wild Strike"],"picked":"Metallicize","floor":52},{"not_picked":["Thunderclap+1","Warcry","Double Tap"],"picked":"SKIP","floor":54}],"player_experience":158865,"relics_obtained":[{"floor":6.0,"key":"CaptainsWheel"},{"floor":8.0,"key":"Kunai"},{"floor":9.0,"key":"Paper Frog"},{"floor":10.0,"key":"TungstenRod"},{"floor":14.0,"key":"Dream Catcher"},{"floor":22,"key":"Red Mask"},{"floor":23,"key":"Anchor"},{"floor":25,"key":"Letter Opener"},{"floor":26,"key":"Bag of Marbles"},{"floor":29,"key":"Pen Nib"},{"floor":40,"key":"Incense Burner"},{"floor":42,"key":"Lizard Tail"},{"floor":44,"key":"MealTicket"},{"floor":46,"key":"HornCleat"},{"floor":54,"key":"Strawberry"}],"event_choices":[{"damage_healed":0.0,"max_hp_gain":0.0,"max_hp_loss":0.0,"gold_gain":0.0,"event_name":"Scrap Ooze","player_choice":"Success","floor":3.0,"gold_loss":0.0,"damage_taken":18.0,"relics_obtained":["War Paint"]},{"cards_removed":["Strike_R"],"damage_healed":0.0,"max_hp_gain":0.0,"max_hp_loss":0.0,"gold_gain":0.0,"event_name":"Purifier","player_choice":"Purged","floor":5.0,"gold_loss":0.0,"damage_taken":0.0},{"damage_healed":0,"gold_gain":0,"player_choice":"Shed Blood","damage_taken":25,"max_hp_gain":5,"max_hp_loss":0,"event_name":"Forgotten Altar","floor":21,"gold_loss":0},{"damage_healed":0,"gold_gain":0,"player_choice":"Fought Bandits","damage_taken":0,"max_hp_gain":0,"max_hp_loss":0,"event_name":"Masked Bandits","floor":22,"gold_loss":0},{"damage_healed":0,"gold_gain":0,"player_choice":"Became a Ghost","damage_taken":0,"max_hp_gain":0,"max_hp_loss":53,"event_name":"Ghosts","floor":28,"gold_loss":0,"cards_obtained":["Ghostly","Ghostly","Ghostly","Ghostly","Ghostly"]},{"damage_healed":0,"gold_gain":0,"cards_transformed":["Strike_R"],"player_choice":"Transformed","damage_taken":0,"max_hp_gain":0,"max_hp_loss":0,"event_name":"Transmorgrifier","floor":31,"gold_loss":0,"cards_obtained":["Ghostly Armor"]},{"cards_removed":["Demon Form"],"damage_healed":0,"gold_gain":0,"player_choice":"Removed Power","damage_taken":0,"max_hp_gain":0,"max_hp_loss":0,"event_name":"Falling","floor":38,"gold_loss":0},{"damage_healed":0,"gold_gain":222,"player_choice":"Wore Mask","damage_taken":0,"max_hp_gain":0,"max_hp_loss":0,"event_name":"Tomb of Lord Red Mask","floor":45,"gold_loss":0}],"is_beta":false,"boss_relics":[{"not_picked":["SlaversCollar","Astrolabe"],"picked":"Fusion Hammer"},{"not_picked":["Coffee Dripper","Runic Cube"],"picked":"Runic Pyramid"}],"items_purged_floors":[12,27,39,53],"is_endless":false,"potions_floor_spawned":[2,4,8,10,11,14,16,20,23,30,40,41,42,48,54],"ascension_level":6}}