{"host":"9mz6x6ekz95y53i5","time":1612348462,"event":{"mods":["AchievementEnabler","BaseMod","Downfall","Energized Spire","Minty Spire (QoL Compilation)","Reliquary","Replay The Spire","Spicy Shops","StSLib","The Bug Knight","UnlockEverythingMod","¡¾ÒÅÎï¿¨ÅÆ¡¿REMEMod"],"gold_per_floor":[116,132,143,160,335,335,366,6,6,18,38,50,50,50,50,446,496,516,516,556,556,556,556],"floor_reached":22,"language":"ZHS","playtime":1759,"items_purged":["Doubt"],"score":216,"play_id":"403e56df-b119-4f5e-b24f-23d6373ec2b8","local_time":"20210203183422","is_ascension_mode":true,"campfire_choices":[{"data":"Scrawl","floor":6.0,"key":"SMITH"},{"floor":15.0,"key":"REST"}],"circlet_count":0,"master_deck":["HollowMod:NailStrikeStart","HollowMod:NailStrikeStart","HollowMod:NailStrikeStart","HollowMod:NailStrikeStart","HollowMod:QuickDashStart","HollowMod:QuickDashStart","HollowMod:QuickDashStart","HollowMod:QuickDashStart","HollowMod:FocusHealStart","HollowMod:PogoStrike","Scrawl+1","HollowMod:PureVessel","HollowMod:HeavyBlow","HollowMod:GoodIntentions","HollowMod:NewGlowingWomb+1","HollowMod:NewLittleFool","HollowMod:ShapeofUnn","HollowMod:InfectedAttack","HollowMod:MonarchWings","HollowMod:CloakDash","HollowMod:FallenFury","HollowMod:DashSlash","HollowMod:SlysStrikes","HollowMod:SoulSplash","HollowMod:CloakDash+1"],"relics":["HollowMod:VesselMask","REME_ComplimentaryCards","ReplayTheSpireMod:Shallot","White Beast Statue","Replay:Grab Bag","Philosopher\u0027s Stone","energizedSpire:OgreHead","Tiny House","Nloth\u0027s Gift"],"acts_visited":["Exordium","TheCity"],"potions_floor_usage":[22],"damage_taken":[{"damage":10.0,"enemies":"Cultist","floor":1.0,"turns":5.0},{"damage":7.0,"enemies":"Jaw Worm","floor":2.0,"turns":5.0},{"damage":7.0,"enemies":"2 Louse","floor":3.0,"turns":6.0},{"damage":24.0,"enemies":"Lots of Slimes","floor":4.0,"turns":8.0},{"damage":31.0,"enemies":"Gremlin Nob","floor":7.0,"turns":5.0},{"damage":14.0,"enemies":"Red Slaver","floor":10.0,"turns":3.0},{"damage":0.0,"enemies":"Looter","floor":11.0,"turns":5.0},{"damage":14.0,"enemies":"Blue Slaver","floor":12.0,"turns":3.0},{"damage":13.0,"enemies":"Slime Boss","floor":16.0,"turns":11.0},{"damage":11.0,"enemies":"Shell Parasite","floor":18.0,"turns":3.0},{"damage":25.0,"enemies":"Spheric Guardian","floor":20.0,"turns":4.0},{"damage":43,"enemies":"Cultist and Chosen","floor":22,"turns":5}],"seed_played":"-5581274046807947591","potions_obtained":[{"floor":1.0,"key":"Ancient Potion"},{"floor":7.0,"key":"ColorlessPotion"},{"floor":10.0,"key":"SpeedPotion"},{"floor":11.0,"key":"Energy Potion"},{"floor":16.0,"key":"LiquidMemories"},{"floor":17.0,"key":"Reflective Coating"},{"floor":18.0,"key":"REME_GoldPotion"},{"floor":20.0,"key":"EssenceOfSteel"}],"is_trial":false,"path_per_floor":["M","M","M","M","?","R","E","$","T","M","M","M","$","?","R","B",null,"M","?","M","?","M"],"character_chosen":"THE_BUGKNIGHT","items_purchased":["reliquary:FerryPass","HollowMod:InfectedAttack","HollowMod:MonarchWings"],"campfire_rested":1,"item_purchase_floors":[8,8,8],"current_hp_per_floor":[66,69,68,56,56,56,31,31,31,17,17,3,3,3,25,18,80,69,69,44,44,1,1],"gold":556,"neow_bonus":"ONE_RANDOM_RARE_CARD","is_daily":false,"chose_seed":false,"campfire_upgraded":1,"win_rate":0.0,"timestamp":1612348462,"path_taken":["M","M","?","M","?","R","E","$","T","M","M","M","$","?","R","BOSS","M","?","M","?","?"],"items_purchased_type":["Relic","Card","Card"],"build_version":"2020-12-22","purchased_purges":1,"victory":false,"max_hp_per_floor":[75,75,75,75,75,75,75,75,75,75,75,75,75,75,75,75,80,80,80,80,80,80,80],"card_choices":[{"not_picked":["HollowMod:NewJinnsSoul","HollowMod:ShadowDash"],"picked":"HollowMod:HeavyBlow","floor":1.0},{"not_picked":["HollowMod:BaldurShell","HollowMod:ShadowDash"],"picked":"HollowMod:GoodIntentions","floor":2.0},{"not_picked":["HollowMod:CrystalDash","HollowMod:ShadowDash"],"picked":"HollowMod:NewGlowingWomb","floor":3.0},{"not_picked":["HollowMod:LifebloodCocoon","HollowMod:HowlingWraiths"],"picked":"HollowMod:NewLittleFool","floor":4.0},{"not_picked":["HollowMod:SiblingsShadow","HollowMod:WraithStrike"],"picked":"HollowMod:ShapeofUnn","floor":7.0},{"not_picked":["HollowMod:DoubleDash","HollowMod:NewGlowingWomb"],"picked":"HollowMod:CloakDash","floor":10.0},{"not_picked":["HollowMod:LuriensSpire","HollowMod:BaldurShell"],"picked":"HollowMod:FallenFury","floor":11.0},{"not_picked":["HollowMod:GrimmsGift","HollowMod:CoiledNail"],"picked":"HollowMod:DashSlash","floor":12.0},{"not_picked":["HollowMod:VoidDash","HollowMod:ZotesMagnificence"],"picked":"HollowMod:SlysStrikes","floor":16.0},{"not_picked":["HollowMod:VengefulVoid","HollowMod:CloakDash"],"picked":"HollowMod:SoulSplash","floor":17.0},{"not_picked":["HollowMod:LordofShades","HollowMod:DesolateDive","HollowMod:LifebloodCocoon+1"],"picked":"SKIP","floor":18.0},{"not_picked":["HollowMod:NewJinnsSoul","HollowMod:SharpenedNail"],"picked":"HollowMod:CloakDash+1","floor":20.0}],"player_experience":217896,"relics_obtained":[{"floor":7.0,"key":"ReplayTheSpireMod:Shallot"},{"floor":9.0,"key":"White Beast Statue"},{"floor":16.0,"key":"Old Coin"}],"event_choices":[{"damage_healed":0.0,"max_hp_gain":0.0,"max_hp_loss":0.0,"gold_gain":175.0,"event_name":"Liars Game","player_choice":"AGREE","floor":5.0,"gold_loss":0.0,"damage_taken":0.0,"cards_obtained":["Doubt"]},{"damage_healed":0.0,"max_hp_gain":0.0,"max_hp_loss":0.0,"gold_gain":0.0,"event_name":"Scrap Ooze","player_choice":"Fled","floor":14.0,"gold_loss":0.0,"damage_taken":0.0},{"damage_healed":0.0,"max_hp_gain":0.0,"max_hp_loss":0.0,"gold_gain":0.0,"event_name":"Ghosts","player_choice":"Ignored","floor":19.0,"gold_loss":0.0,"damage_taken":0.0},{"damage_healed":0.0,"max_hp_gain":0.0,"max_hp_loss":0.0,"gold_gain":0.0,"event_name":"N\u0027loth","player_choice":"Traded Relic","floor":21.0,"relics_lost":["Old Coin"],"gold_loss":0.0,"damage_taken":0.0,"relics_obtained":["Nloth\u0027s Gift"]}],"is_beta":false,"boss_relics":[{"not_picked":["Empty Cage","Pandora\u0027s Box"],"picked":"Replay:Grab Bag"},{"not_picked":["energizedSpire:SpiderWeb","energizedSpire:EnergizedDie"],"picked":"Philosopher\u0027s Stone"},{"not_picked":["ChewingGum","Velvet Choker"],"picked":"energizedSpire:OgreHead"},{"not_picked":["REME_DemonsWealth","Calling Bell"],"picked":"Tiny House"}],"items_purged_floors":[8],"is_endless":false,"potions_floor_spawned":[1,7,10,11,12,16,18,20],"killed_by":"Cultist and Chosen","ascension_level":3}}