{"host":"aw4z6ztdqz1doup7","time":1612393844,"event":{"mods":["AchievementEnabler","BaseMod","Colored Powertips","Minty Spire (QoL Compilation)"],"gold_per_floor":[117,67,67,67,83,112,37,69,69,69,85,85,97,112,112,213,213,223,138,158,58,58,58,68,68,93,93,93,93,23,37,37,134,134,145,145,20,35,54,54,104,104,130,146,146,146,146],"floor_reached":46,"language":"ENG","playtime":3380,"items_purged":["Defend_P","Strike_P","Strike_P"],"score":476,"play_id":"e5e836f9-2b56-4c1c-95b2-d33c979d624d","local_time":"20210204001044","is_ascension_mode":false,"campfire_choices":[{"data":"Eruption","floor":12,"key":"SMITH"},{"data":"Vigilance","floor":15,"key":"SMITH"},{"data":"DevaForm","floor":23,"key":"SMITH"},{"data":"EmptyMind","floor":27,"key":"SMITH"},{"floor":29,"key":"RECALL"},{"data":"EmptyMind","floor":32,"key":"SMITH"},{"data":"Brilliance","floor":40,"key":"SMITH"},{"data":"RitualDagger","floor":42,"key":"SMITH"},{"data":"Defend_P","floor":45,"key":"SMITH"}],"circlet_count":0,"master_deck":["Strike_P","Defend_P","Defend_P+1","Eruption+1","Vigilance+1","LikeWater+1","EmptyMind+1","DevaForm+1","FollowUp+1","RitualDagger+1","EmptyMind+1","Brilliance+1","Omniscience+1","WheelKick+1"],"relics":["PureWater","NeowsBlessing","Singing Bowl","Eternal Feather","Meat on the Bone","Philosopher\u0027s Stone","Damaru","Black Star","CeramicFish"],"acts_visited":["Exordium","TheCity","TheBeyond"],"potions_floor_usage":[8,8,16,20,20,35,39],"damage_taken":[{"damage":0,"enemies":"Small Slimes","floor":1,"turns":1},{"damage":0,"enemies":"2 Louse","floor":5,"turns":1},{"damage":0,"enemies":"3 Sentries","floor":6,"turns":2},{"damage":10,"enemies":"Lagavulin","floor":8,"turns":6},{"damage":0,"enemies":"Cultist","floor":11,"turns":3},{"damage":7,"enemies":"Exordium Thugs","floor":13,"turns":5},{"damage":0,"enemies":"Looter","floor":14,"turns":4},{"damage":13,"enemies":"The Guardian","floor":16,"turns":10},{"damage":30,"enemies":"Shell Parasite","floor":18,"turns":6},{"damage":21,"enemies":"Chosen","floor":20,"turns":9},{"damage":9,"enemies":"Centurion and Healer","floor":24,"turns":6},{"damage":24,"enemies":"Snake Plant","floor":31,"turns":4},{"damage":53,"enemies":"Champ","floor":33,"turns":9},{"damage":56,"enemies":"3 Darklings","floor":35,"turns":7},{"damage":12,"enemies":"3 Shapes","floor":38,"turns":6},{"damage":0,"enemies":"Transient","floor":39,"turns":5},{"damage":21,"enemies":"Mind Bloom Boss Battle","floor":41,"turns":5},{"damage":23,"enemies":"Jaw Worm Horde","floor":44,"turns":3},{"damage":63,"enemies":"Giant Head","floor":46,"turns":8}],"seed_played":"-4819491244849899634","potions_obtained":[{"floor":1,"key":"Dexterity Potion"},{"floor":4,"key":"BlessingOfTheForge"},{"floor":4,"key":"BlessingOfTheForge"},{"floor":4,"key":"DuplicationPotion"},{"floor":14,"key":"CultistPotion"},{"floor":16,"key":"Weak Potion"},{"floor":31,"key":"Weak Potion"},{"floor":38,"key":"Explosive Potion"},{"floor":39,"key":"Strength Potion"}],"is_trial":false,"path_per_floor":["M","?","?","?","M","E","$","E","T","?","M","R","M","M","R","B",null,"M","?","M","$","?","R","M","?","T","R","?","R","$","M","R","B",null,"M","?","$","M","M","R","?","R","T","M","R","E"],"character_chosen":"WATCHER","items_purchased":["Brilliance"],"campfire_rested":0,"item_purchase_floors":[30],"current_hp_per_floor":[72,72,72,72,72,74,74,66,66,66,68,74,69,71,77,64,82,54,54,45,45,39,45,48,48,48,54,54,60,60,50,56,15,86,44,44,44,46,48,54,45,51,51,42,48,0,0],"gold":146,"neow_bonus":"THREE_ENEMY_KILL","is_daily":false,"chose_seed":false,"campfire_upgraded":8,"win_rate":0.0,"timestamp":1612393844,"path_taken":["M","?","?","?","?","E","?","E","T","?","?","R","M","M","R","BOSS","M","?","M","$","?","R","M","?","T","R","?","R","$","M","R","BOSS","M","?","$","?","M","R","?","R","T","M","R","E"],"items_purchased_type":["Card"],"build_version":"2020-12-22","purchased_purges":3,"victory":false,"max_hp_per_floor":[72,72,72,72,72,74,74,76,76,76,78,78,80,82,82,82,82,84,84,84,84,84,84,84,84,84,84,84,84,84,86,86,86,86,88,88,88,90,92,92,92,92,92,94,94,94,94],"card_choices":[{"not_picked":["ForeignInfluence","Prostrate"],"picked":"LikeWater","floor":1},{"not_picked":["ClearTheMind","ReachHeaven"],"picked":"EmptyMind","floor":5},{"not_picked":["ThirdEye","FearNoEvil","JustLucky"],"picked":"Singing Bowl","floor":6},{"not_picked":["SashWhip","Alpha","WheelKick"],"picked":"Singing Bowl","floor":8},{"not_picked":["Protect","ThirdEye","FlurryOfBlows"],"picked":"Singing Bowl","floor":11},{"not_picked":["CarveReality","TalkToTheHand","Protect"],"picked":"Singing Bowl","floor":13},{"not_picked":["Fasting2","Protect","BattleHymn"],"picked":"Singing Bowl","floor":14},{"not_picked":["MasterReality","Judgement"],"picked":"DevaForm","floor":16},{"not_picked":["JustLucky","CrushJoints","Tantrum+1"],"picked":"Singing Bowl","floor":18},{"not_picked":["SashWhip+1","Fasting2"],"picked":"FollowUp+1","floor":20},{"not_picked":["ThirdEye","Pray+1"],"picked":"EmptyMind","floor":24},{"not_picked":["Consecrate","MentalFortress","Protect+1"],"picked":"Singing Bowl","floor":31},{"not_picked":["LessonLearned","Scrawl"],"picked":"Omniscience","floor":33},{"not_picked":["Prostrate","JustLucky+1","WindmillStrike"],"picked":"Singing Bowl","floor":35},{"not_picked":["SashWhip","WreathOfFlame+1","ForeignInfluence"],"picked":"Singing Bowl","floor":38},{"not_picked":["CrushJoints","ForeignInfluence+1","Indignation+1"],"picked":"Singing Bowl","floor":39},{"not_picked":["CutThroughFate","FollowUp"],"picked":"WheelKick+1","floor":41},{"not_picked":["Halt","Consecrate","CutThroughFate"],"picked":"Singing Bowl","floor":44}],"player_experience":579267,"relics_obtained":[{"floor":6,"key":"Singing Bowl"},{"floor":8,"key":"Eternal Feather"},{"floor":9,"key":"Meat on the Bone"},{"floor":43,"key":"CeramicFish"}],"event_choices":[{"cards_removed":["Strike_P"],"damage_healed":0,"gold_gain":0,"player_choice":"Card Removal","damage_taken":0,"max_hp_gain":0,"max_hp_loss":0,"event_name":"The Cleric","floor":2,"gold_loss":50},{"damage_healed":0,"gold_gain":0,"player_choice":"Ignored","damage_taken":0,"max_hp_gain":0,"max_hp_loss":0,"event_name":"Liars Game","floor":3,"gold_loss":0},{"damage_healed":0,"gold_gain":0,"player_choice":"Got Potions","damage_taken":0,"max_hp_gain":0,"max_hp_loss":0,"event_name":"Lab","floor":4,"gold_loss":0},{"damage_healed":0,"gold_gain":0,"player_choice":"Upgraded","damage_taken":0,"max_hp_gain":0,"max_hp_loss":0,"event_name":"Upgrade Shrine","floor":10,"gold_loss":0,"cards_upgraded":["LikeWater"]},{"damage_healed":0,"gold_gain":0,"player_choice":"Obtained Relic","damage_taken":0,"relics_obtained":["Damaru"],"max_hp_gain":0,"max_hp_loss":0,"event_name":"Addict","floor":19,"gold_loss":85},{"damage_healed":0,"gold_gain":0,"player_choice":"Joined the Cult","damage_taken":6,"max_hp_gain":0,"max_hp_loss":0,"event_name":"Nest","floor":22,"gold_loss":0,"cards_obtained":["RitualDagger"]},{"damage_healed":0,"gold_gain":0,"player_choice":"Ignored","damage_taken":0,"max_hp_gain":0,"max_hp_loss":0,"event_name":"The Mausoleum","floor":25,"gold_loss":0},{"cards_removed":["Defend_P"],"damage_healed":0,"gold_gain":0,"player_choice":"Card Removal","damage_taken":0,"max_hp_gain":0,"max_hp_loss":0,"event_name":"Wheel of Change","floor":28,"gold_loss":0},{"damage_healed":0,"gold_gain":0,"player_choice":"Forge","damage_taken":0,"max_hp_gain":0,"max_hp_loss":0,"event_name":"Accursed Blacksmith","floor":36,"gold_loss":0,"cards_upgraded":["Omniscience"]},{"damage_healed":0,"gold_gain":0,"player_choice":"Fight","damage_taken":0,"max_hp_gain":0,"max_hp_loss":0,"event_name":"MindBloom","floor":41,"gold_loss":0}],"is_beta":false,"boss_relics":[{"not_picked":["Snecko Eye","Pandora\u0027s Box"],"picked":"Philosopher\u0027s Stone"},{"not_picked":["Calling Bell","Velvet Choker"],"picked":"Black Star"}],"items_purged_floors":[7,21,37],"is_endless":false,"potions_floor_spawned":[1,6,14,16,31,38,39],"killed_by":"Giant Head","ascension_level":0}}