{"host":"xhm1ik3sxl6w66st","time":1612368606,"event":{"mods":["BaseMod","Colored Powertips","Downfall","Hermit","Minty Spire (QoL Compilation)","READ ME - Guardian Mod","Replay The Spire","StSLib","The Bug Knight","The Cursed","The Disciple","The Jungle","The Servant 0.9.4"],"gold_per_floor":[117,172,172,189,206,235,235,247,270,283,283,283,57,73,73,172,172,187,7,7,19,33,33,48,48,48,48,48],"floor_reached":27,"language":"ENG","playtime":1772,"items_purged":[],"score":215,"play_id":"5cc5bff2-12b9-4dc2-bc78-3aa85116e515","local_time":"20210203091006","is_ascension_mode":false,"campfire_choices":[{"data":"Exchange","floor":7,"key":"SMITH"},{"floor":12,"key":"REST"},{"data":"FanOfKnives","floor":15,"key":"SMITH"},{"data":"SilverBlades","floor":23,"key":"SMITH"},{"floor":25,"key":"REST"}],"circlet_count":0,"master_deck":["Strike_S","Strike_S","Strike_S","Strike_S","Defend_S","Defend_S","Defend_S","KidneyShot","Exchange+1","Contraction","Potential","ShatteredReality","WasteNot+1","Potential","FanOfKnives+1","Luminosity","Revamp","Rearm","SilverBlades+1","Potential","MurderousAura","Alleviate+1","BestPractice","TimeWarp","Revamp+1","Luminosity"],"relics":["Uniform","Divine Protection","Vajra","Tiny Chest","Replay:Rubber Ducky","SlaversCollar","Membership Card","Toxic Egg 2","Molten Egg 2"],"acts_visited":["Exordium","TheCity"],"potions_floor_usage":[27],"damage_taken":[{"damage":6,"enemies":"Jaw Worm","floor":1,"turns":5},{"damage":0,"enemies":"2 Louse","floor":4,"turns":2},{"damage":0,"enemies":"Cultist","floor":5,"turns":3},{"damage":11,"enemies":"Replay:BlueRogue","floor":6,"turns":7},{"damage":4,"enemies":"Blue Slaver","floor":8,"turns":2},{"damage":0,"enemies":"Large Slime","floor":10,"turns":4},{"damage":0,"enemies":"Exordium Wildlife","floor":14,"turns":2},{"damage":2,"enemies":"Slime Boss","floor":16,"turns":6},{"damage":4,"enemies":"Shell Parasite","floor":18,"turns":4},{"damage":0,"enemies":"Chosen","floor":21,"turns":4},{"damage":19,"enemies":"3 Cultists","floor":22,"turns":5},{"damage":32,"enemies":"Centurion and Healer","floor":24,"turns":6},{"damage":29,"enemies":"Shelled Parasite and Fungi","floor":27,"turns":5}],"seed_played":"-5063634290408236984","potions_obtained":[{"floor":4,"key":"DuplicationPotion"},{"floor":6,"key":"Swift Potion"},{"floor":8,"key":"SpeedPotion"},{"floor":22,"key":"Adrenaline Potion"}],"is_trial":false,"path_per_floor":["M","?","?","M","M","E","R","M","T","M","?","R","$","M","R","B",null,"M","$","T","M","M","R","M","R","T","M"],"character_chosen":"THE_SERVANT","items_purchased":["SilverBlades","Replay:Rubber Ducky","Membership Card","BestPractice"],"campfire_rested":2,"item_purchase_floors":[13,13,19,19],"current_hp_per_floor":[59,59,59,59,59,48,48,44,44,44,37,56,56,56,56,54,65,61,61,61,61,42,42,10,29,29,0,0],"gold":48,"neow_bonus":"THREE_CARDS","is_daily":false,"chose_seed":false,"campfire_upgraded":3,"win_rate":0.0,"timestamp":1612368606,"path_taken":["M","?","?","M","M","E","R","M","T","M","?","R","?","?","R","BOSS","M","$","?","M","M","R","M","R","T","?"],"items_purchased_type":["Card","Relic","Relic","Card"],"build_version":"2020-12-22","purchased_purges":0,"victory":false,"max_hp_per_floor":[65,65,65,65,65,65,65,65,65,65,65,65,65,65,65,65,65,65,65,65,65,65,65,65,65,65,65,65],"card_choices":[{"not_picked":["InstantArmor","ShatteredReality"],"picked":"Contraction","floor":0},{"not_picked":["Alleviate","Defy"],"picked":"Potential","floor":1},{"not_picked":["Spin","BottledTime"],"picked":"ShatteredReality","floor":2},{"not_picked":["Spin","Comet"],"picked":"WasteNot","floor":2},{"not_picked":["Rewind","Replace"],"picked":"Potential","floor":4},{"not_picked":["Manipulate","DualDimension"],"picked":"FanOfKnives","floor":5},{"not_picked":["Shuttle","Unruled"],"picked":"Luminosity","floor":6},{"not_picked":["Collapse","Reset"],"picked":"Revamp","floor":8},{"not_picked":["Read","SoulSculpture"],"picked":"Rearm","floor":10},{"not_picked":["Rearm","DoubleEdge"],"picked":"Potential","floor":14},{"not_picked":["FloweringNight","ForgedInTime"],"picked":"MurderousAura","floor":16},{"not_picked":["FastForward","Potential+1"],"picked":"Alleviate+1","floor":18},{"not_picked":["DoubleEdge","FastForward+1"],"picked":"TimeWarp","floor":21},{"not_picked":["ShiftingGears+1","Desolation"],"picked":"Revamp+1","floor":22},{"not_picked":["Contraction+1","Revamp+1"],"picked":"Luminosity","floor":24}],"player_experience":163114,"relics_obtained":[{"floor":2,"key":"Divine Protection"},{"floor":6,"key":"Vajra"},{"floor":9,"key":"Tiny Chest"},{"floor":20,"key":"Toxic Egg 2"},{"floor":26,"key":"Molten Egg 2"}],"event_choices":[{"cards_removed":["Defend_S"],"damage_healed":0,"gold_gain":0,"player_choice":"Card Removal","damage_taken":7,"max_hp_gain":0,"max_hp_loss":0,"event_name":"Golden Wing","floor":11,"gold_loss":0}],"is_beta":false,"boss_relics":[{"not_picked":["StoneMask","Replay:Ancient Bell"],"picked":"SlaversCollar"}],"items_purged_floors":[],"is_endless":false,"potions_floor_spawned":[4,6,8,16,18,22,24],"killed_by":"Shelled Parasite and Fungi","ascension_level":0}}