{"host":"mi9s3oixpfie23oh","time":1612357190,"event":{"mods":["AchievementEnabler","BaseMod","DeckTracker","Minty Spire (QoL Compilation)","Permanent Neow","Quick Restart","StSLib"],"gold_per_floor":[116,132,143,108,128,128,159,159,159,177,177,193,222,234,234,311,311,331,28,78,3,14,14,39,39,39,58,58,83,83,108,108,181,181,198,247,247,247,247,44,44,44],"floor_reached":41,"language":"ENG","playtime":1964,"items_purged":["Reflex"],"score":765,"play_id":"dea63740-e1dc-4519-be13-2cc1e8ae7898","local_time":"20210203145950","is_ascension_mode":true,"campfire_choices":[{"data":"Noxious Fumes","floor":6.0,"key":"SMITH"},{"data":"Neutralize","floor":8.0,"key":"SMITH"},{"floor":11.0,"key":"REST"},{"data":"Crippling Poison","floor":15.0,"key":"SMITH"},{"data":"Catalyst","floor":23.0,"key":"SMITH"},{"data":"Adrenaline","floor":25.0,"key":"SMITH"},{"floor":32.0,"key":"REST"}],"circlet_count":0,"master_deck":["AscendersBane","Strike_G","Strike_G","Strike_G","Strike_G","Strike_G","Defend_G","Defend_G","Defend_G","Defend_G","Defend_G","Survivor","Neutralize+1","Flying Knee","Backstab","Noxious Fumes+1","All Out Attack","PiercingWail","Catalyst+1","Crippling Poison+1","Deadly Poison","Adrenaline+1","Expertise","Deadly Poison+1","Backstab+1","Backflip","Burst","Deadly Poison","Corpse Explosion","Endless Agony+1","Dodge and Roll+1","Bandage Up","Catalyst","Terror"],"relics":["Ring of the Snake","Thread and Needle","Regal Pillow","Dream Catcher","Pear","SacredBark","Torii","Kunai","Matryoshka","Peace Pipe","Vajra","Bag of Preparation","Philosopher\u0027s Stone","StoneCalendar","Juzu Bracelet","Potion Belt"],"acts_visited":["Exordium","TheCity","TheBeyond"],"potions_floor_usage":[41,41],"damage_taken":[{"damage":1.0,"enemies":"2 Louse","floor":1.0,"turns":4.0},{"damage":0.0,"enemies":"Jaw Worm","floor":2.0,"turns":5.0},{"damage":0.0,"enemies":"Cultist","floor":3.0,"turns":3.0},{"damage":0.0,"enemies":"Looter","floor":5.0,"turns":3.0},{"damage":28.0,"enemies":"Lagavulin","floor":7.0,"turns":6.0},{"damage":1.0,"enemies":"Blue Slaver","floor":10.0,"turns":4.0},{"damage":2.0,"enemies":"3 Louse","floor":12.0,"turns":4.0},{"damage":13.0,"enemies":"Gremlin Nob","floor":13.0,"turns":5.0},{"damage":0.0,"enemies":"2 Fungi Beasts","floor":14.0,"turns":3.0},{"damage":26.0,"enemies":"Hexaghost","floor":16.0,"turns":9.0},{"damage":12.0,"enemies":"Spheric Guardian","floor":18.0,"turns":5.0},{"damage":0.0,"enemies":"Chosen","floor":22.0,"turns":4.0},{"damage":3.0,"enemies":"Slavers","floor":24.0,"turns":5.0},{"damage":1.0,"enemies":"Centurion and Healer","floor":27.0,"turns":5.0},{"damage":10.0,"enemies":"Book of Stabbing","floor":29.0,"turns":5.0},{"damage":31.0,"enemies":"Collector","floor":33.0,"turns":7.0},{"damage":0.0,"enemies":"3 Shapes","floor":35.0,"turns":4.0},{"damage":15.0,"enemies":"2 Orb Walkers","floor":36.0,"turns":3.0},{"damage":75,"enemies":"Nemesis","floor":41,"turns":6}],"seed_played":"5671483941887093839","potions_obtained":[{"floor":2.0,"key":"Weak Potion"},{"floor":5.0,"key":"SpeedPotion"},{"floor":14.0,"key":"BlessingOfTheForge"},{"floor":18.0,"key":"GamblersBrew"},{"floor":29.0,"key":"AttackPotion"},{"floor":33.0,"key":"Explosive Potion"},{"floor":36.0,"key":"Fire Potion"}],"is_trial":false,"path_per_floor":["M","M","M","?","M","R","E","R","T","M","R","M","E","M","R","B",null,"M","$","?","$","M","R","E","R","T","M","?","E","?","T","R","B",null,"M","?","?","?","T","$","E"],"character_chosen":"THE_SILENT","items_purchased":["Torii","Catalyst","Dexterity Potion","Terror"],"campfire_rested":2,"item_purchase_floors":[19,40,40,40],"current_hp_per_floor":[43,43,43,59,59,59,31,31,31,30,64,62,59,59,59,33,65,53,53,53,53,53,53,50,50,50,49,49,39,39,39,76,45,68,68,53,53,53,53,53,0,0],"gold":44,"neow_bonus":"ONE_RARE_RELIC","is_daily":false,"chose_seed":false,"campfire_upgraded":5,"win_rate":0.0,"timestamp":1612357190,"path_taken":["M","M","M","?","M","R","E","R","T","M","R","M","E","M","R","BOSS","M","$","?","$","M","R","E","R","T","?","?","E","?","?","R","BOSS","M","?","?","?","?","$","E"],"items_purchased_type":["Relic","Card","Potion","Card"],"build_version":"2020-12-22","purchased_purges":1,"victory":false,"max_hp_per_floor":[66,66,66,66,66,66,66,66,66,66,66,66,76,76,76,76,76,76,76,76,76,76,76,76,76,76,76,76,76,76,76,76,76,76,76,76,76,76,76,76,76,76],"card_choices":[{"not_picked":["Prepared","Riddle With Holes"],"picked":"Flying Knee","floor":1.0},{"not_picked":["Poisoned Stab","Catalyst"],"picked":"Backstab","floor":2.0},{"not_picked":["Setup","Flechettes"],"picked":"Noxious Fumes","floor":3.0},{"not_picked":["Acrobatics","Dagger Throw"],"picked":"All Out Attack","floor":5.0},{"not_picked":["Riddle With Holes","Flechettes"],"picked":"Reflex","floor":7.0},{"not_picked":["Quick Slash","Backflip"],"picked":"PiercingWail","floor":10.0},{"not_picked":["Caltrops","Dagger Throw"],"picked":"Catalyst","floor":11.0},{"not_picked":["Cloak And Dagger","Bane"],"picked":"Crippling Poison","floor":12.0},{"not_picked":["Slice","Masterful Stab"],"picked":"Deadly Poison","floor":13.0},{"not_picked":["Outmaneuver","Dagger Throw","Flying Knee"],"picked":"SKIP","floor":14.0},{"not_picked":["Die Die Die","Storm of Steel"],"picked":"Adrenaline","floor":16.0},{"not_picked":["Cloak And Dagger","All Out Attack","Concentrate"],"picked":"SKIP","floor":18.0},{"not_picked":["Flying Knee+1","Dagger Spray"],"picked":"Expertise","floor":22.0},{"not_picked":["PiercingWail","Night Terror"],"picked":"Deadly Poison+1","floor":24.0},{"not_picked":["Distraction","Caltrops"],"picked":"Backstab+1","floor":27.0},{"not_picked":["Cloak And Dagger","Calculated Gamble"],"picked":"Burst","floor":29.0},{"not_picked":["Acrobatics","Dagger Throw"],"picked":"Deadly Poison","floor":32.0},{"not_picked":["After Image","Venomology"],"picked":"Corpse Explosion","floor":33.0},{"not_picked":["Dagger Throw","Quick Slash"],"picked":"Endless Agony+1","floor":35.0},{"not_picked":["Deflect","Slice"],"picked":"Dodge and Roll+1","floor":36.0},{"not_picked":["Discovery","Forethought"],"picked":"Bandage Up","floor":38.0}],"player_experience":406953,"relics_obtained":[{"floor":7.0,"key":"Regal Pillow"},{"floor":9.0,"key":"Dream Catcher"},{"floor":13.0,"key":"Pear"},{"floor":24.0,"key":"Kunai"},{"floor":26.0,"key":"Matryoshka"},{"floor":29.0,"key":"Peace Pipe"},{"floor":31.0,"key":"Vajra"},{"floor":31.0,"key":"Bag of Preparation"},{"floor":36.0,"key":"StoneCalendar"},{"floor":39.0,"key":"Juzu Bracelet"},{"floor":39.0,"key":"Potion Belt"}],"event_choices":[{"damage_healed":16.0,"max_hp_gain":0.0,"max_hp_loss":0.0,"gold_gain":0.0,"event_name":"The Cleric","player_choice":"Healed","floor":4.0,"gold_loss":35.0,"damage_taken":0.0},{"damage_healed":0.0,"max_hp_gain":0.0,"max_hp_loss":0.0,"gold_gain":50.0,"event_name":"Golden Shrine","player_choice":"Pray","floor":20.0,"gold_loss":0.0,"damage_taken":0.0},{"damage_healed":0.0,"max_hp_gain":0.0,"max_hp_loss":0.0,"gold_gain":0.0,"event_name":"The Library","player_choice":"Read","floor":28.0,"gold_loss":0.0,"damage_taken":0.0,"cards_obtained":["Backflip"]},{"damage_healed":0.0,"max_hp_gain":0.0,"max_hp_loss":0.0,"gold_gain":0.0,"event_name":"The Mausoleum","player_choice":"Ignored","floor":30.0,"gold_loss":0.0,"damage_taken":0.0},{"damage_healed":0.0,"max_hp_gain":0.0,"max_hp_loss":0.0,"gold_gain":0.0,"event_name":"Mysterious Sphere","player_choice":"Fight","floor":36.0,"gold_loss":0.0,"damage_taken":0.0},{"damage_healed":0.0,"max_hp_gain":0.0,"max_hp_loss":0.0,"gold_gain":0.0,"event_name":"Tomb of Lord Red Mask","player_choice":"Ignored","floor":37.0,"gold_loss":0.0,"damage_taken":0.0},{"damage_healed":0.0,"max_hp_gain":0.0,"max_hp_loss":0.0,"gold_gain":0.0,"event_name":"SensoryStone","player_choice":"Memory 1","floor":38.0,"gold_loss":0.0,"damage_taken":0.0}],"is_beta":false,"boss_relics":[{"not_picked":["HoveringKite","Tiny House"],"picked":"SacredBark"},{"not_picked":["Black Star","Snecko Eye"],"picked":"Philosopher\u0027s Stone"}],"items_purged_floors":[21],"is_endless":false,"potions_floor_spawned":[2,5,12,13,14,16,18,29,33,36],"killed_by":"Nemesis","ascension_level":15}}