{"host":"qy7jow5usmjkdnnq","time":1612394428,"event":{"mods":["BaseMod","Colored Map","Downfall","Minty Spire (QoL Compilation)","Permanent Neow","Relic Stats","StSLib"],"gold_per_floor":[99,117,129,142,160,160,160,260,260,295,295,313,313,339,355,457,457,457,467,467,478,237,137,137,137,164,229,245,120,150,169,183,284,284,84,98,148,195,214,214,214,240,316,15,31,31,31,57,68,68,68,93,22,22,22,22],"floor_reached":57,"language":"ENG","playtime":5031,"items_purged":["champ:Defend","champ:Strike","champ:Strike","champ:Defend"],"score":2213,"play_id":"0b6edb2f-3ca8-475f-86b1-f1108655566c","local_time":"20210204002028","is_ascension_mode":true,"campfire_choices":[{"data":"champ:VampiricStrike","floor":1.0,"key":"SMITH"},{"data":"champ:Backstep","floor":9.0,"key":"SMITH"},{"data":"champ:Taunt","floor":11.0,"key":"SMITH"},{"floor":18,"key":"RECALL"},{"data":"champ:StanceDance","floor":23,"key":"SMITH"},{"data":"champ:FancyFootwork","floor":35,"key":"SMITH"},{"data":"champ:DancingMaster","floor":47,"key":"SMITH"},{"data":"champ:ViciousMockery","floor":54,"key":"SMITH"}],"circlet_count":0,"master_deck":["champ:Strike","champ:Defend","champ:Execute","champ:Taunt+1","champ:VampiricStrike+1","champ:GutPunch","champ:DefensiveShout","champ:ViciousMockery+1","champ:Backstep+1","champ:FancyFootwork+1","champ:EnGarde","champ:DancingMaster+1","champ:GutPunch","champ:StanceDance+1","champ:ArenaPreparation+1","champ:CalledShot+1","champ:CalledShot+1","champ:PreciseThrust+1","champ:Haymaker","champ:FancyFootwork+1","champ:PreciseThrust","CurseOfTheBell","CurseOfTheBell","champ:BringItOn+1","champ:EndlessRage"],"relics":["champ:ChampionCrown","InkBottle","Matryoshka","Guardian:PocketSentry","Ornamental Fan","sneckomod:SneckoTalon","Omamori","downfall:HeartBlessingRed","White Beast Statue","champ:GladiatorsBookOfMartialProwess","PreservedInsect","DollysMirror","Sundial","Cursed Key","downfall:HeartBlessingGreen","downfall:HeartBlessingBlue","Ice Cream","StoneCalendar","Anchor","Question Card","Potion Belt","Bottled Flame","Vajra","downfall:ExtraCursedBell","TungstenRod","Singing Bowl","champ:DefensiveTrainingManual","Mummified Hand","hexamod:BolsterEngine"],"acts_visited":["Exordium","TheCity","TheBeyond","TheEnding"],"potions_floor_usage":[16,16,16,32,38,42,49,50,56,56,56,56,56],"damage_taken":[{"damage":0.0,"enemies":"Cultist","floor":2.0,"turns":4.0},{"damage":0.0,"enemies":"2 Louse","floor":3.0,"turns":2.0},{"damage":10.0,"enemies":"Small Slimes","floor":4.0,"turns":3.0},{"damage":11.0,"enemies":"Exordium Thugs","floor":5.0,"turns":4.0},{"damage":44.0,"enemies":"Gremlin Nob","floor":10.0,"turns":5.0},{"damage":15.0,"enemies":"Blue Slaver","floor":12.0,"turns":2.0},{"damage":24.0,"enemies":"3 Sentries","floor":14.0,"turns":6.0},{"damage":21.0,"enemies":"Large Slime","floor":15.0,"turns":4.0},{"damage":31,"enemies":"DF_ARCHETYPE_STREAMLINE","floor":16,"turns":10},{"damage":23,"enemies":"Spheric Guardian","floor":19,"turns":4},{"damage":21,"enemies":"Snecko","floor":21,"turns":6},{"damage":20,"enemies":"downfall:FleeingMerchant","floor":22,"turns":4},{"damage":45,"enemies":"Gremlin Leader","floor":26,"turns":6},{"damage":70,"enemies":"downfall:FleeingMerchant","floor":27,"turns":4},{"damage":35,"enemies":"3 Cultists","floor":28,"turns":4},{"damage":20,"enemies":"Slavers","floor":30,"turns":2},{"damage":35,"enemies":"Sentry and Sphere","floor":31,"turns":3},{"damage":30,"enemies":"Cultist and Chosen","floor":32,"turns":2},{"damage":95,"enemies":"WA_ARCHETYPE_CALM","floor":33,"turns":8},{"damage":35,"enemies":"3 Shapes","floor":36,"turns":3},{"damage":20,"enemies":"3 Shapes","floor":37,"turns":4},{"damage":35,"enemies":"2 Orb Walkers","floor":38,"turns":3},{"damage":30,"enemies":"3 Darklings","floor":39,"turns":2},{"damage":30,"enemies":"Giant Head","floor":42,"turns":2},{"damage":15,"enemies":"4 Shapes","floor":45,"turns":2},{"damage":22,"enemies":"Reptomancer","floor":48,"turns":2},{"damage":17,"enemies":"Sphere and 2 Shapes","floor":49,"turns":3},{"damage":46,"enemies":"IC_BLOCK_ARCHETYPE","floor":50,"turns":5},{"damage":42,"enemies":"downfall:CharBossMerchant","floor":52,"turns":3},{"damage":139,"enemies":"downfall:NeowBoss","floor":55,"turns":11},{"damage":55,"enemies":"downfall:NeowBossFinal","floor":56,"turns":11}],"seed_played":"-1900398850894965968","potions_obtained":[{"floor":2.0,"key":"Strength Potion"},{"floor":3.0,"key":"Block Potion"},{"floor":14.0,"key":"ColorlessPotion"},{"floor":26,"key":"sneckomod:MuddlingPotion"},{"floor":27,"key":"Explosive Potion"},{"floor":28,"key":"Dexterity Potion"},{"floor":31,"key":"AttackPotion"},{"floor":32,"key":"sneckomod:MuddlingPotion"},{"floor":33,"key":"SkillPotion"},{"floor":36,"key":"ColorlessPotion"},{"floor":38,"key":"GamblersBrew"},{"floor":39,"key":"Fruit Juice"},{"floor":42,"key":"Fire Potion"},{"floor":45,"key":"ColorlessPotion"},{"floor":48,"key":"SpeedPotion"},{"floor":49,"key":"Ancient Potion"},{"floor":52,"key":"Regen Potion"}],"is_trial":false,"path_per_floor":["R","M","M","M","M","?","T","?","R","E","R","M","?","E","M","B",null,"R","M","?","M","$","R","T","?","E","$","M","$","E","M","M","B",null,"R","M","?","?","M","?","T","E","T","$","M","?","R","E","M","B",null,"E","$","R","B","B",null],"character_chosen":"THE_CHAMP","items_purchased":["Omamori","DollysMirror","Vajra","LiquidBronze"],"campfire_rested":0,"item_purchase_floors":[22,27,44,53],"current_hp_per_floor":[81,81,81,81,75,75,75,75,75,51,51,51,26,22,22,15,71,71,68,68,67,67,67,67,67,67,67,67,67,67,67,67,67,84,94,94,94,94,94,94,94,94,94,94,94,94,94,99,107,107,107,107,107,107,103,107],"gold":22,"neow_bonus":"TRANSFORM_CARD","is_daily":false,"chose_seed":false,"campfire_upgraded":7,"win_rate":0.0,"timestamp":1612394428,"path_taken":["R","M","M","M","?","?","T","?","R","E","R","M","?","E","M","BOSS","R","M","?","M","?","R","T","?","E","$","M","$","E","M","M","BOSS","R","M","?","?","M","?","T","E","?","$","M","?","R","E","M","BOSS","E","$","R","BOSS","BOSS"],"items_purchased_type":["Relic","Relic","Relic","Potion"],"build_version":"2020-12-22","purchased_purges":4,"victory":true,"max_hp_per_floor":[90,90,90,90,90,90,90,90,90,90,90,90,90,90,90,90,90,90,90,90,90,90,90,90,90,90,90,90,90,90,90,90,90,90,100,100,100,100,100,100,100,100,100,100,100,100,100,102,107,107,107,107,107,107,107,107],"relic_stats":{"Singing Bowl":2,"counters":[31,134],"Ornamental Fan":[300],"Sundial":[16],"Mummified Hand":[8],"StoneCalendar":[84],"PreservedInsect":358,"Cursed Key":2,"Question Card":5,"obtain_stats":[{"Ice Cream":37,"Singing Bowl":46,"Vajra":44,"champ:ChampionCrown":0,"downfall:HeartBlessingGreen":35,"StoneCalendar":38,"Cursed Key":34,"Matryoshka":10,"DollysMirror":27,"Sundial":30,"downfall:HeartBlessingBlue":35,"champ:DefensiveTrainingManual":46,"Mummified Hand":48,"downfall:ExtraCursedBell":46,"InkBottle":7,"Potion Belt":42,"downfall:HeartBlessingRed":23,"PreservedInsect":26,"Guardian:PocketSentry":13,"Omamori":22,"sneckomod:SneckoTalon":17,"Question Card":41,"White Beast Statue":24,"champ:GladiatorsBookOfMartialProwess":25,"Anchor":41,"Bottled Flame":43,"Ornamental Fan":14,"hexamod:BolsterEngine":52,"TungstenRod":46},{"Ice Cream":21,"Singing Bowl":25,"Vajra":24,"champ:ChampionCrown":0,"downfall:HeartBlessingGreen":19,"StoneCalendar":22,"Cursed Key":19,"Matryoshka":5,"DollysMirror":14,"Sundial":16,"downfall:HeartBlessingBlue":19,"champ:DefensiveTrainingManual":25,"Mummified Hand":26,"downfall:ExtraCursedBell":25,"InkBottle":4,"Potion Belt":24,"downfall:HeartBlessingRed":12,"PreservedInsect":13,"Guardian:PocketSentry":6,"Omamori":12,"sneckomod:SneckoTalon":9,"Question Card":23,"White Beast Statue":12,"champ:GladiatorsBookOfMartialProwess":12,"Anchor":23,"Bottled Flame":24,"Ornamental Fan":7,"hexamod:BolsterEngine":29,"TungstenRod":25},{"Ice Cream":90,"Singing Bowl":99,"Vajra":97,"champ:ChampionCrown":0,"downfall:HeartBlessingGreen":83,"StoneCalendar":93,"Cursed Key":83,"Matryoshka":18,"DollysMirror":64,"Sundial":70,"downfall:HeartBlessingBlue":83,"champ:DefensiveTrainingManual":99,"Mummified Hand":101,"downfall:ExtraCursedBell":99,"InkBottle":13,"Potion Belt":97,"downfall:HeartBlessingRed":54,"PreservedInsect":60,"Guardian:PocketSentry":20,"Omamori":54,"sneckomod:SneckoTalon":40,"Question Card":95,"White Beast Statue":54,"champ:GladiatorsBookOfMartialProwess":54,"Anchor":95,"Bottled Flame":97,"Ornamental Fan":26,"hexamod:BolsterEngine":112,"TungstenRod":99}],"InkBottle":[86],"TungstenRod":56},"card_choices":[{"not_picked":["champ:TornadoPunch","champ:Parry"],"picked":"champ:GutPunch","floor":2.0},{"not_picked":["champ:BerserkersShout","champ:Duel"],"picked":"champ:DefensiveShout","floor":3.0},{"not_picked":["champ:BladeFlurry","champ:SwordSigil"],"picked":"champ:ViciousMockery","floor":4.0},{"not_picked":["champ:EnragedBash","champ:CrownThrow"],"picked":"champ:Backstep","floor":5.0},{"not_picked":["champ:BerserkerStyle","champ:EnGarde","champ:ShieldSigil"],"picked":"SKIP","floor":10.0},{"not_picked":["champ:IronFortress","champ:FlashCut"],"picked":"champ:FancyFootwork","floor":12.0},{"not_picked":["champ:DefensiveShout","champ:PerfectedStrike"],"picked":"champ:EnGarde","floor":14.0},{"not_picked":["champ:FocusedBerserking","champ:EndlessRage","champ:Encircle"],"picked":"SKIP","floor":15.0},{"not_picked":["champ:MurderStrike","champ:TripleStrike"],"picked":"champ:DancingMaster","floor":16},{"not_picked":["champ:FocusedDefense","champ:BringItOn"],"picked":"champ:GutPunch","floor":19},{"not_picked":["champ:CrownThrow","champ:HeartStrike+1"],"picked":"champ:StanceDance","floor":21},{"not_picked":["champ:SwordThrow","champ:BladeFlurry"],"picked":"champ:ArenaPreparation+1","floor":22},{"not_picked":["champ:CrookedStrike","champ:FanOfKnives"],"picked":"champ:CalledShot+1","floor":26},{"not_picked":["champ:PreemptiveStrike+1","champ:Backstep","champ:TornadoPunch"],"picked":"SKIP","floor":27},{"not_picked":["champ:Encircle","champ:EnGarde","champ:DefensiveStyle+1"],"picked":"SKIP","floor":28},{"not_picked":["champ:FalseCounter","champ:DeathBlow","champ:RecklessLeap"],"picked":"SKIP","floor":30},{"not_picked":["champ:SwordSigil","champ:Backstep"],"picked":"champ:PreciseThrust+1","floor":31},{"not_picked":["champ:SkillfulDodge","champ:FlashCut","champ:BladeFlurry+1"],"picked":"SKIP","floor":32},{"not_picked":["champ:FanOfKnives","champ:CrownThrow","champ:DefensiveStyle+1"],"picked":"SKIP","floor":36},{"not_picked":["champ:BerserkersShout","champ:DefensiveStyle"],"picked":"champ:Haymaker","floor":37},{"not_picked":["champ:PerfectedStrike","champ:EnGarde"],"picked":"champ:FancyFootwork+1","floor":38},{"not_picked":["champ:ShieldWall","champ:Shatter+1","champ:FaceSlap"],"picked":"SKIP","floor":39},{"not_picked":["champ:ArenaPreparation","champ:GutPunch+1","champ:FocusedDefense+1"],"picked":"champ:PreciseThrust","floor":42},{"not_picked":["champ:FanOfKnives+1","champ:UltimateStance","champ:StanceDance","champ:RisingSlash+1"],"picked":"SKIP","floor":45},{"not_picked":["champ:Shatter+1","champ:Encircle","champ:BerserkerStyle+1","champ:BerserkersShout+1"],"picked":"Singing Bowl","floor":48},{"not_picked":["champ:BladeFlurry","champ:Parry+1","champ:DefensiveShout"],"picked":"champ:BringItOn+1","floor":49},{"not_picked":["champ:TripleStrike","champ:Haymaker+1","champ:FanOfKnives+1"],"picked":"champ:EndlessRage","floor":52}],"player_experience":716926,"relics_obtained":[{"floor":7.0,"key":"InkBottle"},{"floor":10.0,"key":"Matryoshka"},{"floor":14.0,"key":"Ornamental Fan"},{"floor":24,"key":"White Beast Statue"},{"floor":26,"key":"PreservedInsect"},{"floor":30,"key":"Sundial"},{"floor":37,"key":"Ice Cream"},{"floor":38,"key":"StoneCalendar"},{"floor":41,"key":"Anchor"},{"floor":41,"key":"Question Card"},{"floor":42,"key":"Potion Belt"},{"floor":43,"key":"Bottled Flame"},{"floor":46,"key":"TungstenRod"},{"floor":46,"key":"Singing Bowl"},{"floor":46,"key":"champ:DefensiveTrainingManual"},{"floor":48,"key":"Mummified Hand"},{"floor":52,"key":"hexamod:BolsterEngine"}],"event_choices":[{"cards_removed":["champ:Defend"],"damage_healed":0.0,"max_hp_gain":0.0,"max_hp_loss":0.0,"gold_gain":0.0,"event_name":"The Cleric","player_choice":"Card Removal","floor":6.0,"gold_loss":0.0,"damage_taken":0.0},{"damage_healed":0.0,"max_hp_gain":0.0,"max_hp_loss":0.0,"gold_gain":0.0,"event_name":"Scrap Ooze","player_choice":"Success","floor":13.0,"gold_loss":0.0,"damage_taken":25.0,"relics_obtained":["Guardian:PocketSentry"]},{"damage_healed":0,"gold_gain":0,"player_choice":"Fight","damage_taken":0,"max_hp_gain":0,"max_hp_loss":0,"event_name":"Mysterious Sphere","floor":38,"gold_loss":0}],"is_beta":false,"boss_relics":[{"not_picked":["Runic Dome","Busted Crown"],"picked":"sneckomod:SneckoTalon"},{"not_picked":["champ:ChampionCrownUpgraded","Black Star"],"picked":"Cursed Key"}],"items_purged_floors":[22,27,29,44],"is_endless":false,"potions_floor_spawned":[2,3,14,15,26,27,28,30,31,32,33,36,37,38,39,42,45,48,49,52],"ascension_level":9}}