{"host":"r91i8wii3z9p67t1","time":1612369838,"event":{"mods":["BaseMod","Minty Spire (QoL Compilation)","Relic Stats","Replay The Spire","StSLib"],"gold_per_floor":[118,131,131,167,167,167,167],"floor_reached":6,"language":"ZHT","playtime":548,"items_purged":[],"score":46,"play_id":"5580b834-e1a4-42ba-9ccf-1f3c395ec429","local_time":"20210204003038","is_ascension_mode":true,"campfire_choices":[],"circlet_count":0,"master_deck":["Strike_P","Strike_P","Strike_P","Strike_P","Defend_P","Defend_P","Defend_P","Defend_P","Eruption","Vigilance","EmptyBody","Halt","FollowUp"],"relics":["SacredBark","Frozen Egg 2","Peace Pipe"],"acts_visited":["Exordium"],"potions_floor_usage":[6,6],"damage_taken":[{"damage":2,"enemies":"Jaw Worm","floor":1,"turns":4},{"damage":5,"enemies":"2 Louse","floor":2,"turns":3},{"damage":108,"enemies":"Gremlin Nob","floor":6,"turns":5}],"seed_played":"4107629493235912241","potions_obtained":[{"floor":1,"key":"EssenceOfSteel"},{"floor":2,"key":"LifebloodPotion"}],"is_trial":false,"path_per_floor":["M","M","?","?","?","E"],"character_chosen":"WATCHER","items_purchased":[],"campfire_rested":0,"item_purchase_floors":[],"current_hp_per_floor":[63,58,51,33,33,0,0],"gold":167,"neow_bonus":"BOSS_RELIC","is_daily":false,"chose_seed":false,"campfire_upgraded":0,"win_rate":0.0,"timestamp":1612369838,"path_taken":["M","M","?","?","?","E"],"items_purchased_type":[],"build_version":"2020-12-22","purchased_purges":0,"victory":false,"max_hp_per_floor":[72,72,72,72,72,72,72],"relic_stats":{"Peace Pipe":0,"counters":[3,12],"obtain_stats":[{"Peace Pipe":4,"SacredBark":0,"PureWater":0,"Frozen Egg 2":3},{"Peace Pipe":2,"SacredBark":0,"PureWater":0,"Frozen Egg 2":2},{"Peace Pipe":7,"SacredBark":0,"PureWater":0,"Frozen Egg 2":7}]},"card_choices":[{"not_picked":["Replay:Cycle","Crescendo"],"picked":"EmptyBody","floor":1},{"not_picked":["Meditate","Replay:Cycle"],"picked":"Halt","floor":2},{"not_picked":["SandsOfTime","ClearTheMind"],"picked":"FollowUp","floor":4}],"player_experience":959534,"relics_obtained":[{"floor":4,"key":"Peace Pipe"}],"event_choices":[{"damage_healed":0,"gold_gain":0,"player_choice":"Success","damage_taken":7,"relics_obtained":["Frozen Egg 2"],"max_hp_gain":0,"max_hp_loss":0,"event_name":"Scrap Ooze","floor":3,"gold_loss":0},{"damage_healed":0,"gold_gain":0,"player_choice":"Ignored","damage_taken":0,"max_hp_gain":0,"max_hp_loss":0,"event_name":"Golden Wing","floor":5,"gold_loss":0}],"is_beta":false,"boss_relics":[],"items_purged_floors":[],"is_endless":false,"potions_floor_spawned":[1,2],"killed_by":"Gremlin Nob","ascension_level":7}}