{"host":"f0dbpmn0khgeoqc0","time":1612390934,"event":{"mods":["2.2 Compatiblity","AchievementEnabler","Act Like it!","Ascension Unlocker","Aspiration","BaseMod","Better Altar","Better Match","Better Sensory Stone","Better Skull","Better Third Choice","BetterRewards","Block Reminder","Colored Map","Colored Powertips","Conspire","DNKmod","Disable Question Mark Monsters","Displayed Cursed Tome","Evolution","Friendly Minions","Hermit","Highlight Path","Humility","Infinite Spire","Jorbs\u0027s Wanderer Trilogy","Koishi","Marisa????????","Minty Spire (QoL Compilation)","Monster B Gone","MostiFishMod","Permanent Neow","Random Character Button","Relic Filter","Relic Stats","Replay The Spire","Spicy Shops","Spire Arcade","StSLib","Td1madao Mod","The Gatherer","Treasure Hunter","Wandering Minibosses","??????REMEMod"],"gold_per_floor":[811,811,797,32,51,51,86,86,86,86,99,130,80,96,96,191,191,213,275,325,348,0,38,38,72,72,99,99,119,164,209,209,317,317,336,358,376,119,137,168,168,180,207,207,217,249,249,288,288,331,337],"floor_reached":52,"language":"ENG","playtime":2918,"items_purged":[],"score":1922,"play_id":"6e0a003f-6cbc-4d97-9c2f-a72604ff3563","local_time":"20210203172214","is_ascension_mode":true,"campfire_choices":[{"data":"Armaments","floor":6,"key":"SMITH"},{"data":"MostiFishMod:#F4004","floor":8,"key":"SMITH"},{"floor":15,"key":"REST"},{"data":"Limit Break","floor":28,"key":"SMITH"},{"data":"Double Tap","floor":28,"key":"SMITH"},{"data":"Bash","floor":32,"key":"SMITH"},{"data":"Shockwave","floor":32,"key":"SMITH"},{"data":"Double Tap","floor":41,"key":"SMITH"},{"data":"True Grit","floor":41,"key":"SMITH"},{"data":"TH:CursedSword","floor":47,"key":"SMITH"},{"data":"TH:CursedSword","floor":47,"key":"SMITH"},{"floor":49,"key":"REST"},{"data":"MostiFishMod:Moonprays","floor":49,"key":"SMITH"},{"data":"TH:CursedSword","floor":49,"key":"SMITH"}],"circlet_count":0,"master_deck":["AscendersBane","Headbutt","Headbutt","Headbutt","Headbutt","Headbutt","Defend_R","Defend_R","Defend_R","Defend_R","Bash+1","TH:DeckOfManyThings","Flame Barrier","Armaments+1","Cleave","REME_Cut","REME_SingleHolding","MostiFishMod:#F4004+1","TH:CursedSword+1","Sword Boomerang+1","TH:CursedSword","Injury","Shockwave+1","TH:CopperCoins","Iron Wave+1","conspire:SpireCoStock","TH:PixieDust","Limit Break+1","stsjorbsmod:Procrastination","CurseOfTheBell","Clumsy","Double Tap+1","Havoc","Writhe","Spot Weakness","Doubt","TH:CursedSword+1","TH:DeckOfManyThings","Massacre+1","TH:TreasureMap","TH:CopperCoins","Dual Wield+1","Shrug It Off","Inflame+1","Twin Strike+1","TH:CursedSword+1","Double Tap+1","Heavy Blade+1","True Grit+1","TH:CopperCoins","Heavy Blade+1","MostiFishMod:Moonprays+1","Pommel Strike+1","TH:TreasureMap","TH:TreasureMap","Warcry+1","Heavy Blade+1"],"relics":["Burning Blood","EVO:Axolotl","DaveBox","ImprovedEquipment","SynthV:TestCard","Lantern","infinitespire:Midas Blood","Gremlin Horn","Blood Vial","Self Forming Clay","Molten Egg 2","infinitespire:CheckeredPen","Frozen Egg 2","infinitespire:EmpoweringShard","Replay:Ancient Bell","REME_HandOfSuture","infinitespire:FocusingShard","wanderingMiniBosses:ThiefScarf","REME_ComplimentaryCards","Replay:Arrowhead","ReplayTheSpireMod:CursedCoin","Frozen Eye","ReplayTheSpireMod:TigerMarble","Du-Vu Doll","aspiration:SeaSaltIceCream","infinitespire:WardingShard","Replay:Wax Seal","aspiration:HummingbirdHeart","King of Hearts","Mark of Pain","Membership Card","Bag of Marbles","infinitespire:Magic Flask","REME_PuzzleBoxRelic","TH:Strongbox"],"acts_visited":["Exordium","TheCity","TheBeyond"],"potions_floor_usage":[16,16,29,31,33,33,42],"damage_taken":[{"damage":0,"enemies":"Small Slimes","floor":1,"turns":2},{"damage":0,"enemies":"Jaw Worm","floor":3,"turns":5},{"damage":3,"enemies":"conspire:RoseBush","floor":5,"turns":4},{"damage":7,"enemies":"Lagavulin","floor":7,"turns":5},{"damage":0,"enemies":"Red Slaver","floor":11,"turns":3},{"damage":25,"enemies":"3 Sentries","floor":12,"turns":4},{"damage":0,"enemies":"Exordium Thugs","floor":14,"turns":2},{"damage":16,"enemies":"Fading Forest","floor":16,"turns":13},{"damage":22,"enemies":"Spheric Guardian","floor":18,"turns":5},{"damage":8,"enemies":"3 Byrds","floor":19,"turns":5},{"damage":0,"enemies":"Shelled Parasite and Fungi","floor":21,"turns":1},{"damage":1,"enemies":"conspire:Head Lice","floor":23,"turns":4},{"damage":0,"enemies":"Slavers","floor":25,"turns":1},{"damage":0,"enemies":"Replay:Snechameleon","floor":27,"turns":2},{"damage":0,"enemies":"Cultist and Chosen","floor":29,"turns":3},{"damage":8,"enemies":"Snake Plant","floor":30,"turns":3},{"damage":4,"enemies":"3 Cultists","floor":31,"turns":3},{"damage":36,"enemies":"Champ","floor":33,"turns":5},{"damage":0,"enemies":"3 Shapes","floor":35,"turns":1},{"damage":8,"enemies":"Orb Walker","floor":36,"turns":3},{"damage":0,"enemies":"3 Darklings","floor":37,"turns":1},{"damage":0,"enemies":"4 Shapes","floor":39,"turns":1},{"damage":11,"enemies":"R_Hoarder","floor":40,"turns":5},{"damage":0,"enemies":"Maw","floor":42,"turns":1},{"damage":0,"enemies":"3 Darklings","floor":45,"turns":1},{"damage":7,"enemies":"Giant Head","floor":46,"turns":5},{"damage":37,"enemies":"Transient","floor":48,"turns":7},{"damage":3,"enemies":"Replay:Hell Engine","floor":50,"turns":5},{"damage":13,"enemies":"Donu and Deca","floor":51,"turns":5}],"seed_played":"-1488877862411938437","potions_obtained":[{"floor":5,"key":"Elixir"},{"floor":12,"key":"Toxic Potion"},{"floor":14,"key":"Dexterity Potion"},{"floor":23,"key":"GamblersBrew"},{"floor":29,"key":"REME_GoldPotion"},{"floor":30,"key":"ColorlessPotion"},{"floor":31,"key":"PowerPotion"},{"floor":35,"key":"CultistPotion"},{"floor":37,"key":"Adrenaline Potion"},{"floor":39,"key":"Flashbang"},{"floor":42,"key":"REME_GoldPotion"},{"floor":46,"key":"Dexterity Potion"}],"is_trial":false,"path_per_floor":["M","?","M","$","M","R","E","R","T","?","M","E","?","M","R","B",null,"M","M","?","M","$","E","$","E","T","E","R","M","M","M","R","B",null,"M","M","M","$","M","E","R","M","T","?","M","E","R","M","R","B","B",null],"character_chosen":"IRONCLAD","items_purchased":["Cleave","Gremlin Horn","REME_Cut","REME_SingleHolding","Blood Vial","aspiration:Nostalgia","ReplayTheSpireMod:CursedCoin","Spot Weakness","Frozen Eye","ReplayTheSpireMod:TigerMarble","Membership Card","Bag of Marbles"],"campfire_rested":2,"item_purchase_floors":[4,4,4,4,4,4,22,22,22,22,38,38],"current_hp_per_floor":[56,22,28,28,33,33,34,34,34,34,42,25,25,33,55,55,70,56,56,56,64,64,71,71,75,75,75,75,75,73,75,75,45,68,75,75,75,75,75,73,73,78,78,78,78,77,77,47,70,78,71],"gold":337,"neow_bonus":"TWO_FIFTY_GOLD","is_daily":false,"chose_seed":false,"campfire_upgraded":12,"win_rate":0.0,"timestamp":1612390934,"path_taken":["M","?","M","$","M","R","E","R","T","?","M","E","?","M","R","BOSS","M","M","?","?","?","E","?","E","T","E","R","M","M","M","R","BOSS","M","?","M","$","M","E","R","M","T","?","M","E","R","?","R","BOSS","BOSS"],"items_purchased_type":["Card","Relic","Card","Card","Relic","Relic","Relic","Card","Relic","Relic","Relic","Relic"],"build_version":"2020-12-22","purchased_purges":0,"victory":true,"max_hp_per_floor":[75,75,75,75,75,75,75,75,75,75,75,75,75,75,75,75,75,75,75,75,75,75,75,75,75,75,75,75,75,75,75,75,75,75,75,75,75,75,75,78,78,78,78,78,78,78,78,78,78,78,78],"relic_stats":{"Blood Vial":31,"Gremlin Horn":[34,34],"counters":[29,105],"Self Forming Clay":[93],"obtain_stats":[{"Golden Egg":23,"Calipers":36,"Gremlin Horn":4,"CeramicFish":21,"BloodWine":50,"TH:Strongbox":46,"EVO:Axolotl":0,"Ginger":33,"Blood Vial":4,"Replay:Ringing Soul":36,"infinitespire:Golems Mask":51,"Replay:Wax Seal":25,"aspiration:DSix":27,"wanderingMiniBosses:ThiefScarf":19,"aspiration:Nostalgia":4,"ReplayTheSpireMod:CursedCoin":22,"stsjorbsmod:GrimoireRelic":4,"Charon\u0027s Ashes":48,"Replay:Ancient Bell":17,"conspire:Boomerang":25,"aspiration:SeaSaltIceCream":23,"Letter Opener":33,"infinitespire:Magic Flask":40,"Question Card":50,"aspiration:FrozenJewel":30,"Du-Vu Doll":22,"Molten Egg 2":7,"Onion Ring":29,"Mark of Pain":34,"infinitespire:EmpoweringShard":12,"ReplayTheSpireMod:TigerMarble":22,"StrikeDummy":31,"Meat on the Bone":46,"Lantern":2,"Regal Pillow":27,"DaveBox":0,"REME_ChargedStone":45,"Blue Doll":42,"King of Hearts":27,"Burning Blood":0,"conspire:TopHat":39,"Frozen Eye":22,"Dream Catcher":35,"Replay:Bandana":37,"Matryoshka":40,"Shovel":40,"Toolbox":46,"ReplayTheSpireMod:Ninjato":23,"Self Forming Clay":4,"ImprovedEquipment":0,"infinitespire:FocusingShard":17,"PreservedInsect":30,"The Courier":35,"Omamori":25,"aspiration:HummingbirdHeart":26,"infinitespire:CheckeredPen":9,"Frozen Egg 2":10,"Orichalcum":39,"ThornShield":42,"Replay:Arrowhead":17,"CaptainsWheel":31,"SynthV:TestCard":1,"infinitespire:WardingShard":23,"REME_HandOfSuture":17,"TH:HealthInsurance":37,"Bag of Marbles":38,"Membership Card":29,"ReplayTheSpireMod:Onyx Gauntlets":21,"REME_PuzzleBoxRelic":43,"REME_ComplimentaryCards":0,"infinitespire:Midas Blood":2},{"Golden Egg":11,"Calipers":19,"Gremlin Horn":2,"CeramicFish":10,"BloodWine":27,"TH:Strongbox":26,"EVO:Axolotl":0,"Ginger":17,"Blood Vial":2,"Replay:Ringing Soul":19,"infinitespire:Golems Mask":28,"Replay:Wax Seal":13,"aspiration:DSix":13,"wanderingMiniBosses:ThiefScarf":10,"aspiration:Nostalgia":2,"ReplayTheSpireMod:CursedCoin":11,"stsjorbsmod:GrimoireRelic":2,"Charon\u0027s Ashes":26,"Replay:Ancient Bell":8,"conspire:Boomerang":12,"aspiration:SeaSaltIceCream":12,"Letter Opener":17,"infinitespire:Magic Flask":23,"Question Card":27,"aspiration:FrozenJewel":15,"Du-Vu Doll":11,"Molten Egg 2":4,"Onion Ring":14,"Mark of Pain":18,"infinitespire:EmpoweringShard":6,"ReplayTheSpireMod:TigerMarble":11,"StrikeDummy":16,"Meat on the Bone":25,"Lantern":1,"Regal Pillow":13,"DaveBox":0,"REME_ChargedStone":24,"Blue Doll":23,"King of Hearts":14,"Burning Blood":0,"conspire:TopHat":21,"Frozen Eye":11,"Dream Catcher":18,"Replay:Bandana":20,"Matryoshka":22,"Shovel":22,"Toolbox":25,"ReplayTheSpireMod:Ninjato":11,"Self Forming Clay":2,"ImprovedEquipment":0,"infinitespire:FocusingShard":8,"PreservedInsect":15,"The Courier":18,"Omamori":12,"aspiration:HummingbirdHeart":13,"infinitespire:CheckeredPen":4,"Frozen Egg 2":4,"Orichalcum":21,"ThornShield":23,"Replay:Arrowhead":8,"CaptainsWheel":16,"SynthV:TestCard":1,"infinitespire:WardingShard":12,"REME_HandOfSuture":8,"TH:HealthInsurance":20,"Bag of Marbles":21,"Membership Card":14,"ReplayTheSpireMod:Onyx Gauntlets":10,"REME_PuzzleBoxRelic":24,"REME_ComplimentaryCards":0,"infinitespire:Midas Blood":1},{"Golden Egg":49,"Calipers":71,"Gremlin Horn":7,"CeramicFish":48,"BloodWine":95,"TH:Strongbox":88,"EVO:Axolotl":0,"Ginger":65,"Blood Vial":7,"Replay:Ringing Soul":71,"infinitespire:Golems Mask":100,"Replay:Wax Seal":54,"aspiration:DSix":54,"wanderingMiniBosses:ThiefScarf":48,"aspiration:Nostalgia":7,"ReplayTheSpireMod:CursedCoin":49,"stsjorbsmod:GrimoireRelic":7,"Charon\u0027s Ashes":88,"Replay:Ancient Bell":38,"conspire:Boomerang":53,"aspiration:SeaSaltIceCream":53,"Letter Opener":65,"infinitespire:Magic Flask":81,"Question Card":95,"aspiration:FrozenJewel":59,"Du-Vu Doll":49,"Molten Egg 2":16,"Onion Ring":56,"Mark of Pain":70,"infinitespire:EmpoweringShard":23,"ReplayTheSpireMod:TigerMarble":49,"StrikeDummy":62,"Meat on the Bone":83,"Lantern":2,"Regal Pillow":54,"DaveBox":0,"REME_ChargedStone":82,"Blue Doll":81,"King of Hearts":56,"Burning Blood":0,"conspire:TopHat":75,"Frozen Eye":49,"Dream Catcher":70,"Replay:Bandana":74,"Matryoshka":76,"Shovel":76,"Toolbox":83,"ReplayTheSpireMod:Ninjato":49,"Self Forming Clay":7,"ImprovedEquipment":0,"infinitespire:FocusingShard":38,"PreservedInsect":59,"The Courier":70,"Omamori":53,"aspiration:HummingbirdHeart":54,"infinitespire:CheckeredPen":16,"Frozen Egg 2":16,"Orichalcum":75,"ThornShield":81,"Replay:Arrowhead":38,"CaptainsWheel":62,"SynthV:TestCard":2,"infinitespire:WardingShard":53,"REME_HandOfSuture":38,"TH:HealthInsurance":74,"Bag of Marbles":75,"Membership Card":56,"ReplayTheSpireMod:Onyx Gauntlets":48,"REME_PuzzleBoxRelic":82,"REME_ComplimentaryCards":0,"infinitespire:Midas Blood":2}],"Burning Blood":122},"card_choices":[{"not_picked":["Replay:Undeath\u0027s Touch","Infernal Blade"],"picked":"Flame Barrier","floor":1},{"not_picked":["Pommel Strike","REME_Scribble","Second Wind","Flex"],"picked":"Armaments","floor":3},{"not_picked":["Evolve","MostiFishMod:WingOfPhoenix","Heavy Blade","Havoc"],"picked":"MostiFishMod:#F4004","floor":5},{"not_picked":["TH:ArmorSpikes","TH:CopperCoins","TH:ElvenBoots"],"picked":"TH:CursedSword","floor":7},{"not_picked":["Warcry","Ghostly Armor","Iron Wave+1","Heavy Blade+1"],"picked":"Sword Boomerang+1","floor":7},{"not_picked":["TH:TreasureMap","TH:PixieDust","TH:DeckOfManyThings"],"picked":"TH:CursedSword","floor":9},{"not_picked":["Perfected Strike+1","Combust+1","Abandon","MostiFishMod:Chiaki"],"picked":"Shockwave","floor":11},{"not_picked":["TH:ArmorSpikes","TH:PixieDust","TH:Mimic"],"picked":"TH:CopperCoins","floor":12},{"not_picked":["Run Through+1","Rage","Sentinel","Headbutt+1"],"picked":"Iron Wave+1","floor":12},{"not_picked":["ReplayTheSpireMod:Stacked","Flex","Headbutt+1","True Grit","Anger+1"],"picked":"SKIP","floor":14},{"not_picked":["TH:Mimic","TH:ElvenBoots","TH:EnergyPotion"],"picked":"TH:PixieDust","floor":16},{"not_picked":["MostiFishMod:WingOfPhoenix+1","Juggernaut+1","MostiFishMod:Chiaki","MostiFishMod:404NotFound+1"],"picked":"Limit Break","floor":16},{"not_picked":["Parasite","Voices","Hallucinations","Pain"],"picked":"stsjorbsmod:Procrastination","floor":17},{"not_picked":["stsjorbsmod:Amnesia","Overencumbered","conspire:Blindness","REME_CurseOfMatryoshka"],"picked":"CurseOfTheBell","floor":17},{"not_picked":["ReplayTheSpireMod:Doomed","Pain","Looming Evil","CommonCold"],"picked":"Clumsy","floor":17},{"not_picked":["Cleave+1","Life Link+1","REME_Scribble","conspire:ExplosiveBarrier","Havoc"],"picked":"SKIP","floor":18},{"not_picked":["True Grit","Body Slam+1","Dark Embrace+1","Clothesline+1"],"picked":"Double Tap","floor":19},{"not_picked":["REME_SingleHolding","Rage","ReplayTheSpireMod:Stacked","Anger+1"],"picked":"Havoc","floor":21},{"not_picked":["TH:BikiniMail","TH:EnergyPotion","TH:DeckOfManyThings"],"picked":"TH:CursedSword","floor":23},{"not_picked":["Rampage+1","Cleave+1","Reckless Charge+1","Armaments","Flex"],"picked":"SKIP","floor":23},{"not_picked":["TH:BikiniMail","TH:ElvenBoots","TH:Mimic"],"picked":"TH:DeckOfManyThings","floor":25},{"not_picked":["infinitespire:OneForAll+1","Hemokinesis+1","Run Through+1","Dropkick+1"],"picked":"Massacre+1","floor":25},{"not_picked":["TH:Mimic","TH:DeckOfManyThings","TH:PixieDust"],"picked":"TH:TreasureMap","floor":26},{"not_picked":["TH:Mimic","TH:ArmorSpikes","TH:EnergyPotion"],"picked":"TH:CopperCoins","floor":27},{"not_picked":["Spot Weakness","True Grit","Abandon","Run Through+1"],"picked":"Dual Wield+1","floor":27},{"not_picked":["Perfected Strike+1","infinitespire:OneForAll+1","ReplayTheSpireMod:Corrosion Curse+1","Clash+1"],"picked":"Shrug It Off","floor":29},{"not_picked":["ReplayTheSpireMod:Strike From Hell+1","Clash+1","Eclipse","Armaments"],"picked":"Inflame+1","floor":30},{"not_picked":["Armaments","Heavy Blade+1","Body Slam+1","Massacre+1"],"picked":"Twin Strike+1","floor":31},{"not_picked":["TH:DeckOfManyThings","TH:BikiniMail","TH:Mimic"],"picked":"TH:CursedSword","floor":33},{"not_picked":["MostiFishMod:ChineseTea","Brutality+1","Offering","MostiFishMod:TemporaryOutbreak+1"],"picked":"Double Tap","floor":33},{"not_picked":["ReplayTheSpireMod:Muscle Training","Hemokinesis+1","Twin Strike+1","Uppercut+1"],"picked":"Heavy Blade+1","floor":35},{"not_picked":["Shrug It Off","Anger+1","Wild Strike+1","Run Through+1","Cleave+1"],"picked":"SKIP","floor":36},{"not_picked":["Carnage+1","REME_Cut+1","Flame Barrier","Wild Strike+1","Spot Weakness"],"picked":"SKIP","floor":37},{"not_picked":["Headbutt+1","Flex","REME_Cut+1","Iron Wave+1"],"picked":"True Grit","floor":39},{"not_picked":["TH:Mimic","TH:EnergyPotion","TH:PixieDust"],"picked":"TH:CopperCoins","floor":40},{"not_picked":["Shrug It Off","Flame Barrier","Sword Boomerang+1","Flex"],"picked":"Heavy Blade+1","floor":40},{"not_picked":["Bloodletting","Replay:Undeath\u0027s Touch+1","ReplayTheSpireMod:Corrosion Curse","Infernal Blade+1"],"picked":"Pommel Strike+1","floor":42},{"not_picked":["TH:PixieDust","TH:ElvenBoots","TH:EnergyPotion"],"picked":"TH:TreasureMap","floor":43},{"not_picked":["Iron Wave+1","Dual Wield+1","Perfected Strike+1","REME_FearOfPain+1","Defy Death"],"picked":"SKIP","floor":45},{"not_picked":["TH:EnergyPotion","TH:BikiniMail","TH:ElvenBoots"],"picked":"TH:TreasureMap","floor":46},{"not_picked":["Carnage+1","MostiFishMod:#F4004","MostiFishMod:404NotFound+1","MostiFishMod:TemporaryOutbreak+1"],"picked":"Warcry+1","floor":46},{"not_picked":["Rampage+1","Anger+1","Replay:Undeath\u0027s Touch+1","Body Slam+1"],"picked":"Heavy Blade+1","floor":48}],"player_experience":564252,"relics_obtained":[{"floor":1,"key":"SynthV:TestCard"},{"floor":7,"key":"Molten Egg 2"},{"floor":9,"key":"infinitespire:CheckeredPen"},{"floor":12,"key":"infinitespire:EmpoweringShard"},{"floor":19,"key":"wanderingMiniBosses:ThiefScarf"},{"floor":19,"key":"REME_ComplimentaryCards"},{"floor":19,"key":"Replay:Arrowhead"},{"floor":23,"key":"aspiration:SeaSaltIceCream"},{"floor":25,"key":"Replay:Wax Seal"},{"floor":26,"key":"aspiration:HummingbirdHeart"},{"floor":27,"key":"King of Hearts"},{"floor":40,"key":"infinitespire:Magic Flask"},{"floor":43,"key":"REME_PuzzleBoxRelic"},{"floor":46,"key":"TH:Strongbox"}],"event_choices":[{"damage_healed":0,"gold_gain":1,"player_choice":"Relic Relic ","damage_taken":34,"max_hp_gain":0,"max_hp_loss":0,"event_name":"betterThird:BetterScrap","floor":2,"gold_loss":0,"cards_obtained":["MostiFishMod:AdrenalineArouse"]},{"damage_healed":0,"gold_gain":0,"player_choice":"Invest 1","damage_taken":0,"max_hp_gain":0,"max_hp_loss":0,"event_name":"conspire:Investor","floor":13,"gold_loss":0},{"damage_healed":0,"gold_gain":50,"player_choice":"Pray","damage_taken":0,"max_hp_gain":0,"max_hp_loss":0,"event_name":"Golden Shrine","floor":20,"gold_loss":0},{"damage_healed":0,"gold_gain":0,"player_choice":"Ignored","damage_taken":0,"max_hp_gain":0,"max_hp_loss":0,"event_name":"Fountain of Cleansing","floor":44,"gold_loss":0}],"is_beta":false,"boss_relics":[{"not_picked":["Pandora\u0027s Box","SlaversCollar"],"picked":"Replay:Ancient Bell"},{"not_picked":["Pen Nib","ReplayTheSpireMod:Lightbulb"],"picked":"REME_HandOfSuture"},{"not_picked":["aspiration:SilentSkillbook","ReplayTheSpireMod:Shallot"],"picked":"infinitespire:FocusingShard"},{"not_picked":["Another Sword","OriginationStaff"],"picked":"Replay:Arrowhead"},{"not_picked":["Kintsugi","xbg"],"picked":"Mark of Pain"}],"items_purged_floors":[],"is_endless":false,"potions_floor_spawned":[5,12,14,23,29,30,31,35,37,39,42,46],"ascension_level":20,"is_humility":true}}