{"host":"dpz73eeqf7w0eu85","time":1612363452,"event":{"mods":["Act Like it!","BaseMod","Downfall","Gensokyo","Hallownest","Lobotomy","LobotomyExtend","Marisa£®ÏF”Í°°ƒß¿Ì…≥£©","Minty Spire (QoL Compilation)","Remilia£®¿Ÿ√◊¿Ú—«£©","StSLib","The Administrix","Youmu£®ªÍ∆«—˝√Œ£©","°æ“≈ŒÔø®≈∆°øREMEMod"],"gold_per_floor":[118,118,118,130,145,145,145,182,208,208,13,13,54,114,114,258,258,316,316,79,201,260,303,338,338,338,43,98,98,158,158,158,297,297,336,353,388,388,388,388,388,107,131,141,104,146,108,148,148,148,148],"floor_reached":50,"language":"ZHS","playtime":2958,"items_purged":["Shame"],"score":544,"play_id":"a12cf80d-e7ff-41e3-9a4f-e220d9346a04","local_time":"20210203224412","is_ascension_mode":false,"campfire_choices":[{"data":"WitchOfGreed","floor":6,"key":"SMITH"},{"data":"Gensokyo:MarisaTwilightSpark","floor":12,"key":"SMITH"},{"floor":15,"key":"RECALL"},{"floor":32,"key":"REST"},{"floor":40,"key":"REST"},{"floor":49,"key":"REST"}],"circlet_count":0,"master_deck":["Strike_MRS","Strike_MRS+1","Defend_MRS","Defend_MRS","MasterSpark+1","UpSweep","GasGiant","Gensokyo:MarisaTwilightSpark+1","WitchOfGreed+1","ShootingEcho","WitchLeyline","EnergyFlow","REME_EyeOfCthun","WitchLeyline","Orbital","DeepEcoloBomb","EscapeVelocity","WitchLeyline+1","DeepEcoloBomb+1","Singularity+1","REME_MagicPocketWatch","Panacea","StarDustReverie","SuperPerseids"],"relics":["MiniHakkero","REME_ComplimentaryCards","Gensokyo:CelestialsFlawlessClothing","LetterFromLob","Gensokyo:MarisaPhilosophersStone","Orichalcum","Whetstone","Lee\u0027s Waffle","RampagingMagicTools","REME_PuzzleBoxRelic","Strange Spoon","Oddly Smooth Stone","Empty Cage","Membership Card","Strawberry","Lantern","Letter Opener"],"acts_visited":["Exordium","Gensokyo:Gensokyo","TheBeyond"],"potions_floor_usage":[16,16,16,24,24,24,28,31,33,33,50,50,50],"damage_taken":[{"damage":6,"enemies":"Gensokyo:Python","floor":1,"turns":3},{"damage":7,"enemies":"Gensokyo:Gryphon","floor":4,"turns":3},{"damage":108,"enemies":"Gensokyo:Gryphon","floor":5,"turns":11},{"damage":9,"enemies":"Gensokyo:2_Kodama","floor":8,"turns":2},{"damage":3,"enemies":"Gensokyo:Mamizou","floor":13,"turns":6},{"damage":13,"enemies":"Gensokyo:5_Fairies","floor":14,"turns":5},{"damage":59,"enemies":"Gensokyo:Yukari","floor":16,"turns":11},{"damage":21,"enemies":"Hallownest:2_Mistakes","floor":18,"turns":4},{"damage":10,"enemies":"Hallownest:Guard_and_Sentry","floor":22,"turns":4},{"damage":26,"enemies":"Hallownest:3_Mistakes","floor":23,"turns":6},{"damage":0,"enemies":"Hallownest:Master_and_Novice","floor":24,"turns":2},{"damage":10,"enemies":"Hallownest:Warrior_and_Youth","floor":28,"turns":4},{"damage":6,"enemies":"Hallownest:monsterShrumalOgre","floor":30,"turns":3},{"damage":0,"enemies":"Hallownest:2_Husk_Sentries","floor":31,"turns":1},{"damage":22,"enemies":"Hallownest:BossGrimm","floor":33,"turns":5},{"damage":18,"enemies":"3 Shapes","floor":35,"turns":3},{"damage":5,"enemies":"Orb Walker","floor":36,"turns":2},{"damage":18,"enemies":"Maw","floor":37,"turns":5},{"damage":33,"enemies":"3 Darklings","floor":44,"turns":3},{"damage":5,"enemies":"Transient","floor":46,"turns":5},{"damage":33,"enemies":"Maw","floor":48,"turns":6},{"damage":148,"enemies":"Donu and Deca","floor":50,"turns":5}],"seed_played":"7822580554042526497","potions_obtained":[{"floor":5,"key":"BottledSpark"},{"floor":5,"key":"ShroomBrew"},{"floor":8,"key":"SmokeBomb"},{"floor":14,"key":"PowerPotion"},{"floor":16,"key":"BottledSpark"},{"floor":16,"key":"Block Potion"},{"floor":18,"key":"ShroomBrew"},{"floor":22,"key":"bronze:BurnAndBuffPotion"},{"floor":23,"key":"Guardian:BlockOnCardUsePotion"},{"floor":24,"key":"DistilledChaos"},{"floor":28,"key":"LiquidBronze"},{"floor":30,"key":"SmokeBomb"},{"floor":33,"key":"BottledSpark"},{"floor":33,"key":"FearPotion"},{"floor":35,"key":"FearPotion"},{"floor":36,"key":"BottledSpark"},{"floor":44,"key":"Strength Potion"},{"floor":46,"key":"Slimebound:ThreeZeroPotion"}],"is_trial":false,"path_per_floor":["M","?","?","M","?","R","?","M","T","T","$","R","E","M","R","B",null,"M","?","$","?","M","M","M","T","T","$","M","?","M","M","R","B",null,"M","M","M","?","?","R","?","$","T","M","$","M","$","M","R","B"],"character_chosen":"MARISA","items_purchased":["Lee\u0027s Waffle","WitchOfGreed","EnergyFlow","REME_EyeOfCthun","Strange Spoon","Guardian:BlockOnCardUsePotion","Membership Card","Strawberry","Panacea","StarDustReverie","SuperPerseids"],"campfire_rested":3,"item_purchase_floors":[11,11,20,20,27,27,42,42,42,45,47],"current_hp_per_floor":[76,56,56,49,23,23,43,34,34,34,89,89,86,73,73,14,89,68,68,68,68,58,32,32,32,32,32,22,22,16,16,42,20,89,71,66,48,48,48,74,74,81,81,48,48,43,43,10,38,0,0],"gold":148,"neow_bonus":"TEN_PERCENT_HP_BONUS","is_daily":false,"chose_seed":false,"campfire_upgraded":2,"win_rate":0.0,"timestamp":1612363452,"path_taken":["M","?","?","M","?","R","?","M","T","?","$","R","E","M","R","BOSS","M","?","$","?","?","M","M","?","T","$","M","?","?","M","R","BOSS","M","?","?","?","?","R","?","$","T","M","?","M","$","M","R","BOSS"],"items_purchased_type":["Relic","Card","Card","Card","Relic","Potion","Relic","Relic","Card","Card","Card"],"build_version":"2020-12-22","purchased_purges":1,"victory":false,"max_hp_per_floor":[82,82,82,82,82,82,82,82,82,82,89,89,89,89,89,89,89,89,89,89,89,89,89,89,89,89,89,89,89,89,89,89,89,89,89,89,89,89,89,89,89,96,96,96,96,96,96,96,96,96,96],"card_choices":[{"not_picked":["MilkyWay","EnergyRecoil"],"picked":"GasGiant","floor":1},{"not_picked":["DarkMatter","SporeBomb"],"picked":"Acceleration","floor":4},{"not_picked":["AsteroidBelt","DarkSpark"],"picked":"WitchLeyline","floor":5},{"not_picked":["ManaConvection","StarlightTyphoon","GrandCross"],"picked":"SKIP","floor":8},{"not_picked":["MilkyWay","DarkMatter"],"picked":"ShootingEcho","floor":13},{"not_picked":["DC","FairyDestructionRay"],"picked":"WitchLeyline","floor":14},{"not_picked":["MilkyWay","IllusionStar","MysteriousBeam"],"picked":"SKIP","floor":18},{"not_picked":["MeteoricShower","GalacticHalo+1"],"picked":"WitchLeyline","floor":22},{"not_picked":["GravityBeat","FairyDestructionRay"],"picked":"Orbital","floor":23},{"not_picked":["IllusionStar","MilkyWay","WitchOfGreed"],"picked":"SKIP","floor":24},{"not_picked":["GrandCross","OortCloud+1"],"picked":"DeepEcoloBomb","floor":28},{"not_picked":["6A","GravityBeat","MagicChant"],"picked":"SKIP","floor":30},{"not_picked":["CollectingQuirk","JA"],"picked":"EscapeVelocity","floor":33},{"not_picked":["SporeBomb","MysteriousBeam+1"],"picked":"WitchLeyline+1","floor":35},{"not_picked":["MysteriousBeam","SporeBomb+1"],"picked":"DeepEcoloBomb+1","floor":36},{"not_picked":["RefractionSpark","FairyDestructionRay+1"],"picked":"Singularity+1","floor":37},{"not_picked":["The Bomb","Dramatic Entrance"],"picked":"REME_MagicPocketWatch","floor":38},{"not_picked":["WitchOfGreed+1","MysteriousBeam","GravityBeat+1"],"picked":"SKIP","floor":44},{"not_picked":["NonDirectionalLaser+1","UnstableBomb","ShootingEcho"],"picked":"SKIP","floor":46},{"not_picked":["MeteoricShower+1","MagicChant+1","LuminesStrike+1"],"picked":"SKIP","floor":48}],"player_experience":148915,"relics_obtained":[{"floor":4,"key":"LetterFromLob"},{"floor":5,"key":"Gensokyo:MarisaPhilosophersStone"},{"floor":9,"key":"Orichalcum"},{"floor":10,"key":"Whetstone"},{"floor":25,"key":"REME_PuzzleBoxRelic"},{"floor":43,"key":"Lantern"}],"event_choices":[{"damage_healed":0,"gold_gain":0,"player_choice":"Memory 1","damage_taken":0,"max_hp_gain":0,"max_hp_loss":0,"event_name":"SensoryStone","floor":38,"gold_loss":0},{"damage_healed":0,"gold_gain":0,"player_choice":"Ignored","damage_taken":0,"max_hp_gain":0,"max_hp_loss":0,"event_name":"Mysterious Sphere","floor":39,"gold_loss":0}],"is_beta":false,"boss_relics":[{"not_picked":["Busted Crown","REME_DuelDisc"],"picked":"RampagingMagicTools"},{"not_picked":["Velvet Choker","Fusion Hammer"],"picked":"Empty Cage"}],"items_purged_floors":[27],"is_endless":false,"potions_floor_spawned":[5,8,18,22,23,30,31,36,44,46],"killed_by":"Donu and Deca","ascension_level":0}}