{"host":"ks71jpc99eh4jnzm","time":1612356340,"event":{"mods":["BaseMod","Colored Map","DeckTracker","Minty Spire (QoL Compilation)"],"gold_per_floor":[116,128,20,32,32,71,71,71,71],"floor_reached":8,"language":"KOR","playtime":430,"items_purged":[],"score":112,"play_id":"778fad8f-c7b7-4ee5-8c25-9a763aed04cb","local_time":"20210203214540","daily_mods":["Heirloom"],"is_ascension_mode":true,"campfire_choices":[{"floor":7,"key":"REST"}],"circlet_count":0,"master_deck":["AscendersBane","Strike_G","Strike_G","Strike_G","Strike_G","Strike_G","Defend_G","Defend_G","Defend_G","Defend_G","Defend_G","Survivor","Neutralize","Cloak And Dagger","Dagger Throw","Dagger Throw","Injury","PiercingWail"],"relics":["Ring of the Snake","Tingsha","Golden Idol","The Specimen"],"acts_visited":["Exordium"],"potions_floor_usage":[6,6],"damage_taken":[{"damage":0,"enemies":"Small Slimes","floor":1,"turns":5},{"damage":9,"enemies":"Jaw Worm","floor":2,"turns":5},{"damage":3,"enemies":"2 Louse","floor":4,"turns":3},{"damage":46,"enemies":"Gremlin Nob","floor":6,"turns":5},{"damage":0,"enemies":"Lagavulin","floor":8,"turns":2}],"seed_played":"445685980560890776","potions_obtained":[{"floor":4,"key":"SneckoOil"},{"floor":6,"key":"LiquidBronze"}],"is_trial":true,"path_per_floor":["M","M","$","M","?","E","R","E"],"character_chosen":"THE_SILENT","items_purchased":["Dagger Throw","Block Potion"],"campfire_rested":1,"item_purchase_floors":[3,3],"current_hp_per_floor":[59,50,50,47,47,1,20,20,20],"gold":71,"neow_bonus":"","is_daily":false,"chose_seed":false,"campfire_upgraded":0,"win_rate":0.0,"timestamp":1612356340,"path_taken":["M","M","$","M","?","E","R","E"],"items_purchased_type":["Card","Potion"],"build_version":"2020-12-22","purchased_purges":0,"victory":false,"max_hp_per_floor":[66,66,66,66,66,66,66,66,66],"card_choices":[{"not_picked":["Outmaneuver","Heel Hook","Acrobatics"],"picked":"SKIP","floor":1},{"not_picked":["Accuracy","Infinite Blades"],"picked":"Cloak And Dagger","floor":2},{"not_picked":["Grand Finale","Deflect"],"picked":"Dagger Throw","floor":4},{"not_picked":["Deflect","Flying Knee"],"picked":"PiercingWail","floor":6}],"player_experience":382002,"relics_obtained":[{"floor":6,"key":"The Specimen"}],"event_choices":[{"damage_healed":0,"gold_gain":0,"player_choice":"Take Wound","damage_taken":0,"relics_obtained":["Golden Idol"],"max_hp_gain":0,"max_hp_loss":0,"event_name":"Golden Idol","floor":5,"gold_loss":0,"cards_obtained":["Injury"]}],"is_beta":false,"boss_relics":[],"items_purged_floors":[],"is_endless":false,"potions_floor_spawned":[4,6],"killed_by":"Lagavulin","ascension_level":20}}