{"host":"cxnoj7uui3q38n47","time":1612376669,"event":{"mods":["BaseMod","Hermit","Lobotomy","Minty Spire (QoL Compilation)","StSLib","The Cursed"],"gold_per_floor":[115,129,147,164,164,203,203,128,128,128,149,49,80,80,80,208,208,228,37,52,98,98,98,125,215,241,289,289,315,340,387,387,532,532,574,305,338,338,560,598,148,148,218,298,338,338,116,139,139,146],"floor_reached":51,"language":"ENG","playtime":3964,"items_purged":["hermit:Defend_Hermit","hermit:Defend_Hermit","hermit:Strike_Hermit","hermit:Strike_Hermit"],"score":813,"play_id":"499ed5c1-9cd7-4516-bb01-22b89d48acab","local_time":"20210203122429","is_ascension_mode":false,"campfire_choices":[{"data":"hermit:Dive","floor":7.0,"key":"SMITH"},{"data":"hermit:Dive","floor":10.0,"key":"SMITH"},{"data":"hermit:Defend_Hermit","floor":15.0,"key":"SMITH"},{"data":"hermit:Scavenge","floor":23.0,"key":"SMITH"},{"data":"hermit:Combo","floor":28.0,"key":"SMITH"},{"data":"hermit:Scavenge","floor":32.0,"key":"SMITH"},{"data":"hermit:DeadOrAlive","floor":42.0,"key":"SMITH"},{"data":"hermit:Quickdraw","floor":46,"key":"SMITH"},{"data":"hermit:TakeAim","floor":49,"key":"SMITH"}],"circlet_count":0,"master_deck":["hermit:Defend_Hermit+1","hermit:Snapshot","hermit:Covet","hermit:Dive+1","hermit:Dive+1","hermit:Enervate","hermit:Roughhouse","hermit:DeadMansHand+1","hermit:OverwhelmingPower+1","hermit:Snipe+1","hermit:GhostlyPresence","hermit:Combo+1","hermit:Scavenge+1","hermit:Quickdraw+1","hermit:BigShot+1","hermit:Scavenge+1","hermit:DeadOrAlive+1","hermit:PistolWhip+1","hermit:TakeAim+1","hermit:GhostlyPresence+1"],"relics":["Sozu","Golden Idol","Mercury Hourglass","Eternal Feather","Odd Mushroom","Astrolabe","Lantern","Red Mask","Toy Ornithopter","Omamori","hermit:Horseshoe","Dream Catcher","Busted Crown","Bag of Marbles","hermit:PetGhost","Anchor","Toxic Egg 2","Prayer Wheel","Blood Vial"],"acts_visited":["Exordium","TheCity","TheBeyond"],"potions_floor_usage":[],"damage_taken":[{"damage":2.0,"enemies":"2 Louse","floor":1.0,"turns":3.0},{"damage":0.0,"enemies":"Small Slimes","floor":2.0,"turns":4.0},{"damage":6.0,"enemies":"Jaw Worm","floor":3.0,"turns":3.0},{"damage":10.0,"enemies":"Exordium Wildlife","floor":4.0,"turns":5.0},{"damage":8.0,"enemies":"3 Sentries","floor":6.0,"turns":10.0},{"damage":0.0,"enemies":"Red Slaver","floor":11.0,"turns":2.0},{"damage":1.0,"enemies":"The Mushroom Lair","floor":13.0,"turns":4.0},{"damage":22.0,"enemies":"Slime Boss","floor":16.0,"turns":10.0},{"damage":4.0,"enemies":"2 Thieves","floor":18.0,"turns":3.0},{"damage":2.0,"enemies":"Chosen","floor":20.0,"turns":4.0},{"damage":5.0,"enemies":"Masked Bandits","floor":21.0,"turns":5.0},{"damage":11.0,"enemies":"Centurion and Healer","floor":24.0,"turns":5.0},{"damage":4.0,"enemies":"Slavers","floor":27.0,"turns":7.0},{"damage":0.0,"enemies":"Snake Plant","floor":29.0,"turns":4.0},{"damage":0.0,"enemies":"Snecko","floor":30.0,"turns":6.0},{"damage":10.0,"enemies":"Gremlin Leader","floor":31.0,"turns":3.0},{"damage":40.0,"enemies":"Champ","floor":33.0,"turns":9.0},{"damage":8.0,"enemies":"3 Shapes","floor":35.0,"turns":3.0},{"damage":0.0,"enemies":"Orb Walker","floor":37.0,"turns":3.0},{"damage":8.0,"enemies":"Nemesis","floor":40.0,"turns":5.0},{"damage":2,"enemies":"2 Orb Walkers","floor":44,"turns":5},{"damage":0,"enemies":"Jaw Worm Horde","floor":45,"turns":6},{"damage":0,"enemies":"4 Shapes","floor":48,"turns":7},{"damage":24,"enemies":"Donu and Deca","floor":50,"turns":7}],"seed_played":"9160765095603397424","potions_obtained":[],"is_trial":false,"path_per_floor":["M","M","M","M","?","E","R","$","T","R","M","$","?","?","R","B",null,"M","$","M","?","?","R","M","?","T","E","R","M","M","E","R","B",null,"M","$","M","?","?","E","$","R","T","?","M","R","$","M","R","B",null],"character_chosen":"HERMIT","items_purchased":["Lantern","hermit:Combo","Bag of Marbles","hermit:PetGhost","Anchor","hermit:TakeAim","Blood Vial"],"campfire_rested":0,"item_purchase_floors":[19,19,36,41,41,47,47],"current_hp_per_floor":[73,73,67,57,39,31,31,31,31,37,37,37,36,41,47,25,80,76,76,74,69,69,78,67,55,55,51,60,60,60,50,59,19,80,72,72,72,72,72,64,64,73,73,71,71,80,80,80,80,56],"gold":146,"neow_bonus":"BOSS_RELIC","is_daily":false,"chose_seed":false,"campfire_upgraded":9,"win_rate":0.0,"timestamp":1612376669,"path_taken":["M","M","M","M","?","E","R","$","T","R","M","$","?","?","R","BOSS","M","$","M","?","?","R","?","?","T","E","R","?","M","E","R","BOSS","M","$","M","?","?","E","$","R","T","?","?","R","$","M","R","BOSS"],"items_purchased_type":["Card","Card","Relic","Relic","Relic","Card","Relic"],"build_version":"2020-12-22","purchased_purges":4,"victory":true,"max_hp_per_floor":[75,75,75,75,75,75,75,75,75,75,75,75,75,80,80,80,80,80,80,80,80,80,80,80,80,80,80,80,80,80,80,80,80,80,80,80,80,80,80,80,80,80,80,80,80,80,80,80,80,80],"card_choices":[{"not_picked":["hermit:Misfire","hermit:Ricochet"],"picked":"hermit:Dive","floor":1.0},{"not_picked":["hermit:Cheat","hermit:SprayPray"],"picked":"hermit:Dive","floor":2.0},{"not_picked":["hermit:Desperado","hermit:DeadMansHand"],"picked":"hermit:Enervate","floor":3.0},{"not_picked":["hermit:Dive","hermit:Feint","hermit:Snipe"],"picked":"SKIP","floor":4.0},{"not_picked":["hermit:Magnum","hermit:ItchyTrigger","hermit:SprayPray"],"picked":"SKIP","floor":6.0},{"not_picked":["hermit:Spite","hermit:ItchyTrigger","hermit:Feint"],"picked":"SKIP","floor":11.0},{"not_picked":["hermit:Dissolve","hermit:Magnum"],"picked":"hermit:Roughhouse","floor":16.0},{"not_picked":["hermit:TakeCover","hermit:Desperado"],"picked":"hermit:GhostlyPresence","floor":18.0},{"not_picked":["hermit:Feint+1","hermit:Manifest"],"picked":"hermit:Scavenge","floor":20.0},{"not_picked":["hermit:Midnight","hermit:WideOpen"],"picked":"hermit:Quickdraw","floor":24.0},{"not_picked":["hermit:Ricochet","hermit:Manifest+1","hermit:TakeCover"],"picked":"SKIP","floor":27.0},{"not_picked":["hermit:FullyLoaded","hermit:Adapt","hermit:Desperado+1"],"picked":"SKIP","floor":29.0},{"not_picked":["hermit:Maintenance+1","hermit:Feint+1"],"picked":"hermit:BigShot+1","floor":30.0},{"not_picked":["hermit:Virtue","hermit:Vantage+1"],"picked":"hermit:Scavenge","floor":31.0},{"not_picked":["hermit:EternalForm","hermit:FatalDesire"],"picked":"hermit:DeadOrAlive","floor":33.0},{"not_picked":["hermit:Feint"],"picked":"SKIP","floor":35.0},{"not_picked":["hermit:Misfire+1"],"picked":"SKIP","floor":37.0},{"not_picked":["hermit:Manifest"],"picked":"SKIP","floor":40.0},{"not_picked":[],"picked":"hermit:PistolWhip+1","floor":45},{"not_picked":["hermit:HighCaliber+1"],"picked":"SKIP","floor":45},{"not_picked":[],"picked":"hermit:GhostlyPresence+1","floor":48},{"not_picked":["hermit:PistolWhip+1"],"picked":"SKIP","floor":48}],"player_experience":255855,"relics_obtained":[{"floor":6.0,"key":"Mercury Hourglass"},{"floor":9.0,"key":"Eternal Feather"},{"floor":13.0,"key":"Odd Mushroom"},{"floor":21.0,"key":"Red Mask"},{"floor":26.0,"key":"Omamori"},{"floor":27.0,"key":"hermit:Horseshoe"},{"floor":31.0,"key":"Dream Catcher"},{"floor":43.0,"key":"Toxic Egg 2"},{"floor":44,"key":"Prayer Wheel"}],"event_choices":[{"damage_healed":0.0,"max_hp_gain":0.0,"max_hp_loss":0.0,"gold_gain":0.0,"event_name":"Golden Idol","player_choice":"Take Damage","floor":5.0,"gold_loss":0.0,"damage_taken":18.0,"relics_obtained":["Golden Idol"]},{"damage_healed":0.0,"max_hp_gain":0.0,"max_hp_loss":0.0,"gold_gain":0.0,"event_name":"Mushrooms","player_choice":"Fought Mushrooms","floor":13.0,"gold_loss":0.0,"damage_taken":0.0},{"damage_healed":0.0,"max_hp_gain":5.0,"max_hp_loss":0.0,"gold_gain":0.0,"event_name":"Big Fish","player_choice":"Donut","floor":14.0,"gold_loss":0.0,"damage_taken":0.0},{"damage_healed":0.0,"max_hp_gain":0.0,"max_hp_loss":0.0,"gold_gain":0.0,"event_name":"Masked Bandits","player_choice":"Fought Bandits","floor":21.0,"gold_loss":0.0,"damage_taken":0.0},{"damage_healed":0.0,"max_hp_gain":0.0,"max_hp_loss":0.0,"gold_gain":0.0,"event_name":"The Mausoleum","player_choice":"Opened","floor":22.0,"gold_loss":0.0,"damage_taken":0.0,"relics_obtained":["Toy Ornithopter"]},{"damage_healed":0.0,"max_hp_gain":0.0,"max_hp_loss":0.0,"gold_gain":90.0,"event_name":"Knowing Skull","player_choice":"GOLD ","floor":25.0,"potions_obtained":[],"gold_loss":0.0,"damage_taken":12.0,"cards_obtained":[]},{"damage_healed":0.0,"max_hp_gain":0.0,"max_hp_loss":0.0,"gold_gain":0.0,"event_name":"SensoryStone","player_choice":"Memory 1","floor":38.0,"gold_loss":0.0,"damage_taken":0.0},{"damage_healed":0.0,"max_hp_gain":0.0,"max_hp_loss":0.0,"gold_gain":222.0,"event_name":"Tomb of Lord Red Mask","player_choice":"Wore Mask","floor":39.0,"gold_loss":0.0,"damage_taken":0.0},{"damage_healed":0,"gold_gain":0,"player_choice":"Fight","damage_taken":0,"max_hp_gain":0,"max_hp_loss":0,"event_name":"Mysterious Sphere","floor":44,"gold_loss":0}],"is_beta":false,"boss_relics":[{"not_picked":["hermit:BartenderGlass","Ectoplasm"],"picked":"Astrolabe"},{"not_picked":["SacredBark","Runic Dome"],"picked":"Busted Crown"}],"items_purged_floors":[8,12,36,41],"is_endless":false,"potions_floor_spawned":[2,6,13,20,24,27,30,33,37,45,48],"ascension_level":0}}