{"host":"lv3zv4svf9qrs9uo","time":1612340569,"event":{"mods":["AchievementEnabler","BaseMod","Minty Spire (QoL Compilation)"],"gold_per_floor":[114,189,206,206,229,229,229,199,199,222,260,278,2,15,15,146,209,230,255,255,278,278,312,312,337,337,370,393,393,417,435,435,560,560,585,495,515,540,558,589,589,922,947,980,362,0,0,20,20,20],"floor_reached":51,"language":"ENG","playtime":8476,"items_purged":["Defend_P","Strike_P"],"score":926,"play_id":"4be83d80-fe16-4ef0-a8ac-642fb0b5421e","local_time":"20210203002249","is_ascension_mode":false,"campfire_choices":[{"data":"Eruption","floor":6.0,"key":"SMITH"},{"data":"SashWhip","floor":15.0,"key":"SMITH"},{"data":"CrushJoints","floor":24.0,"key":"SMITH"},{"data":"CutThroughFate","floor":32,"key":"SMITH"},{"data":"Vigilance","floor":41,"key":"SMITH"},{"floor":49,"key":"REST"}],"circlet_count":0,"master_deck":["Strike_P+1","Defend_P+1","Defend_P","Defend_P","Eruption+1","Vigilance+1","CrushJoints+1","SashWhip+1","CutThroughFate+1","EmptyFist+1","CutThroughFate+1","CutThroughFate+1","ClearTheMind+1","BowlingBash+1","FlurryOfBlows+1","Eruption+1","ThirdEye+1","Halt+1","Evaluate+1"],"relics":["Velvet Choker","Vajra","Molten Egg 2","ClockworkSouvenir","Tiny House","Toxic Egg 2","Centennial Puzzle","Ornamental Fan","SacredBark","Mango","MealTicket","CeramicFish","Anchor","Dream Catcher","Sling","Red Mask"],"acts_visited":["Exordium","TheCity","TheBeyond"],"potions_floor_usage":[27,33,33,35,44,50,50,50,50,50,50],"damage_taken":[{"damage":5.0,"enemies":"2 Louse","floor":1.0,"turns":3.0},{"damage":0.0,"enemies":"Small Slimes","floor":3.0,"turns":2.0},{"damage":1.0,"enemies":"Cultist","floor":5.0,"turns":4.0},{"damage":0.0,"enemies":"Blue Slaver","floor":10.0,"turns":4.0},{"damage":0.0,"enemies":"Lagavulin","floor":11.0,"turns":3.0},{"damage":0.0,"enemies":"Looter","floor":12.0,"turns":3.0},{"damage":0.0,"enemies":"Lots of Slimes","floor":14.0,"turns":2.0},{"damage":41.0,"enemies":"The Guardian","floor":16.0,"turns":8.0},{"damage":1.0,"enemies":"Chosen","floor":18.0,"turns":3.0},{"damage":0.0,"enemies":"Spheric Guardian","floor":19.0,"turns":1.0},{"damage":0.0,"enemies":"3 Cultists","floor":21.0,"turns":3.0},{"damage":0.0,"enemies":"Gremlin Leader","floor":23.0,"turns":3.0},{"damage":4,"enemies":"Centurion and Healer","floor":25,"turns":3},{"damage":0,"enemies":"Book of Stabbing","floor":27,"turns":2},{"damage":0,"enemies":"Snake Plant","floor":28,"turns":3},{"damage":0,"enemies":"Snecko","floor":30,"turns":3},{"damage":0,"enemies":"Centurion and Healer","floor":31,"turns":3},{"damage":0,"enemies":"Champ","floor":33,"turns":6},{"damage":0,"enemies":"Orb Walker","floor":35,"turns":4},{"damage":2,"enemies":"3 Darklings","floor":37,"turns":3},{"damage":0,"enemies":"Transient","floor":38,"turns":5},{"damage":2,"enemies":"4 Shapes","floor":39,"turns":4},{"damage":33,"enemies":"Giant Head","floor":40,"turns":7},{"damage":8,"enemies":"Nemesis","floor":44,"turns":5},{"damage":3,"enemies":"Writhing Mass","floor":48,"turns":4},{"damage":1,"enemies":"Donu and Deca","floor":50,"turns":6}],"seed_played":"-917568317824063106","potions_obtained":[{"floor":1.0,"key":"SkillPotion"},{"floor":8.0,"key":"Energy Potion"},{"floor":8.0,"key":"ColorlessPotion"},{"floor":11.0,"key":"Strength Potion"},{"floor":12.0,"key":"AttackPotion"},{"floor":14.0,"key":"Strength Potion"},{"floor":17.0,"key":"DistilledChaos"},{"floor":19.0,"key":"BottledMiracle"},{"floor":21.0,"key":"CultistPotion"},{"floor":27,"key":"BottledMiracle"},{"floor":28,"key":"SpeedPotion"},{"floor":30,"key":"ColorlessPotion"},{"floor":33,"key":"EntropicBrew"},{"floor":37,"key":"Regen Potion"},{"floor":38,"key":"SpeedPotion"}],"is_trial":false,"path_per_floor":["M","?","M","?","M","R","?","?","T","M","E","M","$","M","R","B",null,"M","M","?","M","?","E","R","M","T","E","M","?","M","M","R","B",null,"M","?","M","M","M","E","R","?","T","E","$","?","?","M","R","B",null],"character_chosen":"WATCHER","items_purchased":["EmptyFist+1","ClockworkSouvenir","Anchor","EssenceOfSteel","Dream Catcher","Sling"],"campfire_rested":1,"item_purchase_floors":[13,13,45,45,45,45],"current_hp_per_floor":[67,56,56,38,37,37,42,42,42,42,42,42,42,42,42,1,82,81,81,81,81,81,81,81,77,77,77,77,77,77,77,77,77,82,82,82,80,80,78,59,59,59,59,85,96,96,86,83,96,95],"gold":20,"neow_bonus":"BOSS_RELIC","is_daily":false,"chose_seed":false,"campfire_upgraded":5,"win_rate":0.0,"timestamp":1612340569,"path_taken":["M","?","M","?","M","R","?","?","T","M","E","M","$","M","R","BOSS","M","?","?","M","?","E","R","M","T","E","?","?","M","M","R","BOSS","M","?","M","?","M","E","R","?","T","E","$","?","?","M","R","BOSS"],"items_purchased_type":["Card","Relic","Relic","Potion","Relic","Relic"],"build_version":"2020-12-22","purchased_purges":2,"victory":true,"max_hp_per_floor":[72,72,72,72,72,72,77,77,77,77,77,77,77,77,77,77,82,82,82,82,82,82,82,82,82,82,82,82,82,82,82,82,82,82,82,82,82,82,82,96,96,96,96,96,96,96,96,96,96,96],"card_choices":[{"not_picked":["Meditate","Crescendo"],"picked":"CrushJoints","floor":1.0},{"not_picked":["CarveReality","WreathOfFlame"],"picked":"SashWhip","floor":3.0},{"not_picked":["Indignation","PathToVictory","DeusExMachina"],"picked":"SKIP","floor":5.0},{"not_picked":["Prostrate","PathToVictory"],"picked":"CutThroughFate","floor":10.0},{"not_picked":["WaveOfTheHand","BattleHymn","Weave+1"],"picked":"SKIP","floor":11.0},{"not_picked":["Adaptation","Tantrum+1","WindmillStrike+1"],"picked":"SKIP","floor":12.0},{"not_picked":["FlyingSleeves+1","BowlingBash+1"],"picked":"CutThroughFate+1","floor":14.0},{"not_picked":["Fasting2","ReachHeaven+1"],"picked":"CutThroughFate+1","floor":17.0},{"not_picked":["SashWhip+1","Adaptation"],"picked":"ClearTheMind+1","floor":18.0},{"not_picked":["ReachHeaven+1","Study"],"picked":"BowlingBash+1","floor":19.0},{"not_picked":["WheelKick+1","SashWhip+1","Vault"],"picked":"SKIP","floor":21.0},{"not_picked":["EmptyFist+1","Perseverance+1","Weave+1"],"picked":"SKIP","floor":23.0},{"not_picked":["Consecrate+1","CrushJoints+1","EmptyFist+1"],"picked":"SKIP","floor":25},{"not_picked":["FearNoEvil+1","Sanctity+1","TalkToTheHand+1"],"picked":"SKIP","floor":27},{"not_picked":["SashWhip+1","Consecrate+1","SandsOfTime+1"],"picked":"SKIP","floor":28},{"not_picked":["EmptyBody+1","Consecrate+1"],"picked":"ThirdEye+1","floor":30},{"not_picked":["WreathOfFlame+1","TalkToTheHand+1"],"picked":"Halt+1","floor":31},{"not_picked":["BattleHymn","ReachHeaven+1","ThirdEye+1"],"picked":"SKIP","floor":35},{"not_picked":["CrushJoints+1","Swivel+1","EmptyBody+1"],"picked":"SKIP","floor":37},{"not_picked":["EmptyBody+1","Prostrate+1","Worship+1"],"picked":"SKIP","floor":38},{"not_picked":["CutThroughFate+1","EmptyBody+1","Adaptation"],"picked":"SKIP","floor":39},{"not_picked":["DeceiveReality+1","Evaluate+1","Consecrate+1"],"picked":"SKIP","floor":40},{"not_picked":["Consecrate+1","FlurryOfBlows+1","MentalFortress"],"picked":"SKIP","floor":44},{"not_picked":["Adaptation+1","FlyingSleeves+1"],"picked":"Evaluate+1","floor":48}],"player_experience":495353,"relics_obtained":[{"floor":9.0,"key":"Vajra"},{"floor":11.0,"key":"Molten Egg 2"},{"floor":23.0,"key":"Toxic Egg 2"},{"floor":26,"key":"Centennial Puzzle"},{"floor":27,"key":"Ornamental Fan"},{"floor":40,"key":"Mango"},{"floor":43,"key":"MealTicket"},{"floor":44,"key":"CeramicFish"}],"event_choices":[{"damage_healed":0.0,"max_hp_gain":0.0,"max_hp_loss":0.0,"gold_gain":75.0,"event_name":"World of Goop","player_choice":"Gather Gold","floor":2.0,"gold_loss":0.0,"damage_taken":11.0},{"damage_healed":0.0,"max_hp_gain":0.0,"max_hp_loss":0.0,"gold_gain":0.0,"event_name":"Golden Idol","player_choice":"Take Damage","floor":4.0,"gold_loss":0.0,"damage_taken":18.0,"relics_obtained":["Golden Idol"]},{"damage_healed":0.0,"max_hp_gain":5.0,"max_hp_loss":0.0,"gold_gain":0.0,"event_name":"Big Fish","player_choice":"Donut","floor":7.0,"gold_loss":0.0,"damage_taken":0.0},{"damage_healed":0.0,"max_hp_gain":0.0,"max_hp_loss":0.0,"gold_gain":0.0,"event_name":"The Woman in Blue","player_choice":"Bought 2 Potions","floor":8.0,"gold_loss":0.0,"damage_taken":0.0},{"damage_healed":0.0,"max_hp_gain":0.0,"max_hp_loss":0.0,"gold_gain":0.0,"event_name":"The Library","player_choice":"Read","floor":20.0,"gold_loss":0.0,"damage_taken":0.0,"cards_obtained":["FlurryOfBlows"]},{"cards_removed":["Strike_P"],"damage_healed":0.0,"max_hp_gain":0.0,"max_hp_loss":0.0,"gold_gain":0.0,"event_name":"Purifier","player_choice":"Purged","floor":22.0,"gold_loss":0.0,"damage_taken":0.0},{"damage_healed":0,"gold_gain":0,"player_choice":"1 cards matched","damage_taken":0,"max_hp_gain":0,"max_hp_loss":0,"event_name":"Match and Keep!","floor":29,"gold_loss":0,"cards_obtained":["Eruption"]},{"cards_removed":["Strike_P"],"damage_healed":0,"gold_gain":0,"player_choice":"Upgrade and Remove","damage_taken":0,"max_hp_gain":0,"max_hp_loss":0,"event_name":"Designer","floor":36,"gold_loss":90,"cards_upgraded":["Strike_P"]},{"damage_healed":0,"gold_gain":333,"player_choice":"Gave Idol","damage_taken":0,"max_hp_gain":0,"max_hp_loss":0,"event_name":"The Moai Head","floor":42,"relics_lost":["Golden Idol"],"gold_loss":0},{"damage_healed":0,"gold_gain":0,"player_choice":"Paid","damage_taken":0,"relics_obtained":["Red Mask"],"max_hp_gain":0,"max_hp_loss":0,"event_name":"Tomb of Lord Red Mask","floor":46,"gold_loss":362},{"damage_healed":0,"gold_gain":0,"player_choice":"Memory 3","damage_taken":10,"max_hp_gain":0,"max_hp_loss":0,"event_name":"SensoryStone","floor":47,"gold_loss":0}],"is_beta":false,"boss_relics":[{"not_picked":["Astrolabe","Ectoplasm"],"picked":"Tiny House"},{"not_picked":["Sozu","Runic Dome"],"picked":"SacredBark"}],"items_purged_floors":[13,45],"is_endless":false,"potions_floor_spawned":[1,11,12,14,19,21,27,28,30,33,37,38],"ascension_level":0}}