{"host":"ztbcjri4lmj3mep7","time":1612311954,"event":{"mods":["BaseMod","Become a monster ???","Better Altar","Better Match","Better Sensory Stone","Better Skull","Better Third Choice","Challenge The Spire","Colored Map","DeckTracker","Friendly Minions","Marisa????????","Minty Spire (QoL Compilation)","Quick Restart","Random Character Button","Reliquary","Robot Space Explorer","StSLib","SuperFastMode","Synergy Search","The Marked","The Runesmith","slay the spire mod where everything is the same but ironclad has a cowboy hat"],"gold_per_floor":[109,109,40,54,72,89,89,107,107,119,139,155,172,185,185,281,281,294,183,202,202,202,202,31,31,111,126,154,154,168,179,179,179,179],"floor_reached":33,"language":"ENG","playtime":1801,"items_purged":["theMarked:Strike","theMarked:Strike"],"score":290,"play_id":"7264f635-6e39-43df-9c15-48ae6c3d65bc","local_time":"20210202182554","is_ascension_mode":false,"campfire_choices":[{"data":"theMarked:EnhanceMovement","floor":7,"key":"SMITH"},{"data":"theMarked:StartUp","floor":15,"key":"SMITH"},{"data":"theMarked:TheMission","floor":23,"key":"SMITH"},{"data":"theMarked:Seal","floor":25,"key":"SMITH"},{"floor":29,"key":"REST"},{"floor":32,"key":"REST"}],"circlet_count":0,"master_deck":["theMarked:Strike","theMarked:Strike","theMarked:Strike","theMarked:Defend","theMarked:Defend","theMarked:Defend","theMarked:Defend","theMarked:SoldierOfQuellstein","theMarked:WardOff","theMarked:EnhanceMovement+1","theMarked:HeightenedSenses","theMarked:WardOff","theMarked:StartUp+1","theMarked:WardOff","theMarked:WardOff","theMarked:WardOff","theMarked:HeightenedSenses","theMarked:TheMission+1","Deep Breath","theMarked:Seal+1","theMarked:BanishingStrike","theMarked:WardOff","theMarked:BanishingStrike"],"relics":["theMarked:ArtifactOfAir","Black Star","NlothsMask","Mummified Hand","The Courier"],"acts_visited":["Exordium","TheCity"],"potions_floor_usage":[10,28,28,28,28,28,28],"damage_taken":[{"damage":0,"enemies":"2 Louse","floor":1,"turns":2},{"damage":0,"enemies":"Cultist","floor":4,"turns":4},{"damage":0,"enemies":"Small Slimes","floor":5,"turns":4},{"damage":2,"enemies":"2 Fungi Beasts","floor":6,"turns":4},{"damage":6,"enemies":"Exordium Wildlife","floor":8,"turns":6},{"damage":4,"enemies":"Red Slaver","floor":10,"turns":8},{"damage":0,"enemies":"Large Slime","floor":11,"turns":7},{"damage":6,"enemies":"Blue Slaver","floor":12,"turns":4},{"damage":0,"enemies":"Exordium Wildlife","floor":13,"turns":4},{"damage":0,"enemies":"Gremlin Gang","floor":14,"turns":6},{"damage":5,"enemies":"Slime Boss","floor":16,"turns":11},{"damage":1,"enemies":"3 Byrds","floor":18,"turns":11},{"damage":9,"enemies":"Chosen","floor":20,"turns":5},{"damage":7,"enemies":"Centurion and Healer","floor":27,"turns":6},{"damage":46,"enemies":"Gremlin Leader","floor":28,"turns":6},{"damage":14,"enemies":"Snecko","floor":30,"turns":5},{"damage":0,"enemies":"Cultist and Chosen","floor":31,"turns":5},{"damage":59,"enemies":"Champ","floor":33,"turns":8}],"seed_played":"-5716245998929679328","potions_obtained":[{"floor":1,"key":"theMarked:ChargePotion"},{"floor":2,"key":"GamblersBrew"},{"floor":2,"key":"Weak Potion"},{"floor":6,"key":"EntropicBrew"},{"floor":12,"key":"SneckoOil"},{"floor":27,"key":"Regen Potion"}],"is_trial":false,"path_per_floor":["M","?","$","M","M","M","R","M","T","M","M","M","M","M","R","B",null,"M","$","M","?","?","R","$","R","T","M","E","R","M","M","R","B"],"character_chosen":"THE_DEFAULT","items_purchased":["theMarked:EnhanceMovement","theMarked:TheMission","theMarked:Seal"],"campfire_rested":2,"item_purchase_floors":[3,19,24],"current_hp_per_floor":[70,70,70,70,70,68,68,62,62,58,58,52,52,52,52,47,70,69,69,60,60,60,60,60,60,60,53,16,37,23,23,44,0,0],"gold":179,"neow_bonus":"THREE_CARDS","is_daily":false,"chose_seed":false,"campfire_upgraded":4,"win_rate":0.0,"timestamp":1612311954,"path_taken":["M","?","$","?","M","M","R","M","T","M","M","M","M","M","R","BOSS","M","?","M","?","?","R","$","R","T","M","E","R","M","M","R","BOSS"],"items_purchased_type":["Card","Card","Card"],"build_version":"2020-12-22","purchased_purges":2,"victory":false,"max_hp_per_floor":[70,70,70,70,70,70,70,70,70,70,70,70,70,70,70,70,70,70,70,70,70,70,70,70,70,70,70,70,70,70,70,70,70,70],"card_choices":[{"not_picked":["theMarked:AttractMetal","theMarked:Memento"],"picked":"theMarked:WardOff","floor":0},{"not_picked":["theMarked:Overthink","theMarked:Polarize","theMarked:Improvise"],"picked":"SKIP","floor":1},{"not_picked":["theMarked:Maelstrom","theMarked:Parkour"],"picked":"theMarked:HeightenedSenses","floor":4},{"not_picked":["theMarked:Generate","theMarked:SwordAndMagic","theMarked:ResourceFulStrike"],"picked":"SKIP","floor":5},{"not_picked":["theMarked:DispelDoubt","theMarked:WastefulAttack"],"picked":"theMarked:WardOff","floor":6},{"not_picked":["theMarked:RogueSparks","theMarked:Parkour","theMarked:Static"],"picked":"SKIP","floor":8},{"not_picked":["theMarked:Friction","theMarked:Parkour"],"picked":"theMarked:StartUp","floor":10},{"not_picked":["theMarked:Frustration","theMarked:RepellingDischarge"],"picked":"theMarked:WardOff","floor":11},{"not_picked":["theMarked:CreepingChasm","theMarked:ResourceFulStrike"],"picked":"theMarked:WardOff","floor":12},{"not_picked":["theMarked:HeightenedSenses","theMarked:Improvise"],"picked":"theMarked:WardOff","floor":13},{"not_picked":["theMarked:ResourceFulStrike","theMarked:Improvise"],"picked":"theMarked:HeightenedSenses","floor":14},{"not_picked":["theMarked:TunnelVision","theMarked:RepellingDischarge+1","theMarked:EmpowerWeapon"],"picked":"SKIP","floor":18},{"not_picked":["theMarked:Electrify","theMarked:ChainLightning+1","theMarked:ShockingTouch"],"picked":"SKIP","floor":20},{"not_picked":["HandOfGreed","Swift Strike"],"picked":"Deep Breath","floor":21},{"not_picked":["theMarked:WardOff","theMarked:HeightenedSenses"],"picked":"theMarked:BanishingStrike","floor":27},{"not_picked":["theMarked:ContemptForTheProud+1","theMarked:Improvise+1"],"picked":"theMarked:WardOff","floor":28},{"not_picked":["theMarked:Improvise","theMarked:RepellingDischarge"],"picked":"theMarked:BanishingStrike","floor":30},{"not_picked":["theMarked:AttractMetal","theMarked:TwofoldDefense","theMarked:Opportunist"],"picked":"SKIP","floor":31}],"player_experience":755372,"relics_obtained":[{"floor":28,"key":"Mummified Hand"},{"floor":28,"key":"The Courier"}],"event_choices":[{"damage_healed":0,"gold_gain":0,"player_choice":"Got Potions","damage_taken":0,"max_hp_gain":0,"max_hp_loss":0,"event_name":"Lab","floor":2,"gold_loss":0},{"damage_healed":0,"gold_gain":2,"player_choice":"1","damage_taken":0,"max_hp_gain":0,"max_hp_loss":0,"event_name":"betterStone:BetterStone","floor":21,"gold_loss":0},{"damage_healed":0,"gold_gain":0,"player_choice":"Trade","damage_taken":0,"relics_obtained":["NlothsMask"],"max_hp_gain":0,"max_hp_loss":0,"event_name":"FaceTrader","floor":22,"gold_loss":0}],"is_beta":false,"boss_relics":[{"not_picked":["Velvet Choker","Snecko Eye"],"picked":"Black Star"}],"items_purged_floors":[19,24],"is_endless":false,"potions_floor_spawned":[1,6,12,14,18,20,27],"killed_by":"Champ","ascension_level":0}}