{"host":"mydft8i2zzydgggw","time":1612373609,"event":{"mods":["AchievementEnabler","BaseMod","BetterRewards","Colored Map","Colored Powertips","DeckTracker","Keyboard Shortcuts","Minty Spire (QoL Compilation)","Rare Cards Sparkle","StSLib","SuperFastMode","everything is the same but u backflip on backflip"],"gold_per_floor":[113,113,129,146,146,146,181,31,31,31,43,56,56,73,73,73,73],"floor_reached":16,"language":"KOR","playtime":349,"items_purged":["Strike_R"],"score":133,"play_id":"741e5430-0d15-4f51-b112-42e29de2435f","local_time":"20210204023329","is_ascension_mode":true,"campfire_choices":[{"data":"Armaments","floor":6,"key":"SMITH"},{"floor":15,"key":"REST"}],"circlet_count":0,"master_deck":["Strike_R","Strike_R","Strike_R","Defend_R","Defend_R","Defend_R","Defend_R","Bash","Clothesline","Headbutt","Feel No Pain","Armaments+1","Seeing Red","Body Slam","Entrench","Body Slam+1","Shockwave","Shrug It Off"],"relics":["Burning Blood","Tiny Chest","Mummified Hand","Molten Egg 2"],"acts_visited":["Exordium"],"potions_floor_usage":[12,16,16,16],"damage_taken":[{"damage":8,"enemies":"Jaw Worm","floor":1,"turns":6},{"damage":0,"enemies":"Cultist","floor":3,"turns":4},{"damage":3,"enemies":"2 Louse","floor":4,"turns":3},{"damage":26,"enemies":"Gremlin Nob","floor":7,"turns":5},{"damage":9,"enemies":"Blue Slaver","floor":11,"turns":4},{"damage":18,"enemies":"Exordium Wildlife","floor":12,"turns":5},{"damage":0,"enemies":"3 Louse","floor":14,"turns":3},{"damage":49,"enemies":"Slime Boss","floor":16,"turns":9}],"seed_played":"-3389743504313825581","potions_obtained":[{"floor":3,"key":"Weak Potion"},{"floor":7,"key":"Block Potion"},{"floor":12,"key":"LiquidBronze"},{"floor":14,"key":"SkillPotion"}],"is_trial":false,"path_per_floor":["M","?","M","M","?","R","E","$","T","?","M","M","$","M","R","B"],"character_chosen":"IRONCLAD","items_purchased":["Entrench"],"campfire_rested":1,"item_purchase_floors":[8],"current_hp_per_floor":[70,70,76,79,54,54,34,34,34,34,31,19,19,25,49,0,0],"gold":73,"neow_bonus":"THREE_CARDS","is_daily":false,"chose_seed":false,"campfire_upgraded":1,"win_rate":0.0,"timestamp":1612373609,"path_taken":["M","?","?","?","?","R","E","$","T","?","M","M","?","M","R","BOSS"],"items_purchased_type":["Card"],"build_version":"2020-12-22","purchased_purges":1,"victory":false,"max_hp_per_floor":[80,80,80,80,80,80,80,80,80,80,80,80,80,80,80,80,80],"card_choices":[{"not_picked":["Pommel Strike","Havoc"],"picked":"Clothesline","floor":0},{"not_picked":["Warcry","Sword Boomerang"],"picked":"Headbutt","floor":1},{"not_picked":["Uppercut","Havoc"],"picked":"Armaments","floor":3},{"not_picked":["Ghostly Armor","Iron Wave"],"picked":"Seeing Red","floor":4},{"not_picked":["Headbutt","Anger"],"picked":"Body Slam","floor":7},{"not_picked":["Clash+1","Heavy Blade+1"],"picked":"Body Slam+1","floor":11},{"not_picked":["Wild Strike+1","Rampage+1"],"picked":"Shockwave","floor":12},{"not_picked":["Heavy Blade+1","Inflame"],"picked":"Shrug It Off","floor":14}],"player_experience":228518,"relics_obtained":[{"floor":7,"key":"Mummified Hand"},{"floor":9,"key":"Molten Egg 2"}],"event_choices":[{"damage_healed":0,"gold_gain":0,"cards_transformed":["Strike_R"],"player_choice":"Transformed","damage_taken":0,"max_hp_gain":0,"max_hp_loss":0,"event_name":"Transmorgrifier","floor":2,"gold_loss":0,"cards_obtained":["Feel No Pain"]},{"damage_healed":0,"gold_gain":0,"player_choice":"Success","damage_taken":25,"relics_obtained":["Tiny Chest"],"max_hp_gain":0,"max_hp_loss":0,"event_name":"Scrap Ooze","floor":5,"gold_loss":0},{"damage_healed":0,"gold_gain":0,"player_choice":"Ignored","damage_taken":0,"max_hp_gain":0,"max_hp_loss":0,"event_name":"Shining Light","floor":10,"gold_loss":0}],"is_beta":false,"boss_relics":[],"items_purged_floors":[8],"is_endless":false,"potions_floor_spawned":[3,7,12,14],"killed_by":"Slime Boss","ascension_level":6}}