{"host":"vpaavrwbmey593fx","time":1612394183,"event":{"mods":["AchievementEnabler","BaseMod","Bestiary","Colored Map","Colored Powertips","DeckTracker","Minty Spire (QoL Compilation)","Relic Sorter"],"gold_per_floor":[110,185,201,219,232,232,259,274,347,17,17,30,47,82,82,177,177,188,138,38,52,64,64,95,95,95,95,113,126,126,136,136,235,235,251,266,366,377,392,392,425,440,463,338,365,365,394,410,410,410,410,410,25,50,50],"floor_reached":56,"language":"ENG","playtime":3937,"items_purged":["Strike_R","Strike_R","Normality","Defend_R"],"score":1672,"play_id":"1f4dda35-c32c-449f-a25f-8ccbe84a98d9","local_time":"20210203151623","is_ascension_mode":true,"campfire_choices":[{"data":"Whirlwind","floor":6.0,"key":"SMITH"},{"data":"Inflame","floor":11.0,"key":"SMITH"},{"data":"Strike_R","floor":15.0,"key":"PURGE"},{"data":"Heavy Blade","floor":23.0,"key":"SMITH"},{"floor":27.0,"key":"RECALL"},{"data":"Normality","floor":30.0,"key":"PURGE"},{"data":"Shrug It Off","floor":32.0,"key":"SMITH"},{"data":"Strike_R","floor":40.0,"key":"PURGE"},{"data":"Strike_R","floor":46,"key":"PURGE"},{"data":"Defend_R","floor":49,"key":"PURGE"},{"data":"Limit Break","floor":52,"key":"SMITH"}],"circlet_count":0,"master_deck":["Defend_R","Defend_R","Bash","Inflame+1","Limit Break+1","Whirlwind+1","Limit Break","Heavy Blade+1","Double Tap","True Grit+1","Iron Wave+1","Shrug It Off+1","Sentinel","Impervious","Bloodletting+1","Shrug It Off","Thunderclap+1","Shrug It Off+1","Reaper","Corruption"],"relics":["Burning Blood","Sundial","Happy Flower","Vajra","Bottled Tornado","Peace Pipe","Cursed Key","PreservedInsect","StoneCalendar","Runic Pyramid","Pear","Bottled Lightning","Lantern","Red Skull"],"acts_visited":["Exordium","TheCity","TheBeyond","TheEnding"],"potions_floor_usage":[47,55,55],"damage_taken":[{"damage":7.0,"enemies":"Jaw Worm","floor":1.0,"turns":3.0},{"damage":6.0,"enemies":"2 Louse","floor":3.0,"turns":3.0},{"damage":1.0,"enemies":"Cultist","floor":4.0,"turns":3.0},{"damage":20.0,"enemies":"Gremlin Gang","floor":5.0,"turns":6.0},{"damage":25.0,"enemies":"Lagavulin","floor":7.0,"turns":7.0},{"damage":11.0,"enemies":"Lots of Slimes","floor":8.0,"turns":2.0},{"damage":2.0,"enemies":"2 Fungi Beasts","floor":12.0,"turns":2.0},{"damage":18.0,"enemies":"Red Slaver","floor":13.0,"turns":4.0},{"damage":0.0,"enemies":"Gremlin Nob","floor":14.0,"turns":2.0},{"damage":13.0,"enemies":"The Guardian","floor":16.0,"turns":8.0},{"damage":0.0,"enemies":"Spheric Guardian","floor":18.0,"turns":2.0},{"damage":24.0,"enemies":"2 Thieves","floor":21.0,"turns":3.0},{"damage":0.0,"enemies":"3 Cultists","floor":22.0,"turns":2.0},{"damage":27.0,"enemies":"Slavers","floor":24.0,"turns":3.0},{"damage":24.0,"enemies":"Snake Plant","floor":28.0,"turns":3.0},{"damage":0.0,"enemies":"Snecko","floor":29.0,"turns":2.0},{"damage":0.0,"enemies":"Chosen and Byrds","floor":31.0,"turns":4.0},{"damage":18.0,"enemies":"Automaton","floor":33.0,"turns":6.0},{"damage":9.0,"enemies":"3 Darklings","floor":35.0,"turns":3.0},{"damage":2.0,"enemies":"3 Shapes","floor":36.0,"turns":4.0},{"damage":30.0,"enemies":"Writhing Mass","floor":38.0,"turns":4.0},{"damage":0.0,"enemies":"Spire Growth","floor":39.0,"turns":3.0},{"damage":10.0,"enemies":"Giant Head","floor":41.0,"turns":6.0},{"damage":3.0,"enemies":"Sphere and 2 Shapes","floor":42.0,"turns":3.0},{"damage":10,"enemies":"Nemesis","floor":45,"turns":5},{"damage":4,"enemies":"Reptomancer","floor":47,"turns":3},{"damage":3,"enemies":"Writhing Mass","floor":48,"turns":3},{"damage":46,"enemies":"Awakened One","floor":50,"turns":6},{"damage":17,"enemies":"Shield and Spear","floor":54,"turns":3},{"damage":121,"enemies":"The Heart","floor":55,"turns":8}],"seed_played":"-7758130697707531709","potions_obtained":[{"floor":0.0,"key":"EssenceOfSteel"},{"floor":0.0,"key":"Fruit Juice"},{"floor":0.0,"key":"Regen Potion"},{"floor":1.0,"key":"Fire Potion"},{"floor":8.0,"key":"DistilledChaos"},{"floor":14.0,"key":"SpeedPotion"},{"floor":21.0,"key":"Explosive Potion"},{"floor":22.0,"key":"LiquidMemories"},{"floor":24.0,"key":"Ancient Potion"},{"floor":28.0,"key":"AttackPotion"},{"floor":31.0,"key":"DuplicationPotion"},{"floor":39.0,"key":"Energy Potion"}],"is_trial":false,"path_per_floor":["M","?","M","M","M","R","E","M","T","$","R","M","M","E","R","B",null,"M","?","$","M","M","R","E","$","T","R","M","M","R","M","R","B",null,"M","M","?","M","M","R","E","M","T","$","E","R","E","M","R","B",null,"R","$","E","B",null],"character_chosen":"IRONCLAD","items_purchased":["Sundial","Regen Potion","Happy Flower"],"campfire_rested":0,"item_purchase_floors":[10,53,53],"current_hp_per_floor":[76,65,65,70,56,56,52,47,47,47,47,51,39,45,45,38,73,79,79,79,61,67,67,46,46,46,46,28,34,34,40,40,28,71,68,72,72,48,54,54,60,63,63,63,59,59,61,64,64,64,87,87,87,76,19],"gold":50,"neow_bonus":"THREE_SMALL_POTIONS","is_daily":false,"chose_seed":false,"campfire_upgraded":5,"win_rate":0.0,"timestamp":1612394183,"path_taken":["M","?","M","M","M","R","E","M","T","$","R","M","M","E","R","BOSS","M","?","?","?","M","R","E","$","T","R","M","M","R","M","R","BOSS","M","?","?","M","M","R","E","M","T","$","E","R","E","M","R","BOSS","R","$","E","BOSS"],"items_purchased_type":["Relic","Potion","Relic"],"build_version":"2020-12-22","purchased_purges":4,"victory":true,"max_hp_per_floor":[85,85,85,85,85,85,85,85,85,85,85,85,85,85,85,85,85,85,85,85,85,85,85,85,85,85,85,85,85,85,85,85,85,85,85,85,85,85,85,85,95,95,95,95,95,95,95,95,95,95,95,95,95,95,95],"card_choices":[{"not_picked":["Flex","Infernal Blade","Heavy Blade"],"picked":"SKIP","floor":1.0},{"not_picked":["Clash","Infernal Blade"],"picked":"Inflame","floor":3.0},{"not_picked":["Bloodletting","Perfected Strike"],"picked":"Limit Break","floor":4.0},{"not_picked":["Entrench","Body Slam"],"picked":"Whirlwind","floor":5.0},{"not_picked":["Headbutt","Cleave"],"picked":"Limit Break","floor":7.0},{"not_picked":["Fire Breathing","True Grit"],"picked":"Heavy Blade","floor":8.0},{"not_picked":["Sentinel","Power Through","Warcry"],"picked":"SKIP","floor":12.0},{"not_picked":["Evolve","Pummel","Wild Strike"],"picked":"SKIP","floor":13.0},{"not_picked":["Anger","Armaments","Pummel"],"picked":"SKIP","floor":14.0},{"not_picked":["Demon Form","Immolate"],"picked":"Double Tap","floor":16.0},{"not_picked":["True Grit","Havoc","Headbutt"],"picked":"SKIP","floor":18.0},{"not_picked":["Pommel Strike","Cleave"],"picked":"True Grit+1","floor":21.0},{"not_picked":["True Grit","Anger","Combust+1"],"picked":"SKIP","floor":22.0},{"not_picked":["True Grit","Anger","Combust+1"],"picked":"SKIP","floor":22.0},{"not_picked":["Pommel Strike","Whirlwind+1","Second Wind+1"],"picked":"SKIP","floor":24.0},{"not_picked":["Body Slam","Headbutt"],"picked":"Iron Wave+1","floor":28.0},{"not_picked":["Havoc+1","Armaments"],"picked":"Shrug It Off","floor":29.0},{"not_picked":["Wild Strike","Havoc+1"],"picked":"Sentinel","floor":31.0},{"not_picked":["Bludgeon","Barricade"],"picked":"Impervious","floor":33.0},{"not_picked":["Headbutt","Clash"],"picked":"Bloodletting+1","floor":35.0},{"not_picked":["Reckless Charge","Combust+1","Clash"],"picked":"SKIP","floor":36.0},{"not_picked":["Heavy Blade+1","Dark Embrace","Sword Boomerang"],"picked":"SKIP","floor":38.0},{"not_picked":["Perfected Strike","Warcry+1"],"picked":"Shrug It Off","floor":39.0},{"not_picked":["Double Tap","Hemokinesis+1"],"picked":"Thunderclap+1","floor":41.0},{"not_picked":["Havoc+1","Burning Pact"],"picked":"Shrug It Off+1","floor":42.0},{"not_picked":["Perfected Strike+1","Twin Strike+1","Cleave+1"],"picked":"SKIP","floor":45},{"not_picked":["Perfected Strike+1","Twin Strike+1","Cleave+1"],"picked":"SKIP","floor":45},{"not_picked":["Wild Strike","Battle Trance+1"],"picked":"Reaper","floor":47},{"not_picked":["Pommel Strike","Sword Boomerang+1","Anger+1"],"picked":"SKIP","floor":48},{"not_picked":["Brutality","Clash"],"picked":"Corruption","floor":54}],"player_experience":311456,"relics_obtained":[{"floor":7.0,"key":"Vajra"},{"floor":9.0,"key":"Bottled Tornado"},{"floor":14.0,"key":"Peace Pipe"},{"floor":24.0,"key":"PreservedInsect"},{"floor":26.0,"key":"StoneCalendar"},{"floor":41.0,"key":"Pear"},{"floor":45,"key":"Bottled Lightning"},{"floor":47,"key":"Lantern"},{"floor":54,"key":"Red Skull"}],"event_choices":[{"damage_healed":0.0,"max_hp_gain":0.0,"max_hp_loss":0.0,"gold_gain":75.0,"event_name":"World of Goop","player_choice":"Gather Gold","floor":2.0,"gold_loss":0.0,"damage_taken":11.0},{"damage_healed":0.0,"max_hp_gain":0.0,"max_hp_loss":0.0,"gold_gain":0.0,"event_name":"The Joust","player_choice":"Bet on Murderer","floor":19.0,"gold_loss":50.0,"damage_taken":0.0},{"damage_healed":0.0,"max_hp_gain":0.0,"max_hp_loss":0.0,"gold_gain":100.0,"event_name":"Golden Shrine","player_choice":"Pray","floor":37.0,"gold_loss":0.0,"damage_taken":0.0}],"is_beta":false,"boss_relics":[{"not_picked":["SacredBark","Runic Dome"],"picked":"Cursed Key"},{"not_picked":["Black Star","Astrolabe"],"picked":"Runic Pyramid"}],"items_purged_floors":[10,20,44,53],"is_endless":false,"potions_floor_spawned":[1,3,5,8,14,21,22,24,28,31,38,39,41],"ascension_level":8}}