{"host":"sxnl403xm2xmiyj1","time":1612349952,"event":{"mods":["AchievementEnabler","BaseMod","Colored Map","Keyboard Shortcuts","Minty Spire (QoL Compilation)","Quick Restart","StSLib","SuperFastMode"],"gold_per_floor":[114,64,64,133,203,237,257,291,291,341,357,432,432,432],"floor_reached":13,"language":"KOR","playtime":225,"items_purged":[],"score":124,"play_id":"894afe7a-0cbc-4d81-8667-a9b5e26477e1","local_time":"20210203195912","is_ascension_mode":true,"campfire_choices":[],"circlet_count":0,"master_deck":["Strike_R","Strike_R","Strike_R","Strike_R","Defend_R","Defend_R","Defend_R","Defend_R+1","Bash","Limit Break+1","Pummel","Disarm","Flex","Flex","Heavy Blade","Flex","True Grit"],"relics":["Burning Blood","SsserpentHead","Toy Ornithopter","Centennial Puzzle","War Paint","Odd Mushroom"],"acts_visited":["Exordium"],"potions_floor_usage":[6,6,8,11],"damage_taken":[{"damage":10,"enemies":"Small Slimes","floor":1,"turns":4},{"damage":6,"enemies":"Cultist","floor":4,"turns":3},{"damage":17,"enemies":"Jaw Worm","floor":5,"turns":4},{"damage":26,"enemies":"Lagavulin","floor":6,"turns":5},{"damage":10,"enemies":"3 Louse","floor":7,"turns":4},{"damage":30,"enemies":"Gremlin Nob","floor":8,"turns":4},{"damage":5,"enemies":"Blue Slaver","floor":11,"turns":2},{"damage":9,"enemies":"The Mushroom Lair","floor":12,"turns":3},{"damage":0,"enemies":"3 Sentries","floor":13,"turns":1}],"seed_played":"-6176648363167823437","potions_obtained":[{"floor":1,"key":"Weak Potion"},{"floor":4,"key":"ColorlessPotion"},{"floor":7,"key":"EssenceOfSteel"},{"floor":8,"key":"Explosive Potion"}],"is_trial":false,"path_per_floor":["M","?","?","M","M","E","M","E","T","?","M","?","E"],"character_chosen":"IRONCLAD","items_purchased":[],"campfire_rested":0,"item_purchase_floors":[],"current_hp_per_floor":[68,68,68,68,57,37,33,14,14,7,13,10,10,10],"gold":432,"neow_bonus":"THREE_RARE_CARDS","is_daily":false,"chose_seed":false,"campfire_upgraded":0,"win_rate":0.0,"timestamp":1612349952,"path_taken":["M","?","?","?","?","E","M","E","T","?","M","?","E"],"items_purchased_type":[],"build_version":"2020-12-22","purchased_purges":0,"victory":false,"max_hp_per_floor":[80,80,80,80,80,80,80,80,80,80,80,80,80,80],"card_choices":[{"not_picked":["Berserk","Offering"],"picked":"Limit Break","floor":0},{"not_picked":["Uppercut","Evolve"],"picked":"Pummel","floor":1},{"not_picked":["Shrug It Off","Warcry"],"picked":"Disarm","floor":4},{"not_picked":["Uppercut","True Grit"],"picked":"Flex","floor":5},{"not_picked":["Clash","Offering"],"picked":"Flex","floor":6},{"not_picked":["Blood for Blood","Dropkick"],"picked":"Heavy Blade","floor":7},{"not_picked":["Shrug It Off","Thunderclap"],"picked":"Flex","floor":8},{"not_picked":["Carnage","Anger"],"picked":"True Grit","floor":11}],"player_experience":184131,"relics_obtained":[{"floor":6,"key":"Toy Ornithopter"},{"floor":8,"key":"Centennial Puzzle"},{"floor":9,"key":"War Paint"},{"floor":12,"key":"Odd Mushroom"}],"event_choices":[{"cards_removed":["Shame"],"damage_healed":0,"gold_gain":0,"player_choice":"Card Removal","damage_taken":0,"max_hp_gain":0,"max_hp_loss":0,"event_name":"The Cleric","floor":2,"gold_loss":50},{"damage_healed":0,"gold_gain":0,"player_choice":"Trade","damage_taken":0,"relics_obtained":["SsserpentHead"],"max_hp_gain":0,"max_hp_loss":0,"event_name":"FaceTrader","floor":3,"gold_loss":0},{"cards_removed":["Strike_R"],"damage_healed":0,"gold_gain":0,"player_choice":"Card Removal","damage_taken":7,"max_hp_gain":0,"max_hp_loss":0,"event_name":"Golden Wing","floor":10,"gold_loss":0},{"damage_healed":0,"gold_gain":0,"player_choice":"Fought Mushrooms","damage_taken":0,"max_hp_gain":0,"max_hp_loss":0,"event_name":"Mushrooms","floor":12,"gold_loss":0}],"is_beta":false,"boss_relics":[],"items_purged_floors":[],"is_endless":false,"potions_floor_spawned":[1,4,7,8],"killed_by":"3 Sentries","ascension_level":6}}