{"host":"djwvffkuh8n4zeht","time":1612342261,"event":{"mods":["BaseMod","Colored Map","Colored Powertips","Decade(王小明)","Downfall","Marisa（F雨　魔理沙）","Minty Spire (QoL Compilation)","Quick Restart","Replay The Spire","Shop Mod","Spicy Shops","StSLib","The Bug Knight","The Hierophant","The Servant 0.9.4"],"gold_per_floor":[99,125,143,185,215,215,240,274,316,316,350,350,350,0,42,14,14],"floor_reached":16,"language":"ZHS","playtime":1816,"items_purged":[],"score":146,"play_id":"4236473e-b32e-4eb6-a3a8-644d75ab7f40","local_time":"20210203165101","daily_mods":["Draft","downfall:Jewelcrafting","downfall:Hexed"],"is_ascension_mode":false,"campfire_choices":[{"floor":1,"key":"DIG"},{"floor":6,"key":"RECALL"}],"circlet_count":0,"master_deck":["Guardian:ExploitGems","Guardian:ExploitGems","hierophant:PassingBell","hierophant:MirrorShield","hierophant:ThreeLashes","hierophant:DisplayOfPower","hierophant:OrnateBuckler","hierophant:EyeForCoin","hierophant:HolyVerse","hierophant:Doubloon","hierophant:SealAway","hierophant:MorningPrayer","hierophant:ThreeLashes","hierophant:FieryStrike","hierophant:Doubloon","hierophant:RecallFunds","hierophant:SealAway","hierophant:Doubloon","hierophant:CursedGold","hierophant:HolyVerse","hierophant:PristineSoul","hierophant:Doubloon","hierophant:Patience","hierophant:Determination","hierophant:Zeal","hierophant:HolyVerse","hierophant:Doubloon","hierophant:FaithHealing","Guardian:Gem_Red","Guardian:Gem_Purple","hierophant:Doubloon","hierophant:RepressedViolence","hierophant:WrathOfGod","expansioncontent:QuickStudy","hierophant:WrathOfGod","hierophant:Doubloon"],"relics":["hierophant:PropheticMaskRelic","Guardian:PickAxe","Velvet Choker","Question Card","Gambling Chip"],"acts_visited":["Exordium"],"potions_floor_usage":[5,14,15],"damage_taken":[{"damage":6,"enemies":"Cultist","floor":2,"turns":3},{"damage":0,"enemies":"2 Louse","floor":3,"turns":2},{"damage":0,"enemies":"Jaw Worm","floor":4,"turns":2},{"damage":10,"enemies":"Large Slime","floor":5,"turns":4},{"damage":12,"enemies":"Red Slaver","floor":8,"turns":4},{"damage":0,"enemies":"Lots of Slimes","floor":9,"turns":1},{"damage":20,"enemies":"Exordium Thugs","floor":11,"turns":5},{"damage":0,"enemies":"downfall:FleeingMerchant","floor":14,"turns":4},{"damage":9,"enemies":"Exordium Wildlife","floor":15,"turns":4},{"damage":27,"enemies":"WA_ARCHETYPE_RETAIN","floor":16,"turns":5}],"seed_played":"4031875728642390749","potions_obtained":[{"floor":3,"key":"Block Potion"},{"floor":4,"key":"AttackPotion"},{"floor":5,"key":"Toxic Potion"}],"is_trial":false,"path_per_floor":["R_BF","M","M","M","M","R","T","M","M","R","M","?","R","$","M","B"],"character_chosen":"HIEROPHANT","items_purchased":["hierophant:WrathOfGod","expansioncontent:QuickStudy"],"campfire_rested":0,"item_purchase_floors":[14,14],"current_hp_per_floor":[75,69,69,69,59,59,59,47,47,47,33,30,30,30,21,0,0],"gold":14,"neow_bonus":"","is_daily":true,"chose_seed":false,"campfire_upgraded":0,"win_rate":0.0,"timestamp":1612342261,"path_taken":["R_BF","M","M","M","M","R","T","M","M","R","?","?","R","?","M","BOSS"],"items_purchased_type":["Card","Card"],"build_version":"2020-12-22","purchased_purges":0,"victory":false,"max_hp_per_floor":[75,75,75,75,75,75,75,75,75,75,75,75,75,75,75,75,75],"card_choices":[{"not_picked":["hierophant:Blessing","hierophant:Community"],"picked":"hierophant:PassingBell","floor":0},{"not_picked":["hierophant:Refuge","hierophant:SealAway"],"picked":"hierophant:MirrorShield","floor":0},{"not_picked":["hierophant:Mercenaries","hierophant:MirrorShield"],"picked":"hierophant:ThreeLashes","floor":0},{"not_picked":["hierophant:Doubloon","hierophant:Encroach"],"picked":"hierophant:DisplayOfPower","floor":0},{"not_picked":["hierophant:RepressedViolence","hierophant:DisplayOfPower"],"picked":"hierophant:OrnateBuckler","floor":0},{"not_picked":["hierophant:Patience","hierophant:Charity"],"picked":"hierophant:EyeForCoin","floor":0},{"not_picked":["hierophant:Encroach","hierophant:Exaltation"],"picked":"hierophant:HolyVerse","floor":0},{"not_picked":["hierophant:RepressedViolence","hierophant:OrnateBuckler"],"picked":"hierophant:Doubloon","floor":0},{"not_picked":["hierophant:Encroach","hierophant:PassingBell"],"picked":"hierophant:SealAway","floor":0},{"not_picked":["hierophant:DisplayOfPower","hierophant:Bribe"],"picked":"hierophant:MorningPrayer","floor":0},{"not_picked":["hierophant:Rebuild","hierophant:HammerAndAnvil"],"picked":"hierophant:ThreeLashes","floor":0},{"not_picked":["hierophant:Shelter","hierophant:OrnateBuckler"],"picked":"hierophant:FieryStrike","floor":0},{"not_picked":["hierophant:Exaltation","hierophant:Remorse"],"picked":"hierophant:RecallFunds","floor":0},{"not_picked":["hierophant:Zeal","hierophant:AuricBeam"],"picked":"hierophant:SealAway","floor":0},{"not_picked":["hierophant:CoinFling","hierophant:MorningPrayer"],"picked":"hierophant:CursedGold","floor":0},{"not_picked":["hierophant:Martyrdom","hierophant:Alms","hierophant:FaithHealing"],"picked":"hierophant:HolyVerse","floor":2},{"not_picked":["hierophant:CursedGold","hierophant:Bribe","hierophant:RecallFunds"],"picked":"hierophant:PristineSoul","floor":3},{"not_picked":["hierophant:RecallFunds","hierophant:PassingBell","hierophant:Dazzle"],"picked":"hierophant:Patience","floor":4},{"not_picked":["hierophant:HammerAndAnvil","hierophant:HolyVerse","hierophant:ThreeLashes"],"picked":"hierophant:Determination","floor":5},{"not_picked":["hierophant:ArchangelShield","hierophant:AuricBeam","hierophant:DisplayOfPower"],"picked":"hierophant:Zeal","floor":8},{"not_picked":["hierophant:Encroach","hierophant:Rebuild","hierophant:Doubloon"],"picked":"hierophant:HolyVerse","floor":9},{"not_picked":["hierophant:DisplayOfPower","hierophant:Bribe","hierophant:Generosity"],"picked":"hierophant:FaithHealing","floor":11},{"not_picked":["hierophant:ArchangelShield","hierophant:Chorus","hierophant:Shelter"],"picked":"hierophant:RepressedViolence","floor":14},{"not_picked":["hierophant:Purify","hierophant:PassingBell","hierophant:Empathy"],"picked":"hierophant:WrathOfGod","floor":15}],"player_experience":9215,"relics_obtained":[{"floor":1,"key":"Question Card"}],"event_choices":[{"damage_healed":0,"gold_gain":0,"player_choice":"Success","damage_taken":3,"relics_obtained":["Gambling Chip"],"max_hp_gain":0,"max_hp_loss":0,"event_name":"Scrap Ooze","floor":12,"gold_loss":0}],"is_beta":false,"boss_relics":[],"items_purged_floors":[],"is_endless":false,"potions_floor_spawned":[3,4,5],"killed_by":"WA_ARCHETYPE_RETAIN","ascension_level":0}}