{"host":"uv231blk40vjdojr","time":1612367889,"event":{"mods":["BaseMod","Bestiary","Minty Spire (QoL Compilation)","Relic Stats"],"gold_per_floor":[109,109,81,91,91,91,119,139,193,193,209,209,209,243,255,367,379,409,433,445,445],"floor_reached":20,"language":"ENG","playtime":905,"items_purged":[],"score":364,"play_id":"962bbcd1-c42d-40ba-b254-61dd6194137a","local_time":"20210203165809","is_ascension_mode":true,"campfire_choices":[{"data":"Wallop","floor":6.0,"key":"SMITH"},{"floor":10,"key":"REST"},{"data":"Eruption","floor":12,"key":"SMITH"},{"data":"Consecrate","floor":15,"key":"SMITH"}],"circlet_count":0,"master_deck":["AscendersBane","Strike_P","Strike_P","Strike_P","Defend_P","Defend_P","Defend_P","Defend_P","Eruption+1","Vigilance","JustLucky","Wallop+1","EmptyFist","Adaptation","Consecrate+1","CutThroughFate","Wallop","Devotion","Tantrum","EmptyBody","Wish","SpiritShield","WheelKick","SashWhip","Vengeance"],"relics":["PureWater","Prayer Wheel","Happy Flower","Lantern","MawBank","Cursed Key"],"acts_visited":["Exordium","TheCity"],"potions_floor_usage":[16,19],"damage_taken":[{"damage":14.0,"enemies":"Jaw Worm","floor":1.0,"turns":6.0},{"damage":0.0,"enemies":"2 Louse","floor":4.0,"turns":2.0},{"damage":15.0,"enemies":"Lagavulin","floor":7.0,"turns":6.0},{"damage":6,"enemies":"Cultist","floor":8,"turns":3},{"damage":10,"enemies":"Exordium Thugs","floor":11,"turns":6},{"damage":5,"enemies":"3 Sentries","floor":14,"turns":5},{"damage":18,"enemies":"Slime Boss","floor":16,"turns":6},{"damage":37,"enemies":"Spheric Guardian","floor":18,"turns":4},{"damage":12,"enemies":"Shell Parasite","floor":19,"turns":4},{"damage":11,"enemies":"Cultist and Chosen","floor":20,"turns":3}],"seed_played":"121531766449059573","potions_obtained":[{"floor":8,"key":"ColorlessPotion"},{"floor":14,"key":"EssenceOfSteel"}],"is_trial":false,"path_per_floor":["M","?","$","M","?","R","E","M","T","R","M","R","T","E","R","B",null,"M","M","M"],"character_chosen":"WATCHER","items_purchased":["EmptyFist"],"campfire_rested":1,"item_purchase_floors":[3],"current_hp_per_floor":[47,47,47,47,40,40,25,19,19,39,29,29,29,24,24,6,53,16,4,0,0],"gold":445,"neow_bonus":"ONE_RARE_RELIC","is_daily":false,"chose_seed":false,"campfire_upgraded":3,"win_rate":0.0,"timestamp":1612367889,"path_taken":["M","?","$","M","?","R","E","M","T","R","M","R","?","E","R","BOSS","M","M","?"],"items_purchased_type":["Card"],"build_version":"2020-12-22","purchased_purges":0,"victory":false,"max_hp_per_floor":[68,68,68,68,68,68,68,68,68,68,68,68,68,68,68,68,68,68,68,68,68],"relic_stats":{"Happy Flower":[10],"counters":[10,45],"Prayer Wheel":7,"MawBank":72,"Cursed Key":0,"obtain_stats":[{"Lantern":9,"Happy Flower":7,"Prayer Wheel":0,"PureWater":0,"MawBank":14,"Cursed Key":17},{"Lantern":4,"Happy Flower":3,"Prayer Wheel":0,"PureWater":0,"MawBank":6,"Cursed Key":7},{"Lantern":17,"Happy Flower":14,"Prayer Wheel":0,"PureWater":0,"MawBank":28,"Cursed Key":34}]},"card_choices":[{"not_picked":["Evaluate","InnerPeace"],"picked":"JustLucky","floor":1.0},{"not_picked":["SignatureMove","FlyingSleeves"],"picked":"Wallop","floor":1.0},{"not_picked":["Prostrate","ReachHeaven"],"picked":"Adaptation","floor":4.0},{"not_picked":["Evaluate","SandsOfTime"],"picked":"Consecrate","floor":4.0},{"not_picked":["BowlingBash","FollowUp"],"picked":"CutThroughFate","floor":7.0},{"not_picked":["EmptyFist","Prostrate"],"picked":"Wallop","floor":8},{"not_picked":["CutThroughFate","Prostrate"],"picked":"Devotion","floor":8},{"not_picked":["Swivel","WheelKick"],"picked":"Tantrum","floor":11},{"not_picked":["BowlingBash","Crescendo"],"picked":"EmptyBody","floor":11},{"not_picked":["ClearTheMind","FollowUp"],"picked":"Wish","floor":14},{"not_picked":["Alpha","DeusExMachina"],"picked":"SpiritShield","floor":16},{"not_picked":["WindmillStrike","Consecrate"],"picked":"WheelKick","floor":18},{"not_picked":["EmptyBody","WheelKick"],"picked":"SashWhip","floor":18},{"not_picked":["SashWhip","BowlingBash"],"picked":"Vengeance","floor":19},{"not_picked":["WheelKick","SandsOfTime","SignatureMove"],"picked":"SKIP","floor":19}],"player_experience":737288,"relics_obtained":[{"floor":7.0,"key":"Happy Flower"},{"floor":9,"key":"Lantern"},{"floor":14,"key":"MawBank"}],"event_choices":[{"cards_removed":["Doubt"],"damage_healed":0.0,"max_hp_gain":0.0,"max_hp_loss":0.0,"gold_gain":0.0,"event_name":"Living Wall","player_choice":"Forget","floor":2.0,"gold_loss":0.0,"damage_taken":0.0},{"cards_removed":["Strike_P"],"damage_healed":0.0,"max_hp_gain":0.0,"max_hp_loss":0.0,"gold_gain":0.0,"event_name":"Golden Wing","player_choice":"Card Removal","floor":5.0,"gold_loss":0.0,"damage_taken":7.0}],"is_beta":false,"boss_relics":[{"not_picked":["Fusion Hammer","Coffee Dripper"],"picked":"Cursed Key"}],"items_purged_floors":[],"is_endless":false,"potions_floor_spawned":[8,14],"killed_by":"Cultist and Chosen","ascension_level":20}}