{"host":"06e3yyzgn8o619wl","time":1612364449,"event":{"mods":["BaseMod","Block Reminder","Colored Map","Colored Powertips","DeckTracker","Minty Spire (QoL Compilation)","Permanent Neow","Relic Stats","StSLib"],"gold_per_floor":[99,99,99,99,49,49,49,49,49,49,49,19,19,19,19,19,19,19,19,19,19,19,19,19,19,19,0,0,0,0,0,0,0,0,0,0,0,0,0,0,0,0,0,0,0,0,0,0,0,0,0],"floor_reached":50,"language":"JPN","playtime":7035,"items_purged":[],"score":812,"play_id":"ea9251cd-1955-4fdd-a4fe-d4493ea404c0","local_time":"20210204000049","is_ascension_mode":true,"campfire_choices":[{"floor":10.0,"key":"REST"},{"floor":15.0,"key":"REST"},{"floor":23,"key":"REST"},{"floor":25,"key":"REST"},{"floor":32,"key":"REST"},{"floor":40,"key":"REST"},{"data":"Wish","floor":42,"key":"SMITH"},{"floor":45,"key":"REST"},{"floor":49,"key":"REST"}],"circlet_count":0,"master_deck":["Strike_P","Strike_P","Strike_P","Strike_P","Defend_P","Defend_P","Defend_P","Eruption","Vigilance","CrushJoints","EmptyFist","CutThroughFate","ClearTheMind","JustLucky","CutThroughFate","BowlingBash","TalkToTheHand","EmptyMind","Meditate","FlurryOfBlows","DevaForm","CutThroughFate","Wallop","WheelKick+1","ThirdEye","Halt+1","Wish+1","Parasite","WheelKick+1","Adaptation+1","Madness","Madness","Protect+1"],"relics":["Ectoplasm","Damaru","Smiling Mask","The Courier","Letter Opener","Toy Ornithopter","Philosopher\u0027s Stone","PreservedInsect","Bag of Marbles","Enchiridion","Snecko Eye","CloakClasp","Bag of Preparation","Sundial"],"acts_visited":["TheCity","TheBeyond"],"potions_floor_usage":[22,22,33,35,50],"damage_taken":[{"damage":0.0,"enemies":"Small Slimes","floor":1.0,"turns":2.0},{"damage":0.0,"enemies":"Cultist","floor":2.0,"turns":4.0},{"damage":6.0,"enemies":"2 Louse","floor":3.0,"turns":3.0},{"damage":0.0,"enemies":"2 Fungi Beasts","floor":4.0,"turns":3.0},{"damage":22.0,"enemies":"3 Sentries","floor":6.0,"turns":8.0},{"damage":0.0,"enemies":"Large Slime","floor":7.0,"turns":4.0},{"damage":23.0,"enemies":"Lagavulin","floor":8.0,"turns":5.0},{"damage":5.0,"enemies":"3 Sentries","floor":11.0,"turns":7.0},{"damage":3.0,"enemies":"Looter","floor":12.0,"turns":3.0},{"damage":12.0,"enemies":"Lagavulin","floor":13.0,"turns":5.0},{"damage":7.0,"enemies":"Gremlin Gang","floor":14.0,"turns":5.0},{"damage":27.0,"enemies":"The Guardian","floor":16.0,"turns":8.0},{"damage":23,"enemies":"Chosen","floor":18,"turns":5},{"damage":2,"enemies":"Spheric Guardian","floor":20,"turns":3},{"damage":9,"enemies":"Chosen and Byrds","floor":21,"turns":6},{"damage":37,"enemies":"Snake Plant","floor":22,"turns":4},{"damage":20,"enemies":"Snecko","floor":24,"turns":4},{"damage":0,"enemies":"Gremlin Leader","floor":28,"turns":4},{"damage":0,"enemies":"Cultist and Chosen","floor":29,"turns":4},{"damage":0,"enemies":"Centurion and Healer","floor":31,"turns":4},{"damage":26,"enemies":"Champ","floor":33,"turns":7},{"damage":0,"enemies":"3 Darklings","floor":35,"turns":4},{"damage":6,"enemies":"Mind Bloom Boss Battle","floor":36,"turns":6},{"damage":0,"enemies":"Orb Walker","floor":38,"turns":2},{"damage":15,"enemies":"Writhing Mass","floor":39,"turns":10},{"damage":0,"enemies":"Nemesis","floor":41,"turns":3},{"damage":16,"enemies":"Maw","floor":44,"turns":5},{"damage":24,"enemies":"3 Darklings","floor":46,"turns":3},{"damage":2,"enemies":"Sphere and 2 Shapes","floor":48,"turns":5},{"damage":79,"enemies":"Time Eater","floor":50,"turns":11}],"seed_played":"6068841647569033873","potions_obtained":[{"floor":3.0,"key":"FearPotion"},{"floor":4.0,"key":"ColorlessPotion"},{"floor":6.0,"key":"BottledMiracle"},{"floor":8.0,"key":"Dexterity Potion"},{"floor":14.0,"key":"BlessingOfTheForge"},{"floor":19,"key":"Ancient Potion"},{"floor":19,"key":"AttackPotion"},{"floor":19,"key":"Regen Potion"},{"floor":24,"key":"DistilledChaos"},{"floor":28,"key":"FearPotion"},{"floor":33,"key":"GamblersBrew"},{"floor":41,"key":"LiquidMemories"},{"floor":44,"key":"Regen Potion"}],"is_trial":false,"path_per_floor":["M","M","M","M","?","E","M","E","T","R","E","M","E","M","R","B",null,"M","?","M","M","M","R","M","R","T","?","E","M","?","M","R","B",null,"M","?","$","M","M","R","E","R","T","M","R","M","?","M","R","B"],"character_chosen":"WATCHER","items_purchased":[],"campfire_rested":8,"item_purchase_floors":[],"current_hp_per_floor":[65,65,59,59,59,37,37,14,14,35,30,27,15,8,29,17,58,35,35,33,24,6,27,7,28,28,28,28,28,12,12,33,12,57,62,56,56,56,41,62,62,62,62,46,67,43,34,32,53,0,0],"gold":0,"neow_bonus":"BOSS_RELIC","is_daily":false,"chose_seed":false,"campfire_upgraded":1,"win_rate":0.0,"timestamp":1612364449,"path_taken":["M","M","M","M","?","E","M","E","T","R","E","M","E","M","R","BOSS","M","?","M","M","M","R","?","R","T","?","E","M","?","M","R","BOSS","M","?","$","M","M","R","E","R","T","M","R","M","?","M","R","BOSS"],"items_purchased_type":[],"build_version":"2020-12-22","purchased_purges":0,"victory":false,"max_hp_per_floor":[72,72,72,72,72,72,72,72,72,72,72,72,72,72,72,72,72,72,72,72,72,72,72,72,72,72,72,72,72,72,72,72,72,72,72,72,72,72,72,72,72,72,72,72,72,72,72,72,72,72,72],"relic_stats":{"counters":[30,147],"Sundial":[4],"Snecko Eye":[115,113,114,104],"Ectoplasm":787,"PreservedInsect":102,"CloakClasp":[182],"Bag of Preparation":[8],"Letter Opener":[85],"Smiling Mask":0,"obtain_stats":[{"Damaru":6,"Enchiridion":30,"The Courier":9,"PreservedInsect":26,"CloakClasp":36,"Bag of Preparation":41,"Letter Opener":11,"Smiling Mask":8,"Sundial":43,"Snecko Eye":34,"Philosopher\u0027s Stone":17,"Ectoplasm":0,"Bag of Marbles":28,"PureWater":0,"Toy Ornithopter":13},{"Damaru":5,"Enchiridion":19,"The Courier":7,"PreservedInsect":17,"CloakClasp":23,"Bag of Preparation":26,"Letter Opener":8,"Smiling Mask":7,"Sundial":26,"Snecko Eye":21,"Philosopher\u0027s Stone":12,"Ectoplasm":0,"Bag of Marbles":18,"PureWater":0,"Toy Ornithopter":10},{"Damaru":20,"Enchiridion":87,"The Courier":29,"PreservedInsect":79,"CloakClasp":108,"Bag of Preparation":123,"Letter Opener":36,"Smiling Mask":29,"Sundial":123,"Snecko Eye":98,"Philosopher\u0027s Stone":57,"Ectoplasm":0,"Bag of Marbles":83,"PureWater":0,"Toy Ornithopter":44}],"Toy Ornithopter":40},"card_choices":[{"not_picked":["CarveReality","Worship"],"picked":"CrushJoints","floor":1.0},{"not_picked":["FlurryOfBlows","EmptyBody"],"picked":"EmptyFist","floor":2.0},{"not_picked":["Weave","Prostrate"],"picked":"CutThroughFate","floor":3.0},{"not_picked":["JustLucky","Halt"],"picked":"ClearTheMind","floor":4.0},{"not_picked":["EmptyFist","Swivel"],"picked":"JustLucky","floor":6.0},{"not_picked":["PathToVictory","Crescendo"],"picked":"CutThroughFate","floor":7.0},{"not_picked":["SashWhip","Establishment"],"picked":"BowlingBash","floor":8.0},{"not_picked":["Halt","Swivel"],"picked":"TalkToTheHand","floor":11.0},{"not_picked":["Indignation","WindmillStrike"],"picked":"EmptyMind","floor":12.0},{"not_picked":["Prostrate","FlurryOfBlows"],"picked":"Meditate","floor":13.0},{"not_picked":["Collect","Halt"],"picked":"FlurryOfBlows","floor":14.0},{"not_picked":["MasterReality","SpiritShield"],"picked":"DevaForm","floor":16.0},{"not_picked":["ClearTheMind","FollowUp"],"picked":"CutThroughFate","floor":18},{"not_picked":["EmptyFist","MentalFortress"],"picked":"Wallop","floor":20},{"not_picked":["Sanctity","SandsOfTime"],"picked":"WheelKick+1","floor":21},{"not_picked":["Evaluate+1","Swivel+1","PathToVictory"],"picked":"SKIP","floor":22},{"not_picked":["Wallop","Consecrate+1"],"picked":"ThirdEye","floor":24},{"not_picked":["Crescendo","MasterReality"],"picked":"Halt+1","floor":28},{"not_picked":["EmptyFist","ClearTheMind","FlyingSleeves"],"picked":"SKIP","floor":29},{"not_picked":["Swivel","JustLucky","FollowUp+1"],"picked":"SKIP","floor":31},{"not_picked":["Blasphemy","MasterReality"],"picked":"Wish","floor":33},{"not_picked":["EmptyFist","ReachHeaven","Prostrate+1"],"picked":"SKIP","floor":35},{"not_picked":["Consecrate","JustLucky+1","Crescendo+1"],"picked":"SKIP","floor":38},{"not_picked":["ThirdEye+1","FlyingSleeves"],"picked":"WheelKick+1","floor":39},{"not_picked":["Meditate+1","Vengeance+1","DeceiveReality+1"],"picked":"SKIP","floor":41},{"not_picked":["Prostrate+1","ClearTheMind"],"picked":"Adaptation+1","floor":44},{"not_picked":["ForeignInfluence","FlyingSleeves+1","BowlingBash"],"picked":"SKIP","floor":46},{"not_picked":["Adaptation","EmptyFist+1"],"picked":"Protect+1","floor":48}],"player_experience":149897,"relics_obtained":[{"floor":6.0,"key":"Damaru"},{"floor":8.0,"key":"Smiling Mask"},{"floor":9.0,"key":"The Courier"},{"floor":11.0,"key":"Letter Opener"},{"floor":13.0,"key":"Toy Ornithopter"},{"floor":26,"key":"PreservedInsect"},{"floor":28,"key":"Bag of Marbles"},{"floor":30,"key":"Enchiridion"},{"floor":36,"key":"CloakClasp"},{"floor":41,"key":"Bag of Preparation"},{"floor":43,"key":"Sundial"}],"event_choices":[{"cards_removed":["Defend_P"],"damage_healed":0.0,"max_hp_gain":0.0,"max_hp_loss":0.0,"gold_gain":0.0,"event_name":"The Cleric","player_choice":"Card Removal","floor":5.0,"gold_loss":50.0,"damage_taken":0.0},{"damage_healed":0,"gold_gain":0,"player_choice":"Got Potions","damage_taken":0,"max_hp_gain":0,"max_hp_loss":0,"event_name":"Lab","floor":19,"gold_loss":0},{"damage_healed":0,"gold_gain":0,"player_choice":"Paid Fearfully","damage_taken":0,"max_hp_gain":0,"max_hp_loss":0,"event_name":"Masked Bandits","floor":27,"gold_loss":19},{"damage_healed":0,"gold_gain":0,"player_choice":"Obtained Book","damage_taken":16,"max_hp_gain":0,"max_hp_loss":0,"event_name":"Cursed Tome","floor":30,"gold_loss":0},{"damage_healed":0,"gold_gain":0,"player_choice":"Fight","damage_taken":0,"max_hp_gain":0,"max_hp_loss":0,"event_name":"MindBloom","floor":36,"gold_loss":0},{"damage_healed":0,"gold_gain":0,"player_choice":"Embrace Madness","damage_taken":9,"max_hp_gain":0,"max_hp_loss":0,"event_name":"Winding Halls","floor":47,"gold_loss":0,"cards_obtained":["Madness","Madness"]}],"is_beta":false,"boss_relics":[{"not_picked":["SacredBark","Runic Pyramid"],"picked":"Philosopher\u0027s Stone"},{"not_picked":["Cursed Key","Busted Crown"],"picked":"Snecko Eye"}],"items_purged_floors":[],"is_endless":false,"potions_floor_spawned":[3,4,6,8,12,14,21,24,28,33,41,44,48],"killed_by":"Time Eater","ascension_level":8}}