{"host":"dpz73eeqf7w0eu85","time":1612371418,"event":{"mods":["Act Like it!","BaseMod","Gensokyo","Hallownest","Lobotomy","LobotomyExtend","Marisa£®ÏF”Í°°ƒß¿Ì…≥£©","Minty Spire (QoL Compilation)","Remilia£®¿Ÿ√◊¿Ú—«£©","StSLib","The Administrix","WarShipGirlsR/’ΩΩ¢…Ÿ≈ÆR mod","Youmu£®ªÍ∆«—˝√Œ£©","°æ“≈ŒÔø®≈∆°øREMEMod"],"gold_per_floor":[10016,10016,9329,9329,9329,9329,9329,9329,9400,8708,8722,8739,7942,7942,7962,8062,8074,8084,8095,8095,8115,8075,8089,8101,8117,8117,8222,8222,8235,8253,7645,7563,7530,7530,7391,7391,7417,7417,7404,7404,7428,6889,6889,6859],"floor_reached":34,"language":"ZHS","playtime":3190,"items_purged":["rmod:defend","rmod:strick","rmod:basicallowance"],"score":758,"play_id":"0f8a12aa-8a37-47f2-ba4f-74b1ed376ba6","local_time":"20210204005658","is_ascension_mode":false,"campfire_choices":[{"data":"rmod:expedition","floor":6,"key":"SMITH"},{"data":"rmod:expedition+1","floor":8,"key":"SMITH"},{"data":"rmod:expedition+2","floor":15,"key":"SMITH"},{"data":"rmod:robin","floor":23,"key":"SMITH"},{"floor":25,"key":"RECALL"},{"data":"rmod:aluminumsupply","floor":32,"key":"SMITH"}],"circlet_count":0,"master_deck":["rmod:strick+1","rmod:strick+1","rmod:strick","rmod:defend","rmod:defend","rmod:defend","rmod:maingunfire+1","rmod:advancebysurprise","rmod:expedition+3","rmod:wasp+1","rmod:fuelsupply","rmod:victimresponsibility","rmod:expeditionaryescort","rmod:openingtorpedo","rmod:wife","rmod:desperatesituation","rmod:chargemoney","rmod:aviationdawn","rmod:robin+1","rmod:seals","rmod:aluminumsupply+1","rmod:aviationdawn+1","rmod:aluminumsupply+1"],"relics":["rmod:firstchargereward","REME_ComplimentaryCards","Pear","Meat on the Bone","Bag of Marbles","TheAbacus","Gensokyo:Justice","Toy Ornithopter","Strange Spoon","PreservedInsect","LetterFromLob","Whetstone","Unceasing Top","Cauldron","Letter Opener","Odd Mushroom","REME_DuelDisc","REME_OnlineShoppingPlatform","Chemical X","Toolbox","Orrery","REME_PuzzleBoxRelic","Ancient Tea Set","WingedGreaves","Regal Pillow","Shuriken","OrangePellets"],"acts_visited":["Exordium","Exordium"],"potions_floor_usage":[8,16,16,18,18,21,21,21,21,21,22,22,22,22,24,24,24,24,24,24,24,24,24,24,28,28,33,33,33,34,34,34,34,34,34,34,34,34,34,34,34,34,34,34,34,34,34,34,34,34,34,34,34,34,34,34,34,34,34,34,34,34,34,34,34,34,34,34,34,34,34,34,34,34,34,34,34,34,34,34,34,34,34,34,34,34,34,34,34,34,34,34,34,34,34,34,34,34,34,34,34,34,34,34,34,34,34,34,34,34,34,34,34,34,34,34,34,34,34,34,34,34,34,34,34,34,34,34,34,34,34,34,34,34,34,34,34,34,34,34,34,34,34,34,34,34,34,34,34,34,34,34,34,34,34,34,34,34,34,34,34,34,34,34,34],"damage_taken":[{"damage":1,"enemies":"Gensokyo:2_Kodama","floor":1,"turns":3},{"damage":4,"enemies":"Gensokyo:Python","floor":11,"turns":4},{"damage":11,"enemies":"Jaw Worm","floor":1,"turns":2},{"damage":0,"enemies":"Cultist","floor":4,"turns":2},{"damage":0,"enemies":"Small Slimes","floor":6,"turns":1},{"damage":4,"enemies":"Exordium Thugs","floor":7,"turns":2},{"damage":1,"enemies":"Lots of Slimes","floor":8,"turns":2},{"damage":12,"enemies":"The Mushroom Lair","floor":10,"turns":2},{"damage":0,"enemies":"Exordium Wildlife","floor":12,"turns":2},{"damage":6,"enemies":"2 Fungi Beasts","floor":13,"turns":2},{"damage":7,"enemies":"Red Slaver","floor":14,"turns":2},{"damage":35,"enemies":"Slime Boss","floor":16,"turns":6},{"damage":16,"enemies":"Gensokyo:3_Bats","floor":18,"turns":3},{"damage":30,"enemies":"Gensokyo:3_Boulders","floor":19,"turns":4},{"damage":0,"enemies":"Gensokyo:AtlasGolem","floor":21,"turns":4},{"damage":16,"enemies":"Gensokyo:4_Bats","floor":22,"turns":2},{"damage":0,"enemies":"Gensokyo:Doremy","floor":24,"turns":2},{"damage":44,"enemies":"Gensokyo:Marisa","floor":28,"turns":3},{"damage":26,"enemies":"Gensokyo:Scarlet_Devils","floor":33,"turns":6},{"damage":95,"enemies":"Malkuth","floor":34,"turns":8},{"damage":99,"enemies":"Hod","floor":34,"turns":7},{"damage":155,"enemies":"Tiphereth","floor":34,"turns":9},{"damage":105,"enemies":"Binah","floor":34,"turns":12}],"seed_played":"-5139179176667831110","potions_obtained":[{"floor":8,"key":"Fruit Juice"},{"floor":11,"key":"PowerPotion"},{"floor":16,"key":"Explosive Potion"},{"floor":19,"key":"SkillPotion"}],"is_trial":false,"path_per_floor":["M","?","$","?","?","R","T","R","T","$","M","E","M","$","?","M","?","M","M","M","T","?","?","M","M","M","R","B",null,"M","M","COS","M","M","R","E","R","T","?","E","?","T","$","R","B",null],"character_chosen":"PRAEFECT","items_purchased":["Meat on the Bone","Bag of Marbles","TheAbacus","rmod:expedition","Strange Spoon","PreservedInsect","rmod:wasp","rmod:fuelsupply","PowerPotion","GamblersBrew","Explosive Potion","Whetstone","Unceasing Top","Cauldron","rmod:expeditionaryescort","rmod:openingtorpedo","Shuriken","OrangePellets"],"campfire_rested":0,"item_purchase_floors":[3,3,3,3,10,10,10,10,10,10,10,2,2,2,2,2,31,31],"current_hp_per_floor":[74,69,69,69,69,69,69,69,69,69,65,74,74,57,57,57,57,53,62,62,50,50,50,56,49,49,36,90,84,54,54,79,74,74,90,90,90,90,46,46,46,46,46,47],"gold":4229,"neow_bonus":"HUNDRED_GOLD","is_daily":false,"chose_seed":false,"campfire_upgraded":5,"win_rate":0.0,"timestamp":1612371418,"path_taken":["M","?","$","?","?","R","?","R","T","?","?","E","M","$","?","M","?","M","M","?","T","?","?","?","M","M","R","BOSS","M","M","COS","M","M","R","E","R","T","?","E","?","?","$","R","BOSS"],"items_purchased_type":["Relic","Relic","Relic","Card","Relic","Relic","Card","Card","Potion","Potion","Potion","Relic","Relic","Relic","Card","Card","Relic","Relic"],"build_version":"2020-12-22","purchased_purges":3,"victory":true,"max_hp_per_floor":[75,85,85,85,85,85,85,85,85,85,85,85,85,85,85,85,85,85,90,90,90,90,90,90,90,90,90,90,90,90,90,90,90,90,90,90,90,90,90,90,90,90,90,90],"card_choices":[{"not_picked":["rmod:goodfighter","rmod:steelsupply"],"picked":"rmod:aluminumsupply","floor":1},{"not_picked":["rmod:fletcherpendant","rmod:highspeedshooting"],"picked":"rmod:victimresponsibility","floor":11},{"not_picked":["rmod:combined","rmod:overbreakdown","rmod:tearstotiara"],"picked":"SKIP","floor":1},{"not_picked":["rmod:advancebysurprise","rmod:combined"],"picked":"rmod:wife","floor":4},{"not_picked":["rmod:wolves","rmod:luckystar"],"picked":"rmod:desperatesituation","floor":6},{"not_picked":["rmod:unsinkable","rmod:goodfighter","rmod:goodsister"],"picked":"SKIP","floor":7},{"not_picked":["rmod:victimresponsibility","rmod:salvage"],"picked":"rmod:chargemoney","floor":8},{"not_picked":["rmod:luckystar","rmod:victimresponsibility"],"picked":"rmod:aviationdawn","floor":10},{"not_picked":["rmod:wolves","rmod:bulid","rmod:launchingtorpedo"],"picked":"SKIP","floor":12},{"not_picked":["rmod:punchline","rmod:diamondstrike","rmod:spoils"],"picked":"SKIP","floor":13},{"not_picked":["rmod:victimresponsibility","rmod:luckystar"],"picked":"rmod:robin","floor":14},{"not_picked":["rmod:windflower","rmod:timeschanged"],"picked":"rmod:seals","floor":16},{"not_picked":["rmod:steelsupply","rmod:punchline+1","rmod:overbreakdown+1"],"picked":"SKIP","floor":18},{"not_picked":["rmod:intelligenceanalysis","rmod:selfconfidence+1","rmod:luckystar"],"picked":"SKIP","floor":19},{"not_picked":["rmod:diamondstrike+1","rmod:tearstotiara"],"picked":"rmod:aluminumsupply+1","floor":20},{"not_picked":["rmod:heivgo","rmod:fletcherpendant+1"],"picked":"rmod:aviationdawn+1","floor":20},{"not_picked":["rmod:circuitoustactics","rmod:wasp+1","rmod:royalracing"],"picked":"SKIP","floor":21},{"not_picked":["rmod:chargemoney+1","rmod:steelsupply+1","rmod:diamondstrike"],"picked":"SKIP","floor":22},{"not_picked":["rmod:combined+1","rmod:guardianhero+1","rmod:ammunitionsupply+1"],"picked":"SKIP","floor":24},{"not_picked":["rmod:supriseattacks","rmod:concentratefire+1"],"picked":"rmod:aluminumsupply","floor":28}],"player_experience":175775,"relics_obtained":[{"floor":1,"key":"LetterFromLob"},{"floor":7,"key":"Toy Ornithopter"},{"floor":1,"key":"LetterFromLob"},{"floor":9,"key":"Letter Opener"},{"floor":10,"key":"Odd Mushroom"},{"floor":24,"key":"REME_PuzzleBoxRelic"},{"floor":26,"key":"Ancient Tea Set"},{"floor":28,"key":"WingedGreaves"},{"floor":30,"key":"Regal Pillow"}],"event_choices":[{"damage_healed":0,"gold_gain":0,"player_choice":"Entered Light","damage_taken":17,"max_hp_gain":0,"max_hp_loss":0,"event_name":"Shining Light","floor":3,"gold_loss":0,"cards_upgraded":["rmod:strick","rmod:wasp"]},{"damage_healed":0,"gold_gain":100,"player_choice":"Pray","damage_taken":0,"max_hp_gain":0,"max_hp_loss":0,"event_name":"Golden Shrine","floor":5,"gold_loss":0},{"damage_healed":0,"gold_gain":0,"player_choice":"Fought Mushrooms","damage_taken":0,"max_hp_gain":0,"max_hp_loss":0,"event_name":"Mushrooms","floor":10,"gold_loss":0},{"damage_healed":0,"gold_gain":0,"player_choice":"Bought 3 Potions","damage_taken":0,"max_hp_gain":0,"max_hp_loss":0,"event_name":"The Woman in Blue","floor":11,"gold_loss":0}],"is_beta":false,"boss_relics":[{"not_picked":["REME_DemonsWealth","Calling Bell"],"picked":"REME_DuelDisc"}],"items_purged_floors":[3,10,31],"is_endless":false,"potions_floor_spawned":[4,8,12,14,16,19,22],"ascension_level":0}}