{"host":"jlk2k69f9c6o7b3e","time":1612335702,"event":{"mods":["AchievementEnabler","BaseMod","Minty Spire (QoL Compilation)","StSLib"],"gold_per_floor":[114,64,79,79,254,279,16,44,44,44,57,90,90,90,90,90,90],"floor_reached":16,"language":"ZHS","playtime":441,"items_purged":["Strike_B"],"score":169,"play_id":"66181cae-e9fb-448f-9413-d6f42e0bf020","local_time":"20210203150142","is_ascension_mode":true,"campfire_choices":[{"data":"Scrape","floor":10.0,"key":"SMITH"},{"data":"Hologram","floor":15.0,"key":"SMITH"}],"circlet_count":0,"master_deck":["Strike_B","Strike_B","Strike_B","Defend_B","Defend_B","Zap","Dualcast","Beam Cell","Steam","Doubt","Fission","Scrape+1","Hologram","Gash","Hologram+1"],"relics":["Cracked Core","NeowsBlessing","White Beast Statue","Orichalcum","Juzu Bracelet","Tiny Chest","Akabeko","Golden Idol","Anchor"],"acts_visited":["Exordium"],"potions_floor_usage":[16,16],"damage_taken":[{"damage":0.0,"enemies":"2 Louse","floor":1.0,"turns":1.0},{"damage":0.0,"enemies":"Small Slimes","floor":3.0,"turns":1.0},{"damage":0.0,"enemies":"Gremlin Nob","floor":6.0,"turns":1.0},{"damage":28.0,"enemies":"3 Sentries","floor":8.0,"turns":6.0},{"damage":7.0,"enemies":"Jaw Worm","floor":11.0,"turns":2.0},{"damage":6.0,"enemies":"Gremlin Nob","floor":12.0,"turns":4.0},{"damage":28,"enemies":"The Guardian","floor":16,"turns":4}],"seed_played":"-4402525513851910740","potions_obtained":[{"floor":6.0,"key":"PowerPotion"},{"floor":8.0,"key":"LiquidBronze"},{"floor":11.0,"key":"PowerPotion"},{"floor":12.0,"key":"BlessingOfTheForge"}],"is_trial":false,"path_per_floor":["M","?","M","?","?","E","$","E","T","R","M","E","?","T","R","B"],"character_chosen":"DEFECT","items_purchased":["Scrape","Orichalcum"],"campfire_rested":0,"item_purchase_floors":[7,7],"current_hp_per_floor":[75,75,75,68,68,68,68,40,40,40,33,27,27,27,27,0,0],"gold":90,"neow_bonus":"THREE_ENEMY_KILL","is_daily":false,"chose_seed":false,"campfire_upgraded":2,"win_rate":0.0,"timestamp":1612335702,"path_taken":["M","?","M","?","?","E","?","E","T","R","M","E","?","?","R","BOSS"],"items_purchased_type":["Card","Relic"],"build_version":"2020-12-22","purchased_purges":1,"victory":false,"max_hp_per_floor":[75,75,75,75,75,75,75,75,75,75,75,75,69,69,69,69,69],"card_choices":[{"not_picked":["Sweeping Beam","Auto Shields"],"picked":"Beam Cell","floor":1.0},{"not_picked":["Stack","Force Field"],"picked":"Steam","floor":3.0},{"not_picked":["Heatsinks","Barrage"],"picked":"Fission","floor":6.0},{"not_picked":["Genetic Algorithm","Turbo"],"picked":"Hologram","floor":8.0},{"not_picked":["Aggregate","Redo"],"picked":"Gash","floor":11.0},{"not_picked":["Fission","Auto Shields"],"picked":"Hologram","floor":12.0}],"player_experience":333390,"relics_obtained":[{"floor":6.0,"key":"White Beast Statue"},{"floor":8.0,"key":"Juzu Bracelet"},{"floor":9.0,"key":"Tiny Chest"},{"floor":12.0,"key":"Akabeko"},{"floor":14.0,"key":"Anchor"}],"event_choices":[{"cards_removed":["Defend_B"],"damage_healed":0.0,"max_hp_gain":0.0,"max_hp_loss":0.0,"gold_gain":0.0,"event_name":"The Cleric","player_choice":"Card Removal","floor":2.0,"gold_loss":50.0,"damage_taken":0.0},{"cards_removed":["Defend_B"],"damage_healed":0.0,"max_hp_gain":0.0,"max_hp_loss":0.0,"gold_gain":0.0,"event_name":"Golden Wing","player_choice":"Card Removal","floor":4.0,"gold_loss":0.0,"damage_taken":7.0},{"damage_healed":0.0,"max_hp_gain":0.0,"max_hp_loss":0.0,"gold_gain":175.0,"event_name":"Liars Game","player_choice":"AGREE","floor":5.0,"gold_loss":0.0,"damage_taken":0.0,"cards_obtained":["Doubt"]},{"damage_healed":0.0,"max_hp_gain":0.0,"max_hp_loss":6.0,"gold_gain":0.0,"event_name":"Golden Idol","player_choice":"Lose Max HP","floor":13.0,"gold_loss":0.0,"damage_taken":0.0,"relics_obtained":["Golden Idol"]}],"is_beta":false,"boss_relics":[],"items_purged_floors":[7],"is_endless":false,"potions_floor_spawned":[6,8,11,12],"killed_by":"The Guardian","ascension_level":4}}