{"host":"hpn0uxah5qjr7pa6","time":1612329914,"event":{"mods":["Act Like it!","Aspiration","BaseMod","Better Third Choice","BetterRewards","Challenge The Spire","Colored Powertips","Conspire","Downfall","Energized Spire","Hallownest","Hermit","Hubris","Infinite Spire","Minty Spire (QoL Compilation)","Permanent Neow","Quick Restart","Rare Cards Sparkle","Replay The Spire","Spicy Shops","StSLib","The Bug Knight","The Jungle"],"gold_per_floor":[99,115,129,39,50,66,66,82,82,114,114,114,132,32,45,45,59,59,59,59],"floor_reached":18,"language":"ENG","playtime":779,"items_purged":["bronze:Goto"],"score":164,"play_id":"0e91eb1e-573b-439d-beb1-10e98a273417","local_time":"20210202212514","is_ascension_mode":true,"campfire_choices":[{"data":"bronze:Replicate","floor":1,"key":"SMITH"},{"floor":14,"key":"REST"}],"circlet_count":0,"master_deck":["bronze:Strike","bronze:Strike","bronze:Strike","bronze:Defend","bronze:Defend","bronze:Defend","bronze:Defend","bronze:Replicate+1","bronze:Branch","bronze:BronzeOrb","bronze:DelayedSlice","bronze:BronzeOrb"],"relics":["bronze:BronzeCore","Quantum Egg","downfall:HeartBlessingBlue"],"acts_visited":["Exordium"],"potions_floor_usage":[10,10,10,18],"damage_taken":[{"damage":1,"enemies":"Jaw Worm","floor":2,"turns":4},{"damage":1,"enemies":"Cultist","floor":3,"turns":4},{"damage":10,"enemies":"downfall:FleeingMerchant","floor":4,"turns":4},{"damage":0,"enemies":"2 Louse","floor":5,"turns":3},{"damage":43,"enemies":"Large Slime","floor":6,"turns":14},{"damage":1,"enemies":"Exordium Wildlife","floor":8,"turns":4},{"damage":7,"enemies":"Replay:BlueRogue","floor":10,"turns":3},{"damage":0,"enemies":"Blue Slaver","floor":13,"turns":3},{"damage":1,"enemies":"Large Slime","floor":15,"turns":4},{"damage":1,"enemies":"Exordium Thugs","floor":17,"turns":4},{"damage":39,"enemies":"SI_SHIV_ARCHETYPE","floor":18,"turns":18}],"seed_played":"1683981320790203300","potions_obtained":[{"floor":2,"key":"champ:CounterPotion"},{"floor":3,"key":"infinitespire:BlackPotion"},{"floor":6,"key":"Swift Potion"},{"floor":13,"key":"FearPotion"},{"floor":15,"key":"conspire:TimeTravelPotion"}],"is_trial":false,"path_per_floor":["R","M","M","$","M","M","T","M","?","E","PTL","PTL","M","R","M","?","M","B"],"character_chosen":"THE_AUTOMATON","items_purchased":[],"campfire_rested":1,"item_purchase_floors":[],"current_hp_per_floor":[77,76,75,65,65,22,22,21,21,14,14,14,14,50,49,49,48,9,9,9],"gold":59,"neow_bonus":"TEN_PERCENT_HP_BONUS","is_daily":false,"chose_seed":false,"campfire_upgraded":1,"win_rate":0.0,"timestamp":1612329914,"path_taken":["R","M","M","$","M","M","T","M","?","E","PTL","PTL","M","R","?","?","M","BOSS"],"items_purchased_type":[],"build_version":"2020-12-22","purchased_purges":1,"victory":false,"max_hp_per_floor":[77,77,77,77,77,77,77,77,77,77,77,77,77,87,87,87,87,87,87,87],"card_choices":[{"not_picked":["bronze:GetLatest","bronze:MaxOutput","bronze:Optimize"],"picked":"SKIP","floor":2},{"not_picked":["bronze:Turbo","bronze:Terminator"],"picked":"bronze:Branch","floor":3},{"not_picked":["bronze:DigitalCarnage","bronze:BitShift"],"picked":"bronze:BronzeOrb","floor":4},{"not_picked":["bronze:Return","bronze:Optimize","bronze:Shield"],"picked":"SKIP","floor":5},{"not_picked":["bronze:BugBarrage","bronze:Overload","bronze:NullPointer"],"picked":"SKIP","floor":6},{"not_picked":["bronze:Separator","bronze:BuggyMess"],"picked":"bronze:DelayedSlice","floor":8},{"not_picked":["bronze:Repulsor","bronze:ForceShield","bronze:Overheat"],"picked":"SKIP","floor":10},{"not_picked":["bronze:Deprecate","bronze:CutThrough","bronze:BronzeArmor"],"picked":"SKIP","floor":13},{"not_picked":["bronze:Refactor","bronze:CutThrough","bronze:Shell"],"picked":"SKIP","floor":15},{"not_picked":["bronze:Shell","bronze:Boost"],"picked":"bronze:BronzeOrb","floor":17}],"player_experience":168751,"relics_obtained":[{"floor":10,"key":"Quantum Egg"}],"event_choices":[{"cards_removed":["bronze:Strike"],"damage_healed":0,"gold_gain":0,"player_choice":"Card Removal","damage_taken":0,"max_hp_gain":0,"max_hp_loss":0,"event_name":"Wheel of Change","floor":9,"gold_loss":0},{"damage_healed":0,"gold_gain":0,"player_choice":"Leave","damage_taken":0,"max_hp_gain":0,"max_hp_loss":0,"event_name":"FaceTrader","floor":16,"gold_loss":0}],"is_beta":false,"boss_relics":[],"items_purged_floors":[4],"is_endless":false,"potions_floor_spawned":[2,3,6,13,15],"killed_by":"SI_SHIV_ARCHETYPE","ascension_level":4}}