{"host":"rolltorest","time":1612336587,"event":{"mods":["BaseMod","Minty Spire (QoL Compilation)","Relic Stats","Slay the Relics Exporter","StSLib"],"gold_per_floor":[112,125,125,175,185,220,220,252,278,291,303,303,59,77,77,154,154,124,139,139,139,151,151,167,199,245,245,263,276,276,12,12,86,86,101,120,134,34,51,80,106,149,236,263,275,275],"floor_reached":45,"language":"ENG","playtime":2316,"items_purged":["Strike_G","Strike_G"],"score":1122,"play_id":"8caabb50-3f36-40e9-bcbd-f2710249dd3e","local_time":"20210202231627","is_ascension_mode":true,"campfire_choices":[{"data":"Noxious Fumes","floor":7,"key":"SMITH"},{"floor":12,"key":"REST"},{"data":"Catalyst","floor":15,"key":"SMITH"},{"floor":23,"key":"REST"},{"floor":27,"key":"REST"},{"floor":30,"key":"REST"},{"data":"Wraith Form v2","floor":32,"key":"SMITH"}],"circlet_count":0,"master_deck":["AscendersBane","Strike_G","Strike_G","Strike_G","Defend_G","Defend_G","Defend_G","Defend_G","Defend_G","Survivor","Neutralize","Poisoned Stab","Poisoned Stab","Deadly Poison","Noxious Fumes+1","Catalyst+1","Well Laid Plans","Wraith Form v2+1","Crippling Poison+1","Backflip","Burst","PiercingWail","After Image","Footwork+1","Night Terror","Blur","PiercingWail","Normality","Parasite","Acrobatics+1"],"relics":["Ring of the Snake","Centennial Puzzle","Toy Ornithopter","Akabeko","TwistedFunnel","SlaversCollar","Shuriken","Orichalcum","Paper Crane","Cursed Key","MawBank","Vajra"],"acts_visited":["Exordium","TheCity","TheBeyond"],"potions_floor_usage":[10,29,41,44,44],"damage_taken":[{"damage":2,"enemies":"2 Louse","floor":1,"turns":4},{"damage":0,"enemies":"Jaw Worm","floor":2,"turns":4},{"damage":1,"enemies":"Cultist","floor":5,"turns":3},{"damage":26,"enemies":"Gremlin Nob","floor":6,"turns":4},{"damage":26,"enemies":"3 Sentries","floor":8,"turns":8},{"damage":0,"enemies":"3 Louse","floor":10,"turns":4},{"damage":4,"enemies":"Looter","floor":11,"turns":4},{"damage":18,"enemies":"Exordium Thugs","floor":14,"turns":5},{"damage":9,"enemies":"Hexaghost","floor":16,"turns":6},{"damage":17,"enemies":"2 Thieves","floor":18,"turns":4},{"damage":0,"enemies":"3 Byrds","floor":19,"turns":3},{"damage":5,"enemies":"Cultist and Chosen","floor":22,"turns":5},{"damage":24,"enemies":"Snake Plant","floor":24,"turns":4},{"damage":13,"enemies":"Gremlin Leader","floor":25,"turns":6},{"damage":5,"enemies":"Centurion and Healer","floor":28,"turns":6},{"damage":22,"enemies":"Shelled Parasite and Fungi","floor":29,"turns":5},{"damage":2,"enemies":"Automaton","floor":33,"turns":8},{"damage":0,"enemies":"3 Shapes","floor":35,"turns":4},{"damage":4,"enemies":"Orb Walker","floor":36,"turns":2},{"damage":11,"enemies":"Sphere and 2 Shapes","floor":37,"turns":5},{"damage":0,"enemies":"Jaw Worm Horde","floor":39,"turns":4},{"damage":0,"enemies":"Nemesis","floor":40,"turns":9},{"damage":0,"enemies":"Transient","floor":41,"turns":6},{"damage":31,"enemies":"Giant Head","floor":42,"turns":7},{"damage":2,"enemies":"Writhing Mass","floor":44,"turns":8},{"damage":23,"enemies":"Nemesis","floor":45,"turns":4}],"seed_played":"369499282130469080","potions_obtained":[{"floor":2,"key":"GamblersBrew"},{"floor":6,"key":"FearPotion"},{"floor":14,"key":"ColorlessPotion"},{"floor":16,"key":"EntropicBrew"},{"floor":29,"key":"DistilledChaos"},{"floor":33,"key":"Weak Potion"},{"floor":44,"key":"Dexterity Potion"}],"is_trial":false,"path_per_floor":["M","M","?","?","M","E","R","E","T","M","M","R","$","M","R","B",null,"M","M","?","?","M","R","M","E","T","R","M","M","R","$","R","B",null,"M","M","M","$","M","E","M","E","T","M","E"],"character_chosen":"THE_SILENT","items_purchased":["TwistedFunnel","Paper Crane"],"campfire_rested":4,"item_purchase_floors":[13,31],"current_hp_per_floor":[57,57,62,62,61,35,35,9,9,14,10,31,31,13,13,4,54,37,37,37,31,26,47,23,10,10,31,26,9,30,30,30,28,60,60,56,45,45,45,45,50,19,19,27,4,4],"gold":275,"neow_bonus":"THREE_CARDS","is_daily":false,"chose_seed":false,"campfire_upgraded":3,"win_rate":0.0,"timestamp":1612336587,"path_taken":["M","M","?","?","M","E","R","E","T","M","M","R","$","M","R","BOSS","M","?","?","?","?","R","M","E","T","R","M","M","R","$","R","BOSS","M","M","?","$","M","E","M","E","T","M","E"],"items_purchased_type":["Relic","Relic"],"build_version":"2020-12-18","purchased_purges":2,"victory":false,"max_hp_per_floor":[66,66,71,71,71,71,71,71,71,71,71,71,71,71,71,71,71,71,71,71,71,71,71,71,71,71,71,71,71,71,71,71,71,71,71,71,71,71,71,71,71,71,71,71,71,71],"relic_stats":{"Centennial Puzzle":[48],"counters":[26,132],"Shuriken":[6],"Orichalcum":[162],"Cursed Key":1,"MawBank":60,"obtain_stats":[{"TwistedFunnel":13,"SlaversCollar":17,"Centennial Puzzle":6,"Shuriken":25,"Vajra":42,"Orichalcum":26,"Paper Crane":31,"Cursed Key":34,"MawBank":40,"Toy Ornithopter":8,"Akabeko":9,"Ring of the Snake":0},{"TwistedFunnel":7,"SlaversCollar":9,"Centennial Puzzle":4,"Shuriken":14,"Vajra":24,"Orichalcum":14,"Paper Crane":16,"Cursed Key":17,"MawBank":22,"Toy Ornithopter":5,"Akabeko":5,"Ring of the Snake":0},{"TwistedFunnel":31,"SlaversCollar":42,"Centennial Puzzle":15,"Shuriken":64,"Vajra":120,"Orichalcum":64,"Paper Crane":75,"Cursed Key":83,"MawBank":107,"Toy Ornithopter":23,"Akabeko":23,"Ring of the Snake":0}],"Toy Ornithopter":25,"Ring of the Snake":[52]},"card_choices":[{"not_picked":["Dash","Dagger Spray"],"picked":"Poisoned Stab","floor":0},{"not_picked":["Slice","Backflip"],"picked":"Poisoned Stab","floor":1},{"not_picked":["Distraction","Backflip"],"picked":"Deadly Poison","floor":2},{"not_picked":["Tactician","Doppelganger"],"picked":"Noxious Fumes","floor":5},{"not_picked":["Tools of the Trade","Caltrops","Reflex"],"picked":"SKIP","floor":6},{"not_picked":["Endless Agony","Noxious Fumes"],"picked":"Catalyst","floor":8},{"not_picked":["Poisoned Stab","Eviscerate"],"picked":"Well Laid Plans","floor":10},{"not_picked":["Deflect","Prepared","Quick Slash"],"picked":"SKIP","floor":11},{"not_picked":["Slice","Backflip","Prepared"],"picked":"SKIP","floor":14},{"not_picked":["Glass Knife","A Thousand Cuts"],"picked":"Wraith Form v2","floor":16},{"not_picked":["Blade Dance","Prepared"],"picked":"Crippling Poison+1","floor":18},{"not_picked":["Backstab+1","Poisoned Stab","Quick Slash"],"picked":"SKIP","floor":19},{"not_picked":["Cloak And Dagger+1","Prepared"],"picked":"Backflip","floor":22},{"not_picked":["Predator","Skewer"],"picked":"Burst","floor":24},{"not_picked":["Sucker Punch","Predator","Blur"],"picked":"SKIP","floor":25},{"not_picked":["Infinite Blades+1","Quick Slash","Deadly Poison"],"picked":"SKIP","floor":28},{"not_picked":["Bouncing Flask+1","Accuracy"],"picked":"PiercingWail","floor":29},{"not_picked":["Envenom","Venomology"],"picked":"After Image","floor":33},{"not_picked":["Cloak And Dagger","Prepared"],"picked":"Footwork+1","floor":35},{"not_picked":["Dagger Spray","Bane+1","Deflect"],"picked":"SKIP","floor":36},{"not_picked":["Eviscerate+1","Outmaneuver"],"picked":"Night Terror","floor":37},{"not_picked":["Skewer","Dodge and Roll","Concentrate"],"picked":"SKIP","floor":39},{"not_picked":["Slice","Blade Dance"],"picked":"Blur","floor":40},{"not_picked":["Concentrate","Dagger Throw"],"picked":"PiercingWail","floor":41},{"not_picked":["Expertise","Endless Agony","Reflex+1"],"picked":"SKIP","floor":42},{"not_picked":["Backstab","Blade Dance"],"picked":"Acrobatics+1","floor":44}],"player_experience":1819150,"relics_obtained":[{"floor":6,"key":"Centennial Puzzle"},{"floor":8,"key":"Toy Ornithopter"},{"floor":9,"key":"Akabeko"},{"floor":25,"key":"Shuriken"},{"floor":26,"key":"Orichalcum"},{"floor":40,"key":"MawBank"},{"floor":42,"key":"Vajra"}],"event_choices":[{"damage_healed":0,"gold_gain":0,"player_choice":"Donut","damage_taken":0,"max_hp_gain":5,"max_hp_loss":0,"event_name":"Big Fish","floor":3,"gold_loss":0},{"damage_healed":0,"gold_gain":50,"player_choice":"Pray","damage_taken":0,"max_hp_gain":0,"max_hp_loss":0,"event_name":"Golden Shrine","floor":4,"gold_loss":0},{"damage_healed":0,"gold_gain":0,"player_choice":"Ignored","damage_taken":0,"max_hp_gain":0,"max_hp_loss":0,"event_name":"The Mausoleum","floor":20,"gold_loss":0},{"damage_healed":0,"gold_gain":0,"player_choice":"","damage_taken":6,"max_hp_gain":0,"max_hp_loss":0,"event_name":"Knowing Skull","floor":21,"potions_obtained":[],"gold_loss":0,"cards_obtained":[]}],"is_beta":true,"boss_relics":[{"not_picked":["Fusion Hammer","SacredBark"],"picked":"SlaversCollar"},{"not_picked":["Black Star","Calling Bell"],"picked":"Cursed Key"}],"items_purged_floors":[13,38],"is_endless":false,"potions_floor_spawned":[2,6,14,16,19,24,28,29,33,35,39,44],"killed_by":"Nemesis","ascension_level":20}}