{"host":"sc0o2qwpf9j16a4i","time":1612365552,"event":{"mods":["AchievementEnabler","BaseMod","BetterRewards","Block Reminder","Colored Map","Colored Powertips","Custom Start","Highlight Path","Minty Spire (QoL Compilation)","Relic Stats"],"gold_per_floor":[117,127,141,141,154,154,185,185,232,245,262,289,289,319,319,393,393,412,424,292,292,308,308,342,352,352,380,390,390,416,426,426,503,503,503,503],"floor_reached":35,"language":"ENG","playtime":955,"items_purged":["Anger"],"score":1303,"play_id":"8318af7d-aeb5-4f53-becf-c3ca6116490c","local_time":"20210203171912","is_ascension_mode":true,"campfire_choices":[{"data":"Perfected Strike","floor":6,"key":"SMITH"},{"data":"Inflame","floor":8,"key":"SMITH"},{"data":"Battle Trance","floor":15,"key":"SMITH"},{"data":"Perfected Strike","floor":23,"key":"SMITH"},{"data":"Disarm","floor":29,"key":"SMITH"},{"floor":32,"key":"REST"}],"circlet_count":0,"master_deck":["AscendersBane","Strike_R","Strike_R","Strike_R","Strike_R","Strike_R+1","Defend_R","Defend_R","Defend_R","Defend_R","Bash+1","Twin Strike","Perfected Strike+1","Pommel Strike","Inflame+1","Shrug It Off","Perfected Strike","Carnage","Battle Trance+1","Reaper","Perfected Strike+1","Immolate","Perfected Strike","Disarm+1","True Grit","True Grit","Impervious"],"relics":["Burning Blood","Mango","Whetstone","Question Card","Centennial Puzzle","Oddly Smooth Stone","Snecko Eye","Girya","Ornamental Fan","TungstenRod","MealTicket","Cursed Key"],"acts_visited":["Exordium","TheCity","TheBeyond"],"potions_floor_usage":[12,16,18,22,22,30,33],"damage_taken":[{"damage":7,"enemies":"Jaw Worm","floor":1,"turns":3},{"damage":0,"enemies":"Cultist","floor":2,"turns":2},{"damage":5,"enemies":"Small Slimes","floor":3,"turns":4},{"damage":6,"enemies":"Exordium Thugs","floor":5,"turns":4},{"damage":25,"enemies":"3 Sentries","floor":7,"turns":6},{"damage":0,"enemies":"2 Fungi Beasts","floor":10,"turns":2},{"damage":14,"enemies":"3 Louse","floor":11,"turns":3},{"damage":0,"enemies":"Gremlin Nob","floor":12,"turns":2},{"damage":12,"enemies":"Lagavulin","floor":14,"turns":4},{"damage":44,"enemies":"Slime Boss","floor":16,"turns":7},{"damage":0,"enemies":"Shell Parasite","floor":18,"turns":1},{"damage":0,"enemies":"Chosen","floor":19,"turns":2},{"damage":7,"enemies":"Shelled Parasite and Fungi","floor":22,"turns":3},{"damage":39,"enemies":"Slavers","floor":24,"turns":5},{"damage":6,"enemies":"3 Cultists","floor":25,"turns":3},{"damage":0,"enemies":"Gremlin Leader","floor":27,"turns":4},{"damage":4,"enemies":"Snake Plant","floor":28,"turns":2},{"damage":38,"enemies":"Slavers","floor":30,"turns":7},{"damage":26,"enemies":"Shelled Parasite and Fungi","floor":31,"turns":2},{"damage":69,"enemies":"Collector","floor":33,"turns":11},{"damage":0,"enemies":"3 Darklings","floor":35,"turns":1}],"seed_played":"-7432160160792980845","potions_obtained":[{"floor":3,"key":"Ancient Potion"},{"floor":4,"key":"DuplicationPotion"},{"floor":4,"key":"Explosive Potion"},{"floor":12,"key":"Fire Potion"},{"floor":14,"key":"DuplicationPotion"},{"floor":18,"key":"Ancient Potion"},{"floor":27,"key":"Weak Potion"},{"floor":28,"key":"FairyPotion"},{"floor":30,"key":"Explosive Potion"},{"floor":31,"key":"PowerPotion"}],"is_trial":false,"path_per_floor":["M","M","M","?","M","R","E","R","T","M","M","E","?","E","R","B",null,"M","M","$","?","M","R","E","M","T","E","M","R","E","M","R","B",null,"M"],"character_chosen":"IRONCLAD","items_purchased":["Mango","Whetstone","Block Potion"],"campfire_rested":1,"item_purchase_floors":[0,0,20],"current_hp_per_floor":[63,69,70,70,70,70,51,51,51,57,49,55,55,49,49,11,70,76,82,82,82,81,81,58,70,70,82,84,84,57,37,63,7,69,69,69],"gold":503,"neow_bonus":"","is_daily":false,"chose_seed":false,"campfire_upgraded":5,"win_rate":0.0,"timestamp":1612365552,"path_taken":["M","M","M","?","M","R","E","R","T","?","M","E","?","E","R","BOSS","M","M","$","?","M","R","E","M","T","E","M","R","E","M","R","BOSS","M"],"items_purchased_type":["Relic","Relic","Potion"],"build_version":"2020-12-22","purchased_purges":1,"victory":false,"max_hp_per_floor":[89,89,89,89,89,89,89,89,89,89,89,89,89,89,89,89,89,89,89,89,89,89,89,89,89,89,89,89,89,89,89,89,89,89,89,89],"relic_stats":{"Centennial Puzzle":[27],"counters":[40,161],"Ornamental Fan":[56],"Snecko Eye":[85,91,68,69],"MealTicket":0,"Whetstone":["Bash","Strike_R"],"Question Card":15,"Cursed Key":0,"obtain_stats":[{"Lantern":10,"Magic Flower":22,"Mango":0,"Ginger":23,"Whetstone":0,"Ancient Tea Set":6,"Smiling Mask":26,"Cursed Key":34,"Burning Blood":0,"Frozen Eye":0,"Centennial Puzzle":12,"HornCleat":28,"Mummified Hand":39,"Prayer Wheel":21,"MealTicket":30,"Girya":24,"Blue Candle":17,"Oddly Smooth Stone":14,"Pen Nib":20,"Omamori":9,"War Paint":17,"Question Card":7,"Calling Bell":17,"Peace Pipe":17,"Ornamental Fan":26,"Snecko Eye":17,"Black Star":34,"TungstenRod":27},{"Lantern":6,"Magic Flower":10,"Mango":19,"Ginger":11,"Whetstone":19,"Ancient Tea Set":5,"Smiling Mask":13,"Cursed Key":39,"Burning Blood":0,"Frozen Eye":0,"Centennial Puzzle":27,"HornCleat":14,"Mummified Hand":18,"Prayer Wheel":10,"MealTicket":37,"Girya":33,"Blue Candle":9,"Oddly Smooth Stone":28,"Pen Nib":10,"Omamori":5,"War Paint":9,"Question Card":24,"Calling Bell":9,"Peace Pipe":9,"Ornamental Fan":34,"Snecko Eye":29,"Black Star":16,"TungstenRod":35},{"Lantern":18,"Magic Flower":36,"Mango":83,"Ginger":40,"Whetstone":83,"Ancient Tea Set":13,"Smiling Mask":50,"Cursed Key":160,"Burning Blood":0,"Frozen Eye":0,"Centennial Puzzle":109,"HornCleat":58,"Mummified Hand":76,"Prayer Wheel":36,"MealTicket":147,"Girya":131,"Blue Candle":31,"Oddly Smooth Stone":113,"Pen Nib":36,"Omamori":13,"War Paint":31,"Question Card":102,"Calling Bell":31,"Peace Pipe":31,"Ornamental Fan":134,"Snecko Eye":120,"Black Star":69,"TungstenRod":138}],"Burning Blood":186,"TungstenRod":13},"card_choices":[{"not_picked":["Body Slam","Feel No Pain"],"picked":"Twin Strike","floor":1},{"not_picked":["Dual Wield","Armaments"],"picked":"Perfected Strike","floor":2},{"not_picked":["Iron Wave","True Grit"],"picked":"Anger","floor":3},{"not_picked":["Dark Embrace","Armaments"],"picked":"Pommel Strike","floor":5},{"not_picked":["Warcry","True Grit"],"picked":"Inflame","floor":7},{"not_picked":["Berserk","Heavy Blade","Sword Boomerang"],"picked":"Shrug It Off","floor":10},{"not_picked":["Twin Strike","Evolve","Power Through"],"picked":"Perfected Strike","floor":11},{"not_picked":["Infernal Blade","Sentinel","Searing Blow"],"picked":"Carnage","floor":12},{"not_picked":["Flex","Havoc","Anger"],"picked":"Battle Trance","floor":14},{"not_picked":["Exhume","Demon Form","Fiend Fire"],"picked":"Reaper","floor":16},{"not_picked":["Wild Strike","Headbutt","Sword Boomerang","Spot Weakness"],"picked":"SKIP","floor":18},{"not_picked":["Thunderclap+1","Seeing Red","Clothesline"],"picked":"Perfected Strike","floor":19},{"not_picked":["Evolve","Clash","Shrug It Off"],"picked":"Immolate","floor":22},{"not_picked":["Heavy Blade","Pommel Strike","Battle Trance","Fire Breathing"],"picked":"SKIP","floor":24},{"not_picked":["Wild Strike","Pommel Strike","Searing Blow"],"picked":"Perfected Strike","floor":25},{"not_picked":["Anger+1","Brutality","Seeing Red","Perfected Strike"],"picked":"SKIP","floor":27},{"not_picked":["Fire Breathing","Sever Soul","Bloodletting"],"picked":"Disarm","floor":28},{"not_picked":["Perfected Strike+1","Iron Wave","Fire Breathing"],"picked":"True Grit","floor":30},{"not_picked":["Ghostly Armor","Dual Wield","Reckless Charge"],"picked":"True Grit","floor":31},{"not_picked":["Brutality","Immolate","Exhume"],"picked":"Impervious","floor":33}],"player_experience":1157923,"relics_obtained":[{"floor":7,"key":"Question Card"},{"floor":12,"key":"Centennial Puzzle"},{"floor":14,"key":"Oddly Smooth Stone"},{"floor":24,"key":"Girya"},{"floor":26,"key":"Ornamental Fan"},{"floor":27,"key":"TungstenRod"},{"floor":30,"key":"MealTicket"}],"event_choices":[{"damage_healed":0,"gold_gain":0,"player_choice":"Got Potions","damage_taken":0,"max_hp_gain":0,"max_hp_loss":0,"event_name":"Lab","floor":4,"gold_loss":0},{"damage_healed":0,"gold_gain":0,"player_choice":"Ignored","damage_taken":0,"max_hp_gain":0,"max_hp_loss":0,"event_name":"Liars Game","floor":13,"gold_loss":0},{"damage_healed":0,"gold_gain":0,"player_choice":"Ignored","damage_taken":0,"max_hp_gain":0,"max_hp_loss":0,"event_name":"Ghosts","floor":21,"gold_loss":0}],"is_beta":false,"boss_relics":[{"not_picked":["Tiny House","Calling Bell"],"picked":"Snecko Eye"},{"not_picked":["Runic Cube","Black Star"],"picked":"Cursed Key"}],"items_purged_floors":[20],"is_endless":false,"potions_floor_spawned":[3,10,11,12,14,18,27,28,30,31],"killed_by":"3 Darklings","ascension_level":20}}