{"host":"FirstDane","time":1612318123,"event":{"mods":["BaseMod","Bestiary","Highlight Path","Minty Spire (QoL Compilation)","Relic Stats","Slay the Relics Exporter","StSLib"],"gold_per_floor":[109,129,129,141,158,158,177,205,229,31,31,61,78,103,103,181,181,199,210,220,235,10,38,88,88,115,115,115,134,164,177,177,249,249,268,543,126,138,157,157,57,57,57,91,2,2,29,48,48,48,48],"floor_reached":50,"language":"ENG","playtime":6642,"items_purged":["Regret","Strike_G"],"score":1249,"play_id":"7a1f1fab-2738-4998-b4cb-68580c1bb380","local_time":"20210202200843","is_ascension_mode":true,"campfire_choices":[{"data":"Dramatic Entrance","floor":6,"key":"SMITH"},{"data":"Sadistic Nature","floor":11,"key":"SMITH"},{"data":"Noxious Fumes","floor":15,"key":"SMITH"},{"data":"Bouncing Flask","floor":25,"key":"SMITH"},{"floor":27,"key":"REST"},{"floor":32,"key":"REST"},{"floor":40,"key":"REST"},{"data":"Wraith Form v2","floor":42,"key":"SMITH"},{"floor":46,"key":"RECALL"},{"data":"Catalyst","floor":49,"key":"SMITH"}],"circlet_count":0,"master_deck":["AscendersBane","Strike_G+1","Strike_G","Strike_G","Strike_G+1","Defend_G","Defend_G","Defend_G","Defend_G","Defend_G","Survivor","Neutralize","Dramatic Entrance+1","Dagger Throw","Masterful Stab","Poisoned Stab","Noxious Fumes+1","Sadistic Nature+1","Acrobatics","After Image","Bouncing Flask+1","Cloak And Dagger","Bullet Time","Noxious Fumes","Crippling Poison+1","Catalyst+1","Burst","CurseOfTheBell","Wraith Form v2+1","Well Laid Plans","Leg Sweep"],"relics":["Ring of the Snake","Whetstone","Bag of Preparation","Anchor","Oddly Smooth Stone","Philosopher\u0027s Stone","Snake Skull","InkBottle","Potion Belt","Dream Catcher","Calling Bell","Lantern","White Beast Statue","StoneCalendar","Incense Burner","Shuriken","Omamori"],"acts_visited":["Exordium","TheCity","TheBeyond"],"potions_floor_usage":[8,12,14,14,19,23,35,39,39,44,47,50],"damage_taken":[{"damage":4,"enemies":"Jaw Worm","floor":1,"turns":5},{"damage":0,"enemies":"Small Slimes","floor":2,"turns":2},{"damage":0,"enemies":"Cultist","floor":4,"turns":2},{"damage":0,"enemies":"Exordium Thugs","floor":5,"turns":3},{"damage":0,"enemies":"Large Slime","floor":7,"turns":5},{"damage":5,"enemies":"3 Sentries","floor":8,"turns":6},{"damage":10,"enemies":"Lagavulin","floor":12,"turns":3},{"damage":0,"enemies":"Looter","floor":13,"turns":2},{"damage":0,"enemies":"Gremlin Nob","floor":14,"turns":3},{"damage":43,"enemies":"Hexaghost","floor":16,"turns":10},{"damage":0,"enemies":"2 Thieves","floor":18,"turns":3},{"damage":3,"enemies":"3 Byrds","floor":19,"turns":4},{"damage":17,"enemies":"Snake Plant","floor":20,"turns":3},{"damage":3,"enemies":"Sentry and Sphere","floor":21,"turns":5},{"damage":5,"enemies":"Slavers","floor":23,"turns":4},{"damage":7,"enemies":"Centurion and Healer","floor":29,"turns":5},{"damage":19,"enemies":"Book of Stabbing","floor":30,"turns":4},{"damage":0,"enemies":"3 Cultists","floor":31,"turns":3},{"damage":17,"enemies":"Champ","floor":33,"turns":7},{"damage":4,"enemies":"3 Darklings","floor":35,"turns":2},{"damage":4,"enemies":"3 Shapes","floor":38,"turns":5},{"damage":48,"enemies":"Spire Growth","floor":39,"turns":4},{"damage":5,"enemies":"Giant Head","floor":44,"turns":5},{"damage":2,"enemies":"Reptomancer","floor":47,"turns":5},{"damage":0,"enemies":"Sphere and 2 Shapes","floor":48,"turns":3},{"damage":51,"enemies":"Donu and Deca","floor":50,"turns":7}],"seed_played":"-3439633383944236090","potions_obtained":[{"floor":5,"key":"PowerPotion"},{"floor":7,"key":"Weak Potion"},{"floor":8,"key":"FearPotion"},{"floor":12,"key":"Ancient Potion"},{"floor":13,"key":"SkillPotion"},{"floor":16,"key":"Block Potion"},{"floor":29,"key":"Fire Potion"},{"floor":30,"key":"Explosive Potion"},{"floor":31,"key":"CunningPotion"},{"floor":33,"key":"PowerPotion"},{"floor":35,"key":"Strength Potion"},{"floor":38,"key":"Regen Potion"},{"floor":39,"key":"LiquidMemories"},{"floor":44,"key":"LiquidBronze"},{"floor":47,"key":"Regen Potion"},{"floor":48,"key":"Ancient Potion"}],"is_trial":false,"path_per_floor":["M","M","?","M","M","R","M","E","T","$","R","E","M","E","R","B",null,"M","M","M","M","$","E","?","R","T","R","?","M","E","M","R","B",null,"M","?","$","M","M","R","$","R","T","E","$","R","E","M","R","B"],"character_chosen":"THE_SILENT","items_purchased":["Sadistic Nature","Snake Skull","Dexterity Potion","Incense Burner","Well Laid Plans"],"campfire_rested":3,"item_purchase_floors":[10,22,22,37,45],"current_hp_per_floor":[55,55,60,60,60,60,60,55,55,55,55,45,45,45,45,2,54,54,51,34,31,31,26,26,26,26,47,47,40,21,21,42,25,60,56,56,56,52,18,39,39,39,39,34,34,34,32,32,32,0,0],"gold":48,"neow_bonus":"RANDOM_COLORLESS","is_daily":false,"chose_seed":false,"campfire_upgraded":6,"win_rate":0.0,"timestamp":1612318123,"path_taken":["M","M","?","M","M","R","M","E","T","$","R","E","M","E","R","BOSS","M","M","M","M","$","E","?","R","T","R","?","M","E","M","R","BOSS","M","?","$","M","?","R","$","R","T","E","$","R","E","M","R","BOSS"],"items_purchased_type":["Card","Relic","Potion","Relic","Card"],"build_version":"2020-12-18","purchased_purges":2,"victory":false,"max_hp_per_floor":[66,66,71,71,71,71,71,71,71,71,71,71,71,71,71,71,71,71,71,71,71,71,71,71,71,71,71,71,71,71,71,71,71,71,71,71,71,71,71,71,71,71,71,71,71,71,71,71,71,71,71],"relic_stats":{"Dream Catcher":2,"counters":[26,110],"Shuriken":[5],"StoneCalendar":[85],"Snake Skull":[147],"Bag of Preparation":[40],"Whetstone":["Strike_G","Strike_G"],"obtain_stats":[{"Potion Belt":26,"Lantern":34,"Oddly Smooth Stone":14,"StoneCalendar":34,"Snake Skull":22,"Bag of Preparation":9,"Incense Burner":37,"Omamori":47,"Whetstone":8,"White Beast Statue":34,"Calling Bell":34,"Anchor":12,"Dream Catcher":30,"Shuriken":44,"Philosopher\u0027s Stone":17,"InkBottle":23,"Ring of the Snake":0},{"Potion Belt":15,"Lantern":19,"Oddly Smooth Stone":9,"StoneCalendar":19,"Snake Skull":14,"Bag of Preparation":6,"Incense Burner":20,"Omamori":24,"Whetstone":6,"White Beast Statue":19,"Calling Bell":19,"Anchor":7,"Dream Catcher":17,"Shuriken":23,"Philosopher\u0027s Stone":10,"InkBottle":15,"Ring of the Snake":0},{"Potion Belt":60,"Lantern":79,"Oddly Smooth Stone":31,"StoneCalendar":79,"Snake Skull":56,"Bag of Preparation":23,"Incense Burner":81,"Omamori":100,"Whetstone":23,"White Beast Statue":79,"Calling Bell":79,"Anchor":26,"Dream Catcher":69,"Shuriken":95,"Philosopher\u0027s Stone":41,"InkBottle":60,"Ring of the Snake":0}],"InkBottle":[19],"Ring of the Snake":[52]},"card_choices":[{"not_picked":["Swift Strike","Enlightenment"],"picked":"Dramatic Entrance","floor":0},{"not_picked":["Escape Plan","Quick Slash"],"picked":"Dagger Throw","floor":1},{"not_picked":["PiercingWail","Concentrate"],"picked":"Masterful Stab","floor":2},{"not_picked":["Sucker Punch","Bane"],"picked":"Poisoned Stab","floor":4},{"not_picked":["Eviscerate","Tactician","Poisoned Stab"],"picked":"SKIP","floor":5},{"not_picked":["Acrobatics","Accuracy"],"picked":"Noxious Fumes","floor":7},{"not_picked":["Outmaneuver","Cloak And Dagger","Calculated Gamble"],"picked":"SKIP","floor":8},{"not_picked":["Setup","Endless Agony"],"picked":"Acrobatics","floor":12},{"not_picked":["Blade Dance","Poisoned Stab","Underhanded Strike"],"picked":"SKIP","floor":13},{"not_picked":["Blade Dance","Escape Plan","Dagger Spray"],"picked":"SKIP","floor":14},{"not_picked":["Die Die Die","A Thousand Cuts"],"picked":"After Image","floor":16},{"not_picked":["All Out Attack","Escape Plan","Heel Hook"],"picked":"SKIP","floor":18},{"not_picked":["Terror","Deflect"],"picked":"Bouncing Flask","floor":19},{"not_picked":["Underhanded Strike","Outmaneuver","Predator"],"picked":"SKIP","floor":20},{"not_picked":["Bane","Acrobatics"],"picked":"Cloak And Dagger","floor":21},{"not_picked":["Masterful Stab","Slice"],"picked":"Bullet Time","floor":23},{"not_picked":["Riddle With Holes","Flechettes","Escape Plan"],"picked":"SKIP","floor":29},{"not_picked":["Concentrate","Tactician"],"picked":"Crippling Poison+1","floor":30},{"not_picked":["Dagger Throw","Poisoned Stab","Slice"],"picked":"SKIP","floor":31},{"not_picked":["Underhanded Strike","Flechettes"],"picked":"Catalyst","floor":32},{"not_picked":["A Thousand Cuts","Night Terror"],"picked":"Burst","floor":33},{"not_picked":["Deadly Poison","Dagger Throw","Underhanded Strike+1"],"picked":"SKIP","floor":35},{"not_picked":["Deflect","Prepared","All Out Attack+1"],"picked":"SKIP","floor":38},{"not_picked":["Dagger Spray","Flechettes"],"picked":"Wraith Form v2","floor":39},{"not_picked":["Predator","Concentrate+1","Flechettes"],"picked":"SKIP","floor":44},{"not_picked":["Predator","Concentrate+1","Flechettes"],"picked":"SKIP","floor":44},{"not_picked":["Well Laid Plans","Distraction","Slice"],"picked":"SKIP","floor":47},{"not_picked":["Reflex","Acrobatics"],"picked":"Leg Sweep","floor":48}],"player_experience":4019250,"relics_obtained":[{"floor":8,"key":"Whetstone"},{"floor":9,"key":"Bag of Preparation"},{"floor":12,"key":"Anchor"},{"floor":14,"key":"Oddly Smooth Stone"},{"floor":23,"key":"InkBottle"},{"floor":26,"key":"Potion Belt"},{"floor":30,"key":"Dream Catcher"},{"floor":34,"key":"Lantern"},{"floor":34,"key":"White Beast Statue"},{"floor":34,"key":"StoneCalendar"},{"floor":44,"key":"Shuriken"},{"floor":47,"key":"Omamori"}],"event_choices":[{"damage_healed":0,"gold_gain":0,"player_choice":"Donut","damage_taken":0,"max_hp_gain":5,"max_hp_loss":0,"event_name":"Big Fish","floor":3,"gold_loss":0},{"damage_healed":0,"gold_gain":50,"player_choice":"Stole From Cult","damage_taken":0,"max_hp_gain":0,"max_hp_loss":0,"event_name":"Nest","floor":24,"gold_loss":0},{"damage_healed":0,"gold_gain":0,"player_choice":"1 cards matched","damage_taken":0,"max_hp_gain":0,"max_hp_loss":0,"event_name":"Match and Keep!","floor":28,"gold_loss":0,"cards_obtained":["Noxious Fumes"]},{"damage_healed":0,"gold_gain":275,"player_choice":"Desecrate","damage_taken":0,"max_hp_gain":0,"max_hp_loss":0,"event_name":"Golden Shrine","floor":36,"gold_loss":0,"cards_obtained":["Regret"]}],"is_beta":true,"boss_relics":[{"not_picked":["Astrolabe","Fusion Hammer"],"picked":"Philosopher\u0027s Stone"},{"not_picked":["WristBlade","Tiny House"],"picked":"Calling Bell"}],"items_purged_floors":[37,41],"is_endless":false,"potions_floor_spawned":[5,7,8,12,13,16,29,30,31,33,35,38,39,44,47,48],"killed_by":"Donu and Deca","ascension_level":20}}