{"host":"zdahj580pq9zy75i","time":1612370691,"event":{"mods":["BaseMod","Colored Map","Minty Spire (QoL Compilation)","StSLib"],"gold_per_floor":[110,130,149,149,17,17,61,85,132,170,170,193,193,227,227,317,317,336,336,361,29,47,47,86,107,175,206,206,206,206],"floor_reached":29,"language":"ENG","playtime":990,"items_purged":["Strike_B"],"score":666,"play_id":"c26d4793-008f-4584-85ff-73460ca8137c","local_time":"20210203114451","is_ascension_mode":true,"campfire_choices":[{"data":"Zap","floor":6,"key":"SMITH"},{"data":"Electrodynamics","floor":11,"key":"SMITH"},{"data":"Dualcast","floor":13,"key":"SMITH"},{"data":"Reinforced Body","floor":15,"key":"SMITH"},{"data":"Biased Cognition","floor":23,"key":"SMITH"}],"circlet_count":0,"master_deck":["AscendersBane","Strike_B+1","Strike_B+1","Strike_B+1","Defend_B+1","Defend_B+1","Defend_B+1","Defend_B+1","Zap+1","Dualcast+1","Sweeping Beam","Electrodynamics+1","Leap","Reinforced Body+1","Hologram","Gash","Biased Cognition+1","Genetic Algorithm","FTL","Echo Form","Conserve Battery+1","Loop+1"],"relics":["Cracked Core","Art of War","Golden Idol","Cables","Bag of Marbles","Whetstone","Blood Vial","Velvet Choker","Incense Burner","Bottled Tornado","Frozen Egg 2","Symbiotic Virus"],"acts_visited":["Exordium","TheCity"],"potions_floor_usage":[14,16,27,27,27],"damage_taken":[{"damage":0,"enemies":"Small Slimes","floor":1,"turns":3},{"damage":0,"enemies":"2 Louse","floor":2,"turns":2},{"damage":6,"enemies":"Cultist","floor":3,"turns":3},{"damage":20,"enemies":"Lagavulin","floor":7,"turns":6},{"damage":0,"enemies":"Exordium Wildlife","floor":8,"turns":2},{"damage":10,"enemies":"3 Sentries","floor":10,"turns":2},{"damage":7,"enemies":"Exordium Thugs","floor":12,"turns":4},{"damage":5,"enemies":"Gremlin Nob","floor":14,"turns":3},{"damage":0,"enemies":"Slime Boss","floor":16,"turns":5},{"damage":6,"enemies":"Spheric Guardian","floor":18,"turns":3},{"damage":0,"enemies":"Chosen","floor":20,"turns":3},{"damage":7,"enemies":"Snecko","floor":22,"turns":4},{"damage":20,"enemies":"Slavers","floor":24,"turns":2},{"damage":0,"enemies":"3 Cultists","floor":25,"turns":2},{"damage":21,"enemies":"Gremlin Leader","floor":27,"turns":4},{"damage":13,"enemies":"Snake Plant","floor":29,"turns":1}],"seed_played":"-6939688624053732974","potions_obtained":[{"floor":2,"key":"Swift Potion"},{"floor":8,"key":"FocusPotion"},{"floor":22,"key":"SmokeBomb"},{"floor":24,"key":"EntropicBrew"}],"is_trial":false,"path_per_floor":["M","M","M","?","$","R","E","M","T","E","R","M","R","E","R","B",null,"M","?","M","$","M","R","E","M","T","E","?","M"],"character_chosen":"DEFECT","items_purchased":["Energy Potion","Incense Burner"],"campfire_rested":0,"item_purchase_floors":[5,21],"current_hp_per_floor":[64,64,58,58,58,58,38,38,38,28,28,21,21,16,16,18,53,49,49,51,51,46,46,28,30,30,11,11,0,0],"gold":206,"neow_bonus":"RANDOM_COMMON_RELIC","is_daily":false,"chose_seed":false,"campfire_upgraded":5,"win_rate":0.0,"timestamp":1612370691,"path_taken":["M","M","M","?","$","R","E","M","T","E","R","M","R","E","R","BOSS","M","?","?","$","M","R","E","M","T","E","?","M"],"items_purchased_type":["Potion","Relic"],"build_version":"2020-12-22","purchased_purges":1,"victory":false,"max_hp_per_floor":[71,71,71,64,64,64,64,64,64,64,64,64,64,64,64,64,64,64,64,64,64,64,64,64,64,64,64,64,64,64],"card_choices":[{"not_picked":["Turbo","Conserve Battery"],"picked":"Sweeping Beam","floor":1},{"not_picked":["Barrage","Rebound"],"picked":"Gash","floor":2},{"not_picked":["Blizzard","Glacier"],"picked":"Electrodynamics","floor":3},{"not_picked":["Melter","Sweeping Beam"],"picked":"Leap","floor":7},{"not_picked":["Scrape","Redo","Storm"],"picked":"SKIP","floor":8},{"not_picked":["Compile Driver","Darkness"],"picked":"Reinforced Body","floor":10},{"not_picked":["Recycle","Blizzard"],"picked":"Hologram","floor":12},{"not_picked":["Beam Cell","Blizzard"],"picked":"Gash","floor":14},{"not_picked":["All For One","Electrodynamics"],"picked":"Biased Cognition","floor":16},{"not_picked":["Gash","Turbo"],"picked":"Genetic Algorithm","floor":18},{"not_picked":["Redo","Leap","Rebound+1"],"picked":"SKIP","floor":20},{"not_picked":["Barrage+1","Leap","Redo"],"picked":"SKIP","floor":22},{"not_picked":["Stack+1","Gash"],"picked":"Echo Form","floor":24},{"not_picked":["Hologram","Stack"],"picked":"Conserve Battery+1","floor":25},{"not_picked":["Recycle","Scrape"],"picked":"Loop+1","floor":27}],"player_experience":772053,"relics_obtained":[{"floor":7,"key":"Cables"},{"floor":9,"key":"Bag of Marbles"},{"floor":10,"key":"Whetstone"},{"floor":14,"key":"Blood Vial"},{"floor":24,"key":"Bottled Tornado"},{"floor":26,"key":"Frozen Egg 2"},{"floor":27,"key":"Symbiotic Virus"}],"event_choices":[{"damage_healed":0,"gold_gain":0,"player_choice":"Lose Max HP","damage_taken":0,"relics_obtained":["Golden Idol"],"max_hp_gain":0,"max_hp_loss":7,"event_name":"Golden Idol","floor":4,"gold_loss":0},{"damage_healed":0,"gold_gain":0,"cards_transformed":["Gash"],"player_choice":"Transformed","damage_taken":0,"max_hp_gain":0,"max_hp_loss":0,"event_name":"Transmorgrifier","floor":19,"gold_loss":0,"cards_obtained":["FTL"]},{"damage_healed":0,"gold_gain":0,"player_choice":"Simplicity","damage_taken":0,"max_hp_gain":0,"max_hp_loss":0,"event_name":"Back to Basics","floor":28,"gold_loss":0,"cards_upgraded":["Strike_B","Defend_B","Defend_B","Defend_B","Defend_B"]}],"is_beta":false,"boss_relics":[{"not_picked":["Sozu","SacredBark"],"picked":"Velvet Choker"}],"items_purged_floors":[5],"is_endless":false,"potions_floor_spawned":[2,7,8,10,22,24],"killed_by":"Snake Plant","ascension_level":20}}