{"host":"pec1bvkeldr5yzx1","time":1612362545,"event":{"mods":["ATMod(°¢èªMod)","AchievementEnabler","Act Like it!","Aspiration","BaseMod","Better Altar","Better Match","Better Sensory Stone","Better Skull","Better Vampires","BetterRewards","Conspire","Dota2Spire","Energized Spire","Friendly Minions","GifTheSpireLib","Hubris","Minty Spire (QoL Compilation)","Replay The Spire","Spicy Shops","StSLib","Stuff the Spire","SuperFastMode","óô»ðÖ¸ÄÏ"],"gold_per_floor":[112,143,143,155,155,155,186,206,206,226,226,256,273,299,299,404,404,414,414,414,432,432,65,96,143,209,221,262,274,274],"floor_reached":29,"language":"ZHS","playtime":755,"items_purged":["hubris:Gluttony","StuffTheSpire:CuriosityCurse"],"score":398,"play_id":"1062c209-4fed-4300-8678-d1c2822966f3","local_time":"20210203222905","is_ascension_mode":true,"campfire_choices":[{"floor":6,"key":"REST"},{"floor":11,"key":"REST"},{"floor":15,"key":"RECALL"}],"circlet_count":0,"master_deck":["Strike_G","Strike_G","Strike_G","Strike_G","Strike_G","Defend_G","Defend_G","Defend_G","Defend_G","Defend_G","Survivor","Neutralize","AT_DrawKnifeCut+1","Discovery+1","Poisoned Stab","Expertise","Backflip","Poisoned Stab+1","Accuracy","Flying Knee","A Thousand Cuts+1","Slice","Dagger Throw","Bullet Time+1","Outmaneuver+1","Deadly Poison+1","Panache+1","AT_TinkerSharpsword","AT_TinkerSharpsword+1","Dramatic Entrance","AT_FamilyPortrait+1","Backflip+1"],"relics":["Ring of the Snake","AT_ATBox","Golden Egg","Replay:Kaleidoscope","AT_BellowingDragoncrestRing","aspiration:HummingbirdHeart","conspire:BottledYoYo","hubris:Icosahedron","Strawberry","Dota2Spire:EyeOfSkadi","Odd Mushroom","hubris:Backtick","Ice Cream","conspire:DeflatedDodgeball","StoneCalendar","ReplayTheSpireMod:CursedCoin","MawBank","Replay:Arrowhead","Lantern","Blue Doll"],"acts_visited":["Exordium","TheCity"],"potions_floor_usage":[25],"damage_taken":[{"damage":0,"enemies":"Small Slimes","floor":1,"turns":3},{"damage":12,"enemies":"conspire:MimicChest","floor":2,"turns":4},{"damage":0,"enemies":"2 Louse","floor":4,"turns":2},{"damage":15,"enemies":"3 Sentries","floor":7,"turns":4},{"damage":0,"enemies":"Cultist","floor":8,"turns":2},{"damage":13,"enemies":"Large Slime","floor":10,"turns":5},{"damage":0,"enemies":"Gremlin Nob","floor":12,"turns":1},{"damage":2,"enemies":"2 Fungi Beasts","floor":13,"turns":2},{"damage":0,"enemies":"The Mushroom Lair","floor":14,"turns":1},{"damage":0,"enemies":"Hexaghost","floor":16,"turns":7},{"damage":4,"enemies":"Chosen","floor":18,"turns":3},{"damage":0,"enemies":"3 Byrds","floor":21,"turns":3},{"damage":8,"enemies":"Shelled Parasite and Fungi","floor":24,"turns":4},{"damage":31,"enemies":"Slavers","floor":25,"turns":4},{"damage":31,"enemies":"Book of Stabbing","floor":28,"turns":5},{"damage":12,"enemies":"Snake Plant","floor":29,"turns":3}],"seed_played":"8001949971965945263","potions_obtained":[{"floor":1,"key":"Weak Potion"},{"floor":12,"key":"CunningPotion"},{"floor":14,"key":"Milkshake"},{"floor":24,"key":"PowerPotion"}],"is_trial":false,"path_per_floor":["M","?","?","M","?","R","E","M","T","M","R","E","M","?","R","B",null,"M","?","?","M","T","R","M","E","T","?","E","M"],"character_chosen":"THE_SILENT","items_purchased":["Golden Egg","Replay:Kaleidoscope","AT_BellowingDragoncrestRing","aspiration:HummingbirdHeart","Discovery","ReplayTheSpireMod:CursedCoin","MawBank","Panache"],"campfire_rested":2,"item_purchase_floors":[0,0,0,0,0,23,23,23],"current_hp_per_floor":[38,26,26,26,26,47,39,39,39,26,49,54,52,52,52,52,82,78,78,78,78,78,78,70,39,39,39,8,0,0],"gold":274,"neow_bonus":"","is_daily":false,"chose_seed":false,"campfire_upgraded":0,"win_rate":0.0,"timestamp":1612362545,"path_taken":["M","?","?","?","?","R","E","M","T","M","R","E","M","?","R","BOSS","M","?","?","?","?","R","?","E","T","?","E","M"],"items_purchased_type":["Relic","Relic","Relic","Relic","Card","Relic","Relic","Card"],"build_version":"2020-12-22","purchased_purges":2,"victory":false,"max_hp_per_floor":[70,70,70,70,70,70,77,77,77,77,77,82,82,82,82,82,82,82,82,82,82,82,82,82,82,82,82,82,82,82],"card_choices":[{"not_picked":["Quick Slash","Distraction"],"picked":"Poisoned Stab","floor":1},{"not_picked":["StuffTheSpire:BumpUp","StuffTheSpire:MirrorStance"],"picked":"Expertise","floor":2},{"not_picked":["Dodge and Roll","hubris:SlightOfHand"],"picked":"Backflip","floor":4},{"not_picked":["Backflip","Prepared"],"picked":"Poisoned Stab","floor":7},{"not_picked":["Atom Bomb","hubris:Counter"],"picked":"Accuracy","floor":8},{"not_picked":["PiercingWail","Cloak And Dagger"],"picked":"Flying Knee","floor":10},{"not_picked":["Fluid Movement","StuffTheSpire:Injection"],"picked":"A Thousand Cuts","floor":12},{"not_picked":["Flying Knee","AT_WomanClash"],"picked":"Slice","floor":13},{"not_picked":["Backflip","Quick Slash"],"picked":"Dagger Throw","floor":14},{"not_picked":["AT_MyraUnstableElement","Glass Knife"],"picked":"Bullet Time","floor":16},{"not_picked":["hubris:SlightOfHand","Escape Plan"],"picked":"Outmaneuver+1","floor":18},{"not_picked":["Blade Dance","AT_WindFlip+1"],"picked":"Deadly Poison+1","floor":21},{"not_picked":["Bullet Time","Calculated Gamble+1"],"picked":"AT_TinkerSharpsword","floor":24},{"not_picked":["PiercingWail","Backflip+1"],"picked":"AT_TinkerSharpsword+1","floor":25},{"not_picked":["Survey Options","Midas Touch"],"picked":"Dramatic Entrance","floor":27},{"not_picked":["ReplayTheSpireMod:Trickstab","Deep Breath"],"picked":"AT_FamilyPortrait","floor":27},{"not_picked":["StuffTheSpire:Fury","ReplayTheSpireMod:Exploit Weakness"],"picked":"Backflip+1","floor":28}],"player_experience":132699,"relics_obtained":[{"floor":2,"key":"conspire:BottledYoYo"},{"floor":7,"key":"Strawberry"},{"floor":12,"key":"Dota2Spire:EyeOfSkadi"},{"floor":14,"key":"Odd Mushroom"},{"floor":22,"key":"StoneCalendar"},{"floor":25,"key":"Replay:Arrowhead"},{"floor":26,"key":"Lantern"},{"floor":28,"key":"Blue Doll"}],"event_choices":[{"damage_healed":0,"gold_gain":0,"player_choice":"Bought 0 Potions","damage_taken":0,"max_hp_gain":0,"max_hp_loss":0,"event_name":"The Woman in Blue","floor":3,"gold_loss":0},{"damage_healed":0,"gold_gain":0,"player_choice":"Fought Mushrooms","damage_taken":0,"max_hp_gain":0,"max_hp_loss":0,"event_name":"Mushrooms","floor":14,"gold_loss":0},{"damage_healed":0,"gold_gain":0,"player_choice":"Upgraded","damage_taken":0,"max_hp_gain":0,"max_hp_loss":0,"event_name":"Upgrade Shrine","floor":20,"gold_loss":0,"cards_upgraded":["Poisoned Stab"]},{"damage_healed":0,"gold_gain":2,"player_choice":"1","damage_taken":0,"max_hp_gain":0,"max_hp_loss":0,"event_name":"betterStone:BetterStone","floor":27,"gold_loss":0}],"is_beta":false,"boss_relics":[{"not_picked":["Kintsugi","StuffTheSpire:RunicHypercube"],"picked":"hubris:Backtick"}],"items_purged_floors":[23,23],"is_endless":false,"potions_floor_spawned":[1,12,14,21,24],"killed_by":"Snake Plant","ascension_level":3}}