{"host":"5ezk7t18wcb10u1o","time":1612373987,"event":{"mods":["BaseMod","Bestiary","Colored Powertips","Minty Spire (QoL Compilation)","Relic Sorter"],"gold_per_floor":[114,129,204,204,204,204,215,215,215,215,229,254,254,287,287,287,287],"floor_reached":16,"language":"ENG","playtime":647,"items_purged":[],"score":216,"play_id":"48fd8549-b827-46a2-a9b7-460ca1e7ef63","local_time":"20210203173947","is_ascension_mode":true,"campfire_choices":[{"floor":6,"key":"REST"},{"data":"Dualcast","floor":8,"key":"SMITH"},{"data":"Sunder","floor":10,"key":"SMITH"},{"data":"Enlightenment","floor":13,"key":"SMITH"},{"data":"Streamline","floor":15,"key":"SMITH"}],"circlet_count":0,"master_deck":["AscendersBane","Strike_B","Strike_B","Strike_B","Defend_B","Defend_B","Defend_B","Defend_B","Zap","Dualcast+1","Enlightenment+1","Chill","Sunder+1","Streamline+1","Electrodynamics","Tempest"],"relics":["Cracked Core","Eternal Feather","Ornamental Fan","Centennial Puzzle","Calipers"],"acts_visited":["Exordium"],"potions_floor_usage":[16],"damage_taken":[{"damage":7.0,"enemies":"Cultist","floor":1.0,"turns":4.0},{"damage":6,"enemies":"2 Louse","floor":2,"turns":3},{"damage":2,"enemies":"Jaw Worm","floor":7,"turns":4},{"damage":7,"enemies":"Red Slaver","floor":11,"turns":3},{"damage":9,"enemies":"Gremlin Nob","floor":12,"turns":3},{"damage":23,"enemies":"Lagavulin","floor":14,"turns":4},{"damage":77,"enemies":"The Guardian","floor":16,"turns":9}],"seed_played":"-5406837727661417526","potions_obtained":[{"floor":1,"key":"PotionOfCapacity"},{"floor":12,"key":"FairyPotion"},{"floor":14,"key":"SpeedPotion"}],"is_trial":false,"path_per_floor":["M","M","?","?","?","R","M","R","T","R","M","E","R","E","R","B"],"character_chosen":"DEFECT","items_purchased":[],"campfire_rested":1,"item_purchase_floors":[],"current_hp_per_floor":[57,51,40,35,28,55,53,59,59,65,58,49,58,35,44,0,0],"gold":287,"neow_bonus":"RANDOM_COLORLESS","is_daily":false,"chose_seed":false,"campfire_upgraded":4,"win_rate":0.0,"timestamp":1612373987,"path_taken":["M","M","?","?","?","R","?","R","T","R","M","E","R","E","R","BOSS"],"items_purchased_type":[],"build_version":"2020-12-22","purchased_purges":0,"victory":false,"max_hp_per_floor":[71,71,71,71,71,71,71,71,71,71,71,71,71,71,71,71,71],"card_choices":[{"not_picked":["Forethought","Jack Of All Trades"],"picked":"Enlightenment","floor":0.0},{"not_picked":["Stack","Storm","Blizzard"],"picked":"SKIP","floor":1},{"not_picked":["BootSequence","Lockon"],"picked":"Chill","floor":2},{"not_picked":["Rebound","Double Energy"],"picked":"Sunder","floor":7},{"not_picked":["Chill","Cold Snap"],"picked":"Streamline","floor":11},{"not_picked":["Gash","Scrape"],"picked":"Electrodynamics","floor":12},{"not_picked":["Aggregate","Darkness"],"picked":"Tempest","floor":14}],"player_experience":1197044,"relics_obtained":[{"floor":9,"key":"Ornamental Fan"},{"floor":12,"key":"Centennial Puzzle"},{"floor":14,"key":"Calipers"}],"event_choices":[{"damage_healed":0,"gold_gain":75,"player_choice":"Gather Gold","damage_taken":11,"max_hp_gain":0,"max_hp_loss":0,"event_name":"World of Goop","floor":3,"gold_loss":0},{"damage_healed":0,"gold_gain":0,"player_choice":"Success","damage_taken":5,"relics_obtained":["Eternal Feather"],"max_hp_gain":0,"max_hp_loss":0,"event_name":"Scrap Ooze","floor":4,"gold_loss":0},{"cards_removed":["Strike_B"],"damage_healed":0,"gold_gain":0,"player_choice":"Card Removal","damage_taken":7,"max_hp_gain":0,"max_hp_loss":0,"event_name":"Golden Wing","floor":5,"gold_loss":0}],"is_beta":false,"boss_relics":[],"items_purged_floors":[],"is_endless":false,"potions_floor_spawned":[1,12,14],"killed_by":"The Guardian","ascension_level":20}}