{"host":"fpfqy36ymrhhouft","time":1612355258,"event":{"mods":["100% Spire Juice","Act Like it!","Arknights","BaseMod","Colored Powertips","Downfall","Gensokyo","Hermit","Marisa????????","Minty Spire (QoL Compilation)","Reliquary","Replay The Spire","Spire Arcade","StSLib"],"gold_per_floor":[99,110,121,21,57,71,71,1,1,1,20,20,33,50,61,156,156,156,156,65,78,78,78,105,105,105,121,121,121,141,151,163,163,163,163],"floor_reached":33,"language":"ENG","playtime":2090,"items_purged":[],"score":239,"play_id":"59da7ec9-5f0d-4811-9e94-08a199789030","local_time":"20210203052738","is_ascension_mode":false,"campfire_choices":[{"data":"Slimebound:Split","floor":1.0,"key":"SMITH"},{"data":"Slimebound:DouseInSlime","floor":18,"key":"SMITH"},{"data":"Slimebound:DuplicatedForm","floor":23,"key":"SMITH"},{"data":"Slimebound:PrepareCrush","floor":26,"key":"SMITH"},{"data":"Slimebound:ForwardTackle","floor":29,"key":"SMITH"}],"circlet_count":0,"master_deck":["Slimebound:Tackle+1","Slimebound:Split+1","Slimebound:CorrosiveSpit+1","Slimebound:SplitBruiser","Slimebound:SpikyOuterGoop","Slimebound:PrepareCrush+1","Slimebound:LeadByExample+1","Slimebound:RainOfGoop","Slimebound:FormOfPuddle+1","Slimebound:GoopSpray","Slimebound:LevelUp","Slimebound:DuplicatedForm+1","Slimebound:ForwardTackle+1","Slimebound:RallyTheTroops","Slimebound:Gluttony","Slimebound:ComboTackle","Slimebound:LevelUp","Slimebound:Prepare","Slimebound:SlimeSpikes","Slimebound:LeechLife","Slimebound:DouseInSlime+1","hermit:ImpendingDoom","Slimebound:FinishingTackle+1","Slimebound:SlimeSpikes","Slimebound:PressTheAttack+1"],"relics":["Slimebound:AbsorbEndCombat","NeowsBlessing","Sundial","Bottled Lightning","Gensokyo:CelestialsFlawlessClothing","Pandora\u0027s Box","downfall:RedIOU","ReplayTheSpireMod:CursedCoin","Singing Bowl","reliquary:Knoch"],"acts_visited":["Gensokyo:Gensokyo","TheCity"],"potions_floor_usage":[],"damage_taken":[{"damage":0.0,"enemies":"Gensokyo:3_Fairies","floor":2.0,"turns":2.0},{"damage":0.0,"enemies":"Gensokyo:2_Kodama","floor":3.0,"turns":2.0},{"damage":0.0,"enemies":"downfall:FleeingMerchant","floor":5.0,"turns":1.0},{"damage":11.0,"enemies":"Gensokyo:Python","floor":6.0,"turns":3.0},{"damage":13.0,"enemies":"Gensokyo:Kitsune","floor":11.0,"turns":4.0},{"damage":18.0,"enemies":"Gensokyo:2_Rabbits","floor":13.0,"turns":4.0},{"damage":22.0,"enemies":"Gensokyo:LivingMonolith","floor":14.0,"turns":4.0},{"damage":41,"enemies":"Gensokyo:3_Kodama","floor":15,"turns":7},{"damage":38,"enemies":"IC_STATUS_ARCHETYPE","floor":16,"turns":7},{"damage":30,"enemies":"Shell Parasite","floor":21,"turns":4},{"damage":18,"enemies":"3 Byrds","floor":27,"turns":3},{"damage":43,"enemies":"Centurion and Healer","floor":30,"turns":5},{"damage":3,"enemies":"Snecko","floor":31,"turns":3},{"damage":28,"enemies":"Cultist and Chosen","floor":32,"turns":5},{"damage":153,"enemies":"WA_ARCHETYPE_CALM","floor":33,"turns":8}],"seed_played":"2642596024496825951","potions_obtained":[{"floor":3.0,"key":"FearPotion"},{"floor":6.0,"key":"FairyPotion"},{"floor":11.0,"key":"SpeedPotion"},{"floor":13.0,"key":"Dexterity Potion"},{"floor":21,"key":"Elixir"},{"floor":27,"key":"Regen Potion"}],"is_trial":false,"path_per_floor":["R","M","M","?","$","M","T","?","$","COS","M","?","M","M","M","B",null,"R","?","$","M","?","R","T","$","R","M","?","R","M","M","M","B"],"character_chosen":"SLIMEBOUND","items_purchased":["reliquary:Buckler","Slimebound:LeadByExample","Slimebound:RainOfGoop","ReplayTheSpireMod:CursedCoin","Singing Bowl"],"campfire_rested":0,"item_purchase_floors":[5,5,5,20,20],"current_hp_per_floor":[65,65,65,65,65,56,56,56,56,56,45,29,15,19,43,28,65,65,65,65,39,39,39,39,39,39,25,46,46,34,37,48,0,0,0],"gold":163,"neow_bonus":"THREE_ENEMY_KILL","is_daily":false,"chose_seed":false,"campfire_upgraded":5,"win_rate":0.0,"timestamp":1612355258,"path_taken":["R","M","M","?","?","M","T","?","?","COS","M","?","M","M","M","BOSS","R","?","$","M","?","R","T","$","R","?","?","R","M","M","M","BOSS"],"items_purchased_type":["Relic","Card","Card","Relic","Relic"],"build_version":"2020-12-22","purchased_purges":0,"victory":false,"max_hp_per_floor":[65,65,65,65,65,65,65,65,65,65,65,65,65,65,65,65,65,65,65,65,65,65,65,65,65,65,65,65,65,65,67,69,69,69,69],"card_choices":[{"not_picked":["Slimebound:AcidTongue","Slimebound:LeechingTouch"],"picked":"Slimebound:SplitBruiser","floor":2.0},{"not_picked":["Slimebound:FlameTackle","Slimebound:SplitMire"],"picked":"Slimebound:SpikyOuterGoop","floor":3.0},{"not_picked":["Slimebound:LeechEnergy","Slimebound:SlimeSpikes"],"picked":"Slimebound:PrepareCrush","floor":5.0},{"not_picked":["Slimebound:PressTheAttack","Slimebound:LeechEnergy"],"picked":"Slimebound:FormOfPuddle","floor":6.0},{"not_picked":["Slimebound:SplitBruiser","Slimebound:Schlurp"],"picked":"Slimebound:GoopSpray","floor":11.0},{"not_picked":["Slimebound:GoopSpray","Slimebound:LivingWall"],"picked":"Slimebound:LevelUp","floor":13.0},{"not_picked":["Slimebound:FinishingTackle","Slimebound:SamplingLick"],"picked":"Slimebound:DuplicatedForm","floor":14.0},{"not_picked":["Slimebound:HauntingLick","Slimebound:SplitMire"],"picked":"Slimebound:ForwardTackle","floor":15},{"not_picked":["Slimebound:DuplicatedForm","Slimebound:WasteNot"],"picked":"Slimebound:RallyTheTroops","floor":16},{"not_picked":["Slimebound:LeechEnergy","Slimebound:Replication"],"picked":"Slimebound:FinishingTackle+1","floor":21},{"not_picked":["Slimebound:FlameTackle+1","Slimebound:BestDefense"],"picked":"Slimebound:SlimeSpikes","floor":27},{"not_picked":["Slimebound:Prepare","Slimebound:Schlurp+1"],"picked":"Slimebound:PressTheAttack+1","floor":30},{"not_picked":["Slimebound:Nibble","Slimebound:Prepare","Slimebound:Schlurp+1"],"picked":"Singing Bowl","floor":31},{"not_picked":["Slimebound:LevelUp+1","Slimebound:LeechEnergy","Slimebound:AcidTongue"],"picked":"Singing Bowl","floor":32}],"player_experience":757571,"relics_obtained":[{"floor":7.0,"key":"Bottled Lightning"},{"floor":24,"key":"reliquary:Knoch"}],"event_choices":[{"damage_healed":21,"gold_gain":0,"player_choice":"Heal","damage_taken":0,"max_hp_gain":0,"max_hp_loss":0,"event_name":"The Library","floor":28,"gold_loss":0}],"is_beta":false,"boss_relics":[{"not_picked":["ReplayTheSpireMod:DimensionalGlitch","Snecko Eye"],"picked":"Pandora\u0027s Box"}],"items_purged_floors":[],"is_endless":false,"potions_floor_spawned":[3,6,11,13,21,27],"killed_by":"WA_ARCHETYPE_CALM","ascension_level":0}}