{"host":"y89x8uui45kcjy42","time":1612350365,"event":{"mods":["2.2 Compatiblity","BaseMod","CapriCore","Colored Map","Colored Powertips","Custom Start","Friendly Minions","Keyboard Shortcuts","Minty Spire (QoL Compilation)","Relic Stats","Slay the Relics Exporter","StSLib","SuperFastMode","Uncapped"],"gold_per_floor":[117,128,139,152,9,9,9,84,111,36,65,20,20,50,50,127,127,137,137,137,137,10,10,10,41,88,88,88,88,88,100,100,176,176,176,176],"floor_reached":35,"language":"KOR","playtime":701,"items_purged":["Defend_P"],"score":904,"play_id":"9ec1d3d3-d6ac-4e08-bde1-2409c91bac16","local_time":"20210203200605","is_ascension_mode":true,"campfire_choices":[{"data":"Eruption","floor":6,"key":"SMITH"},{"data":"CrushJoints","floor":7,"key":"SMITH"},{"data":"TalkToTheHand","floor":13,"key":"SMITH"},{"data":"Wallop","floor":15,"key":"SMITH"},{"data":"Flash of Steel","floor":23,"key":"SMITH"},{"data":"ReachHeaven","floor":24,"key":"SMITH"},{"data":"FearNoEvil","floor":27,"key":"SMITH"},{"data":"Vigilance","floor":29,"key":"SMITH"},{"floor":30,"key":"RECALL"},{"data":"Evaluate","floor":32,"key":"SMITH"}],"circlet_count":0,"master_deck":["Eruption+1","Vigilance+1","BattleHymn+1","Establishment+1","MasterReality+1","Study+1","CrushJoints+1","ReachHeaven+1","TalkToTheHand+1","Wallop+1","Flash of Steel+1","Ragnarok+1","Tantrum+1","FearNoEvil+1","Evaluate+1","DevaForm"],"relics":["PureWater","Bag of Preparation","Membership Card","TeardropLocket","Blood Vial","Potion Belt","Smiling Mask","Coffee Dripper","Enchiridion","Whetstone","Eternal Feather","Happy Flower","Omamori","Cursed Key"],"acts_visited":["Exordium","TheCity","TheBeyond"],"potions_floor_usage":[14,14,25],"damage_taken":[{"damage":7,"enemies":"Small Slimes","floor":1,"turns":4},{"damage":12,"enemies":"Jaw Worm","floor":2,"turns":3},{"damage":1,"enemies":"Cultist","floor":3,"turns":3},{"damage":14,"enemies":"Looter","floor":4,"turns":3},{"damage":0,"enemies":"Lagavulin","floor":11,"turns":3},{"damage":30,"enemies":"3 Sentries","floor":14,"turns":3},{"damage":0,"enemies":"Slime Boss","floor":16,"turns":4},{"damage":22,"enemies":"2 Thieves","floor":18,"turns":3},{"damage":16,"enemies":"Book of Stabbing","floor":25,"turns":2},{"damage":0,"enemies":"Spheric Guardian","floor":31,"turns":2},{"damage":30,"enemies":"Champ","floor":33,"turns":4},{"damage":11,"enemies":"3 Shapes","floor":35,"turns":2}],"seed_played":"1563395672670630038","potions_obtained":[{"floor":4,"key":"SkillPotion"},{"floor":11,"key":"SkillPotion"},{"floor":14,"key":"Strength Potion"},{"floor":16,"key":"AttackPotion"},{"floor":25,"key":"ColorlessPotion"}],"is_trial":false,"path_per_floor":["M","M","M","M","$","R","R","?","T","?","E","$","R","E","R","B",null,"M","?","?","?","$","R","R","E","T","R","?","R","R","M","R","B",null,"M"],"character_chosen":"WATCHER","items_purchased":["Membership Card","TeardropLocket","Flash of Steel","Whetstone","DistilledChaos"],"campfire_rested":0,"item_purchase_floors":[5,5,12,22,22],"current_hp_per_floor":[60,48,47,33,33,33,33,22,22,22,22,22,22,34,34,36,65,45,45,45,24,24,24,24,10,10,16,16,22,28,30,39,11,58,49,49],"gold":176,"neow_bonus":"TEN_PERCENT_HP_BONUS","is_daily":false,"chose_seed":false,"campfire_upgraded":9,"win_rate":0.0,"timestamp":1612350365,"path_taken":["M","M","M","M","$","R","R","?","T","?","E","$","R","E","R","BOSS","M","?","?","?","?","R","R","E","T","R","?","R","R","M","R","BOSS","M"],"items_purchased_type":["Relic","Relic","Card","Relic","Potion"],"build_version":"2020-12-22","purchased_purges":1,"victory":false,"max_hp_per_floor":[74,74,74,74,74,74,74,74,74,74,74,74,74,74,74,74,74,74,74,74,74,74,74,74,74,74,74,74,74,74,74,74,74,74,74,74],"relic_stats":{"Blood Vial":14,"Happy Flower":[2],"counters":[12,36],"Eternal Feather":27,"Bag of Preparation":[20],"Whetstone":["Tantrum","Ragnarok"],"Smiling Mask":0,"Cursed Key":0,"obtain_stats":[{"Potion Belt":12,"Happy Flower":26,"Enchiridion":21,"Eternal Feather":25,"Bag of Preparation":2,"Omamori":28,"TeardropLocket":5,"Whetstone":22,"Smiling Mask":14,"Cursed Key":34,"Blood Vial":11,"WingedGreaves":6,"Coffee Dripper":17,"Membership Card":5,"PureWater":0},{"Potion Belt":5,"Happy Flower":9,"Enchiridion":8,"Eternal Feather":9,"Bag of Preparation":2,"Omamori":9,"TeardropLocket":4,"Whetstone":8,"Smiling Mask":6,"Cursed Key":11,"Blood Vial":5,"WingedGreaves":4,"Coffee Dripper":7,"Membership Card":4,"PureWater":0},{"Potion Belt":16,"Happy Flower":28,"Enchiridion":26,"Eternal Feather":28,"Bag of Preparation":6,"Omamori":28,"TeardropLocket":13,"Whetstone":26,"Smiling Mask":19,"Cursed Key":34,"Blood Vial":16,"WingedGreaves":13,"Coffee Dripper":23,"Membership Card":13,"PureWater":0}]},"card_choices":[{"not_picked":["Prostrate","FlyingSleeves"],"picked":"CrushJoints","floor":1},{"not_picked":["Swivel","SignatureMove"],"picked":"ReachHeaven","floor":2},{"not_picked":["BowlingBash","EmptyBody","ReachHeaven"],"picked":"SKIP","floor":3},{"not_picked":["LikeWater","Crescendo"],"picked":"TalkToTheHand","floor":4},{"not_picked":["Wireheading","SashWhip"],"picked":"Wallop","floor":11},{"not_picked":["Judgement","LessonLearned","Worship"],"picked":"SKIP","floor":14},{"not_picked":["Blasphemy","DeusExMachina"],"picked":"Ragnarok","floor":16},{"not_picked":["Consecrate","SignatureMove"],"picked":"Tantrum","floor":18},{"not_picked":["CutThroughFate","EmptyFist"],"picked":"FearNoEvil","floor":25},{"not_picked":["CrushJoints","WheelKick"],"picked":"Evaluate","floor":31},{"not_picked":["Establishment","Omniscience"],"picked":"DevaForm","floor":33}],"player_experience":679066,"relics_obtained":[{"floor":11,"key":"Blood Vial"},{"floor":14,"key":"Smiling Mask"},{"floor":21,"key":"Enchiridion"},{"floor":25,"key":"Eternal Feather"},{"floor":26,"key":"Happy Flower"}],"event_choices":[{"damage_healed":0,"gold_gain":75,"player_choice":"Gather Gold","damage_taken":11,"max_hp_gain":0,"max_hp_loss":0,"event_name":"World of Goop","floor":8,"gold_loss":0},{"cards_removed":["Defend_P"],"damage_healed":0,"gold_gain":0,"player_choice":"Card Removal","damage_taken":0,"max_hp_gain":0,"max_hp_loss":0,"event_name":"The Cleric","floor":10,"gold_loss":75},{"damage_healed":0,"gold_gain":0,"player_choice":"Ignored","damage_taken":0,"max_hp_gain":0,"max_hp_loss":0,"event_name":"Vampires","floor":19,"gold_loss":0},{"damage_healed":0,"gold_gain":0,"player_choice":"Ignored","damage_taken":0,"max_hp_gain":0,"max_hp_loss":0,"event_name":"Beggar","floor":20,"gold_loss":0},{"damage_healed":0,"gold_gain":0,"player_choice":"Obtained Book","damage_taken":21,"max_hp_gain":0,"max_hp_loss":0,"event_name":"Cursed Tome","floor":21,"gold_loss":0},{"damage_healed":0,"gold_gain":0,"player_choice":"Smashed Altar","damage_taken":0,"max_hp_gain":0,"max_hp_loss":0,"event_name":"Forgotten Altar","floor":28,"gold_loss":0,"cards_obtained":["Decay"]}],"is_beta":false,"boss_relics":[{"not_picked":["Black Star","Calling Bell","Philosopher\u0027s Stone"]},{"not_picked":["Fusion Hammer","Pandora\u0027s Box","Sozu"]}],"items_purged_floors":[5],"is_endless":false,"potions_floor_spawned":[4,11,14,16,25],"killed_by":"3 Shapes","ascension_level":20}}