{"host":"72j3if4hls1tefkc","time":1612379965,"event":{"mods":["AchievementEnabler","Always Whale","Aspiration","BaseMod","Beaked The Cultist","Colored Map","Conspire","FetchMod","Halation","Hermit","Hubris","Infinite Spire","Minty Spire (QoL Compilation)","Reliquary","Replay The Spire","Shop Mod","StSLib","The Bug Knight","The Construct","The Cursed","The Jungle","The Marked","The Necromancer","The Poker Player"],"gold_per_floor":[115,129,54,154,171,171,181,211,211,226,242,242,269,283,283,283,283],"floor_reached":16,"language":"ENG","playtime":935,"items_purged":[],"score":114,"play_id":"25d30309-4f96-4dd5-96a8-49ced33c5abf","local_time":"20210203121925","is_ascension_mode":false,"campfire_choices":[{"data":"HollowMod:PogoStrike","floor":6,"key":"SMITH"},{"data":"HollowMod:NewJinnsSoul","floor":12,"key":"SMITH"},{"data":"HollowMod:LifebloodCocoon","floor":15,"key":"SMITH"}],"circlet_count":0,"master_deck":["HollowMod:NailStrikeStart","HollowMod:NailStrikeStart+1","HollowMod:NailStrikeStart+1","HollowMod:NailStrikeStart","HollowMod:QuickDashStart","HollowMod:QuickDashStart","HollowMod:QuickDashStart","HollowMod:QuickDashStart","HollowMod:FocusHealStart","HollowMod:PogoStrike+1","HollowMod:ShapeofUnn","HollowMod:NewJinnsSoul+1","HollowMod:DreamGate","HollowMod:CloakDash","HollowMod:InfectedCysts","HollowMod:CycloneSlash","HollowMod:LifebloodCocoon+1"],"relics":["HollowMod:VesselMask","NeowsBlessing","Whetstone","ReplayTheSpireMod:Lightbulb","Counterbalance"],"acts_visited":["Exordium"],"potions_floor_usage":[8,16,16],"damage_taken":[{"damage":0,"enemies":"2 Louse","floor":1,"turns":1},{"damage":0,"enemies":"conspire:RoseBush","floor":2,"turns":1},{"damage":0,"enemies":"Cultist","floor":5,"turns":1},{"damage":21,"enemies":"Exordium Thugs","floor":7,"turns":6},{"damage":29,"enemies":"Lagavulin","floor":8,"turns":10},{"damage":6,"enemies":"Large Slime","floor":10,"turns":5},{"damage":0,"enemies":"Lots of Slimes","floor":11,"turns":1},{"damage":8,"enemies":"3 Sentries","floor":13,"turns":7},{"damage":0,"enemies":"3 Louse","floor":14,"turns":1},{"damage":30,"enemies":"The Guardian","floor":16,"turns":9}],"seed_played":"-824873001338380481","potions_obtained":[{"floor":1,"key":"Weak Potion"},{"floor":5,"key":"Languid Potion"},{"floor":8,"key":"construct:ShiftPotion"},{"floor":13,"key":"Fire Potion"}],"is_trial":false,"path_per_floor":["M","M","$","?","M","R","M","E","T","M","M","R","E","M","R","B"],"character_chosen":"THE_BUGKNIGHT","items_purchased":["HollowMod:DreamGate"],"campfire_rested":0,"item_purchase_floors":[3],"current_hp_per_floor":[75,75,75,75,75,75,60,37,37,31,31,31,29,29,29,0,0],"gold":283,"neow_bonus":"THREE_ENEMY_KILL","is_daily":false,"chose_seed":false,"campfire_upgraded":3,"win_rate":0.0,"timestamp":1612379965,"path_taken":["M","M","$","?","?","R","M","E","T","M","M","R","E","M","R","BOSS"],"items_purchased_type":["Card"],"build_version":"2020-12-22","purchased_purges":0,"victory":false,"max_hp_per_floor":[75,75,75,75,75,75,75,75,75,75,75,75,75,75,75,75,75],"card_choices":[{"not_picked":["HollowMod:CycloneSlash","HollowMod:InfectionAssault"],"picked":"HollowMod:ShapeofUnn","floor":1},{"not_picked":["HollowMod:InfectedAttack","HollowMod:DescendingDark"],"picked":"HollowMod:NewJinnsSoul","floor":2},{"not_picked":["HollowMod:SiblingsSouls","HollowMod:BlackTendrils","HollowMod:WraithStrike"],"picked":"SKIP","floor":5},{"not_picked":["HollowMod:NewLittleFool","HollowMod:DescendingDark"],"picked":"HollowMod:CloakDash","floor":7},{"not_picked":["HollowMod:SoulVessel","HollowMod:HowlingWraiths"],"picked":"HollowMod:InfectedCysts","floor":8},{"not_picked":["HollowMod:DungDefenderAura","HollowMod:SiblingsSouls","HollowMod:HeavyBlow"],"picked":"SKIP","floor":10},{"not_picked":["HollowMod:DescendingDark","HollowMod:NewJinnsSoul","HollowMod:MawleksShell"],"picked":"SKIP","floor":11},{"not_picked":["HollowMod:FastStrike","HollowMod:PerfectDash"],"picked":"HollowMod:CycloneSlash","floor":13},{"not_picked":["HollowMod:BaldurShell","HollowMod:PureNailStrike"],"picked":"HollowMod:LifebloodCocoon","floor":14}],"player_experience":369031,"relics_obtained":[{"floor":8,"key":"Whetstone"},{"floor":9,"key":"ReplayTheSpireMod:Lightbulb"},{"floor":13,"key":"Counterbalance"}],"event_choices":[{"damage_healed":0,"gold_gain":100,"player_choice":"Pray","damage_taken":0,"max_hp_gain":0,"max_hp_loss":0,"event_name":"Golden Shrine","floor":4,"gold_loss":0}],"is_beta":false,"boss_relics":[],"items_purged_floors":[],"is_endless":false,"potions_floor_spawned":[1,5,8,13,14],"killed_by":"The Guardian","ascension_level":0}}