{"host":"z6c1sol8rulx2ubz","time":1612385951,"event":{"mods":["AchievementEnabler","Act Like it!","BaseMod","Better Note","Better Third Choice","Downfall","Elementarium","Gold Saver","Hallownest","Infinite Spire","Minty Spire (QoL Compilation)","Quick Restart","Rare Cards Sparkle","StSLib","The Bug Knight","Wandering Minibosses"],"gold_per_floor":[124,134,153,253,265,440,489,517,17,17,35,47,65,65,77,180,180,80,32,44,58,58,58,58],"floor_reached":22,"language":"ENG","playtime":1932,"items_purged":["Doubt"],"score":188,"play_id":"8b10e0d1-cf04-4e2b-92ec-87789f3fbd50","local_time":"20210203205911","is_ascension_mode":false,"campfire_choices":[{"floor":1,"key":"RECALL"},{"data":"Chrysalis","floor":10,"key":"SMITH"},{"data":"bronze:Mutator","floor":18,"key":"SMITH"}],"circlet_count":0,"master_deck":["bronze:Strike","bronze:Strike","bronze:Strike","bronze:Strike","bronze:Defend","bronze:Defend","bronze:Defend","bronze:Defend","bronze:Replicate","bronze:Goto","bronze:MaxOutput","bronze:WildBeam","bronze:FineTuning","bronze:HyperBeam","bronze:Overload","bronze:Optimize","Chrysalis+1","bronze:Repair","bronze:CleanCode","infinitespire:Starlight","bronze:Mutator+1","bronze:DelayedGuard+1","bronze:ItsAFeature","bronze:Return+1","bronze:DelayedSlice"],"relics":["bronze:BronzeCore","bronze:CableSpool","Lee\u0027s Waffle","bronze:MakeshiftBattery","downfall:HeartBlessingRed"],"acts_visited":["Exordium","TheCity"],"potions_floor_usage":[8,11,16,22],"damage_taken":[{"damage":3,"enemies":"Jaw Worm","floor":2,"turns":4},{"damage":2,"enemies":"2 Louse","floor":3,"turns":3},{"damage":7,"enemies":"Small Slimes","floor":5,"turns":3},{"damage":59,"enemies":"Lagavulin","floor":8,"turns":7},{"damage":0,"enemies":"downfall:FleeingMerchant","floor":9,"turns":4},{"damage":0,"enemies":"2 Fungi Beasts","floor":11,"turns":2},{"damage":26,"enemies":"Blue Slaver","floor":12,"turns":6},{"damage":15,"enemies":"Exordium Thugs","floor":13,"turns":5},{"damage":17,"enemies":"Exordium Wildlife","floor":15,"turns":7},{"damage":45,"enemies":"WA_ARCHETYPE_RETAIN","floor":16,"turns":14},{"damage":10,"enemies":"downfall:FleeingMerchant","floor":19,"turns":4},{"damage":21,"enemies":"Shell Parasite","floor":20,"turns":7},{"damage":34,"enemies":"3 Byrds","floor":21,"turns":5},{"damage":40,"enemies":"Centurion and Healer","floor":22,"turns":3}],"seed_played":"3680285431044145931","potions_obtained":[{"floor":2,"key":"DuplicationPotion"},{"floor":5,"key":"Fire Potion"},{"floor":8,"key":"DistilledChaos"},{"floor":15,"key":"PowerPotion"},{"floor":16,"key":"Swift Potion"}],"is_trial":false,"path_per_floor":["R","M","M","?","M","?","T","E","$","R","M","M","M","?","M","B",null,"R","$","M","M","M"],"character_chosen":"THE_AUTOMATON","items_purchased":["Lee\u0027s Waffle","bronze:Optimize","Chrysalis","bronze:ItsAFeature"],"campfire_rested":0,"item_purchase_floors":[9,9,9,19],"current_hp_per_floor":[77,74,72,72,65,65,65,6,84,84,84,58,50,28,28,3,84,84,84,63,29,0,0,0],"gold":58,"neow_bonus":"TEN_PERCENT_HP_BONUS","is_daily":false,"chose_seed":false,"campfire_upgraded":2,"win_rate":0.0,"timestamp":1612385951,"path_taken":["R","M","M","?","M","?","T","E","$","R","M","M","?","?","M","BOSS","R","$","M","M","M"],"items_purchased_type":["Relic","Card","Card","Card"],"build_version":"2020-12-22","purchased_purges":1,"victory":false,"max_hp_per_floor":[77,77,77,77,77,77,77,77,84,84,84,84,84,84,84,84,84,84,84,84,84,84,84,84],"card_choices":[{"not_picked":["bronze:Fortify","bronze:Overheat"],"picked":"bronze:MaxOutput","floor":2},{"not_picked":["bronze:ForceShield","bronze:BronzeOrb"],"picked":"bronze:WildBeam","floor":3},{"not_picked":["bronze:DelayedGuard","bronze:Frontload"],"picked":"bronze:FineTuning","floor":5},{"not_picked":["bronze:WildBeam","bronze:WhirlingStrike"],"picked":"bronze:HyperBeam","floor":8},{"not_picked":["bronze:DelayedSlice","bronze:FollowUp"],"picked":"bronze:Overload","floor":9},{"not_picked":["bronze:BugBarrage","bronze:Branch","bronze:Iterate"],"picked":"SKIP","floor":11},{"not_picked":["bronze:Optimize","bronze:Frontload"],"picked":"bronze:Repair","floor":12},{"not_picked":["bronze:Shield","bronze:BitShift"],"picked":"bronze:CleanCode","floor":13},{"not_picked":["infinitespire:DeathsTouch","infinitespire:UltimateForm"],"picked":"infinitespire:Starlight","floor":14},{"not_picked":["bronze:Boost","bronze:Invalidate","bronze:Iterate"],"picked":"SKIP","floor":15},{"not_picked":["bronze:Break","bronze:ShipIt"],"picked":"bronze:Mutator","floor":16},{"not_picked":["bronze:Shell","bronze:Iterate"],"picked":"bronze:DelayedGuard+1","floor":19},{"not_picked":["bronze:Iterate","bronze:ItsAFeature"],"picked":"bronze:Return+1","floor":20},{"not_picked":["bronze:Shell+1","bronze:OilSpill"],"picked":"bronze:DelayedSlice","floor":21}],"player_experience":241910,"relics_obtained":[{"floor":8,"key":"bronze:CableSpool"}],"event_choices":[],"is_beta":false,"boss_relics":[{"not_picked":["Tiny House","Fusion Hammer"],"picked":"bronze:MakeshiftBattery"}],"items_purged_floors":[9],"is_endless":false,"potions_floor_spawned":[2,5,8,15,16],"killed_by":"Centurion and Healer","ascension_level":0}}