{"host":"9slw7l0ws16384qq","time":1612369278,"event":{"mods":["A Penny For Your Troubles","BaseMod","Colored Map","Downfall","Evolution","Hubris","Minty Spire (QoL Compilation)","Replay The Spire","StS++","StSLib"],"gold_per_floor":[0,11,11,11,30,60,60,93,93,93,118,132,132,162,179,279,279,279,291,307,319,335,235,235,235,263,263,263,288,288,314,327,423,423,423,440,456,456,503,537,563,230,130,156,156,66,66,66,85,86],"floor_reached":51,"language":"FRA","playtime":2645,"items_purged":["hexamod:Defend"],"score":1032,"play_id":"5c5150ad-bfba-4d24-b6f9-98822b168941","local_time":"20210203172118","is_ascension_mode":true,"campfire_choices":[{"data":"hexamod:Sear","floor":1.0,"key":"SMITH"},{"data":"hexamod:Float","floor":10.0,"key":"SMITH"},{"data":"hexamod:HexaLevel","floor":13.0,"key":"SMITH"},{"floor":18.0,"key":"DIG"},{"data":"hexamod:RainOfEmbers","floor":23.0,"key":"SMITH"},{"floor":35.0,"key":"RECALL"},{"data":"Bite","floor":43,"key":"SMITH"},{"data":"Bite","floor":47,"key":"SMITH"}],"circlet_count":0,"master_deck":["hexamod:Defend","hexamod:Defend","hexamod:Sear+1","hexamod:Float+1","hexamod:HauntingEcho+1","hexamod:RainOfEmbers+1","hexamod:RainOfEmbers+1","hexamod:HexaLevel+1","hexamod:Toasty","hexamod:Hexaguard","hexamod:EmpoweredFlame+1","hexamod:Hexaguard+1","Bite+1","Bite+1","Bite","Bite","Bite","hexamod:Toasty"],"relics":["hexamod:SpiritBrand","EVO:Axolotl","WingedGreaves","Matryoshka","MealTicket","Juzu Bracelet","hubris:BundleOfHerbs","hubris:RunicObelisk","Strawberry","downfall:HeartBlessingGreen","hubris:TenFootPole","Pear","MutagenicStrength","Mummified Hand","Gremlin Food","ReplayTheSpireMod:TigerMarble","Replay:Bottled Flurry","Toy Ornithopter","Coffee Dripper","hubris:Potato","Pet Ghost","bronze:BronzeIdol","downfall:HeartBlessingRed","CaptainsWheel","downfall:TeleportStone"],"acts_visited":["Exordium","TheCity","TheBeyond"],"potions_floor_usage":[40,50],"damage_taken":[{"damage":0.0,"enemies":"Cultist","floor":2.0,"turns":3.0},{"damage":0.0,"enemies":"2 Louse","floor":5.0,"turns":3.0},{"damage":1.0,"enemies":"Replay:BlueRogue","floor":6.0,"turns":4.0},{"damage":32.0,"enemies":"Lagavulin","floor":8.0,"turns":6.0},{"damage":6.0,"enemies":"Gremlin Nob","floor":11.0,"turns":3.0},{"damage":0.0,"enemies":"Jaw Worm","floor":12.0,"turns":2.0},{"damage":0.0,"enemies":"Lagavulin","floor":14.0,"turns":3.0},{"damage":7.0,"enemies":"Exordium Wildlife","floor":15.0,"turns":3.0},{"damage":19.0,"enemies":"IC_STATUS_ARCHETYPE","floor":16.0,"turns":7.0},{"damage":2.0,"enemies":"Chosen","floor":19.0,"turns":3.0},{"damage":17.0,"enemies":"3 Byrds","floor":20.0,"turns":5.0},{"damage":3.0,"enemies":"Snecko","floor":21.0,"turns":3.0},{"damage":3.0,"enemies":"Chosen and Byrds","floor":22.0,"turns":4.0},{"damage":14.0,"enemies":"Replay:Snechameleon","floor":26.0,"turns":4.0},{"damage":5.0,"enemies":"Book of Stabbing","floor":29.0,"turns":3.0},{"damage":16.0,"enemies":"Gremlin Leader","floor":31.0,"turns":6.0},{"damage":0.0,"enemies":"Centurion and Healer","floor":32.0,"turns":3.0},{"damage":81.0,"enemies":"WA_ARCHETYPE_CALM","floor":33.0,"turns":10.0},{"damage":2.0,"enemies":"3 Darklings","floor":36.0,"turns":3.0},{"damage":5.0,"enemies":"Orb Walker","floor":37.0,"turns":3.0},{"damage":15.0,"enemies":"2 Orb Walkers","floor":39.0,"turns":3.0},{"damage":32,"enemies":"R_Hoarder","floor":40,"turns":5},{"damage":10,"enemies":"Nemesis","floor":44,"turns":3},{"damage":0,"enemies":"downfall:FleeingMerchant","floor":46,"turns":4},{"damage":2,"enemies":"3 Darklings","floor":49,"turns":5},{"damage":42,"enemies":"DF_ARCHETYPE_ORBS","floor":50,"turns":6}],"seed_played":"-1031133753041064767","potions_obtained":[{"floor":5.0,"key":"sneckomod:MuddlingPotion"},{"floor":14.0,"key":"Energy Potion"},{"floor":15.0,"key":"Reflective Coating"},{"floor":19.0,"key":"GamblersBrew"},{"floor":20.0,"key":"Toxic Potion"},{"floor":26.0,"key":"Fire Potion"},{"floor":31.0,"key":"Fire Potion"},{"floor":37.0,"key":"FearPotion"}],"is_trial":false,"path_per_floor":["R","M","?","?","M","E","T","E","?","R","E","M","R","E","M","B",null,"R_BF","M","M","M","M","R","T","?","E","T","?","E","?","E","M","B",null,"R","M","M","?","?","E","T","?","R","E","?","$","R","?","M","B",null],"character_chosen":"THE_SPIRIT","items_purchased":[],"campfire_rested":0,"item_purchase_floors":[],"current_hp_per_floor":[84,84,84,84,84,83,83,51,51,51,45,45,45,45,38,19,84,91,89,72,69,66,66,76,76,62,62,62,63,70,58,62,11,70,70,70,69,65,56,37,37,79,79,72,72,79,79,79,79,49],"gold":86,"neow_bonus":"TWENTY_PERCENT_HP_BONUS","is_daily":false,"chose_seed":false,"campfire_upgraded":6,"win_rate":0.0,"timestamp":1612369278,"path_taken":["R","M","?","?","M","E","T","E","?","R","E","M","R","E","M","BOSS","R_BF","M","M","M","M","R","T","?","E","?","?","E","?","E","M","BOSS","R","M","M","?","?","E","T","?","R","E","?","$","R","?","M","BOSS"],"items_purchased_type":[],"build_version":"2020-12-22","purchased_purges":1,"victory":true,"max_hp_per_floor":[84,84,84,84,84,84,84,84,84,84,84,84,84,84,84,84,84,91,91,91,91,91,91,101,101,101,101,70,70,70,70,70,70,70,70,70,70,70,70,70,70,79,79,79,79,79,79,79,79,79],"card_choices":[{"not_picked":["hexamod:Firestarter","hexamod:InspiringFlames"],"picked":"hexamod:HauntingEcho","floor":2.0},{"not_picked":["hexamod:SwordOfDarkness","hexamod:SpectersWail","hexamod:Firestarter"],"picked":"SKIP","floor":5.0},{"not_picked":["hexamod:RadiantFlame","hexamod:BurningTouch"],"picked":"hexamod:RainOfEmbers","floor":6.0},{"not_picked":["hexamod:StepThrough","hexamod:DynamicBlow","hexamod:FastForward"],"picked":"SKIP","floor":8.0},{"not_picked":["hexamod:Firestarter","hexamod:Incineration"],"picked":"hexamod:RainOfEmbers","floor":11.0},{"not_picked":["hexamod:SpectralAdrenaline","hexamod:SwordOfDarkness"],"picked":"hexamod:HexaLevel","floor":12.0},{"not_picked":["hexamod:EmpoweredFlame","hexamod:GhostOfSpirePast","hexamod:BurningTouch"],"picked":"SKIP","floor":14.0},{"not_picked":["hexamod:NightmareStrike","hexamod:EtherealExpedition","hexamod:RadiantFlame"],"picked":"SKIP","floor":15.0},{"not_picked":["hexamod:UnleashSpirits","hexamod:FlameSwitch"],"picked":"hexamod:Toasty","floor":16.0},{"not_picked":["hexamod:SwordOfDarkness","hexamod:FlamesFromBeyond"],"picked":"hexamod:Hexaguard","floor":19.0},{"not_picked":["hexamod:Firestarter","hexamod:Hexaguard"],"picked":"hexamod:EmpoweredFlame+1","floor":20.0},{"not_picked":["hexamod:CatchUp+1","hexamod:DynamicBlow"],"picked":"hexamod:Hexaguard+1","floor":21.0},{"not_picked":["hexamod:Firestarter+1","hexamod:GhostShield","hexamod:FlamesFromBeyond"],"picked":"SKIP","floor":22.0},{"not_picked":["hexamod:HeatShield","hexamod:Firestarter","hexamod:FourthSeal"],"picked":"SKIP","floor":26.0},{"not_picked":["hexamod:ThermalTransfer","hexamod:Firestarter"],"picked":"hexamod:Toasty","floor":29.0},{"not_picked":["hexamod:SpectralSpark","hexamod:Hexaguard","hexamod:ThirdSeal"],"picked":"SKIP","floor":31.0},{"not_picked":["hexamod:Hexaguard","hexamod:PowerFromBeyond","hexamod:FastForward+1"],"picked":"SKIP","floor":32.0},{"not_picked":["hexamod:HeatShield+1","hexamod:NightmareGuise+1","hexamod:Incineration"],"picked":"SKIP","floor":36.0},{"not_picked":["hexamod:HauntingEcho","hexamod:GhostLash+1","hexamod:InspiringFlames"],"picked":"SKIP","floor":37.0},{"not_picked":["hexamod:BurningTouch","hexamod:InspiringFlames","hexamod:RecurringNightmare"],"picked":"SKIP","floor":40},{"not_picked":["hexamod:TimeWarp","hexamod:CatchUp","hexamod:GhostflameBarrier"],"picked":"SKIP","floor":44},{"not_picked":["hexamod:GhostflameBarrier+1","hexamod:InspiringFlames","hexamod:GhostLash"],"picked":"SKIP","floor":46},{"not_picked":["hexamod:DynamicBlow","hexamod:GhostLash","hexamod:HeatMetal+1"],"picked":"SKIP","floor":49}],"player_experience":1610207,"relics_obtained":[{"floor":6.0,"key":"WingedGreaves"},{"floor":7.0,"key":"Matryoshka"},{"floor":8.0,"key":"MealTicket"},{"floor":11.0,"key":"Juzu Bracelet"},{"floor":14.0,"key":"hubris:BundleOfHerbs"},{"floor":18.0,"key":"Strawberry"},{"floor":24.0,"key":"hubris:TenFootPole"},{"floor":24.0,"key":"Pear"},{"floor":26.0,"key":"Mummified Hand"},{"floor":27.0,"key":"Gremlin Food"},{"floor":27.0,"key":"ReplayTheSpireMod:TigerMarble"},{"floor":29.0,"key":"Replay:Bottled Flurry"},{"floor":31.0,"key":"Toy Ornithopter"},{"floor":39.0,"key":"hubris:Potato"},{"floor":40,"key":"Pet Ghost"},{"floor":41,"key":"bronze:BronzeIdol"},{"floor":44,"key":"CaptainsWheel"}],"event_choices":[{"damage_healed":0.0,"max_hp_gain":0.0,"max_hp_loss":0.0,"gold_gain":0.0,"event_name":"Drug Dealer","player_choice":"Inject Mutagens","floor":25.0,"gold_loss":0.0,"damage_taken":0.0,"relics_obtained":["MutagenicStrength"]},{"damage_healed":0.0,"max_hp_gain":0.0,"max_hp_loss":31.0,"gold_gain":0.0,"event_name":"Vampires","player_choice":"Became a vampire","floor":28.0,"gold_loss":0.0,"damage_taken":0.0,"cards_obtained":["Bite","Bite","Bite","Bite","Bite"]},{"damage_healed":23.0,"max_hp_gain":0.0,"max_hp_loss":0.0,"gold_gain":0.0,"event_name":"The Library","player_choice":"Heal","floor":30.0,"gold_loss":0.0,"damage_taken":0.0},{"damage_healed":0.0,"max_hp_gain":0.0,"max_hp_loss":0.0,"gold_gain":0.0,"event_name":"Mysterious Sphere","player_choice":"Fight","floor":39.0,"gold_loss":0.0,"damage_taken":0.0}],"is_beta":false,"boss_relics":[{"not_picked":["Kintsugi","Tiny House"],"picked":"hubris:RunicObelisk"},{"not_picked":["Abe\u0027s Treasure","Fusion Hammer"],"picked":"Coffee Dripper"}],"items_purged_floors":[46],"is_endless":false,"potions_floor_spawned":[5,14,15,19,20,26,31,37],"ascension_level":3}}