{"host":"5gfra4hjb6stk8c2","time":1612393691,"event":{"mods":["BaseMod","Minty Spire (QoL Compilation)","Quick Restart","SuperFastMode"],"gold_per_floor":[110,110,35,53,16,16,43,43,43,43,63,89,89,115,115,210,210,222,222,25,25,40,73,73,100,100,100,127,2,2,29,29,29,29],"floor_reached":33,"language":"ENG","playtime":605,"items_purged":["Defend_P","Vigilance","Defend_P"],"score":506,"play_id":"0aae8b3e-0605-4f0f-b614-4544989ec750","local_time":"20210203200811","is_ascension_mode":true,"campfire_choices":[{"data":"Tantrum","floor":6,"key":"SMITH"},{"data":"EmptyFist","floor":8,"key":"SMITH"},{"floor":10,"key":"RECALL"},{"data":"Halt","floor":13,"key":"SMITH"},{"data":"Halt","floor":15,"key":"SMITH"},{"data":"SignatureMove","floor":24,"key":"SMITH"},{"data":"SignatureMove","floor":32,"key":"SMITH"}],"circlet_count":0,"master_deck":["Strike_P","Strike_P","Strike_P","Strike_P","Defend_P","EmptyFist+1","Tantrum+1","Halt+1","Halt+1","Vault","Prostrate","SignatureMove+1","SignatureMove+1","FollowUp+1"],"relics":["PureWater","NeowsBlessing","Dead Branch","Eternal Feather","Odd Mushroom","PreservedInsect","SlaversCollar","Lantern","Bottled Flame","Matryoshka","Boot","Potion Belt","Unceasing Top"],"acts_visited":["Exordium","TheCity"],"potions_floor_usage":[12,16,16,23,25,25],"damage_taken":[{"damage":0,"enemies":"2 Louse","floor":1,"turns":1},{"damage":0,"enemies":"Cultist","floor":4,"turns":1},{"damage":0,"enemies":"3 Sentries","floor":7,"turns":1},{"damage":0,"enemies":"Small Slimes","floor":11,"turns":1},{"damage":5,"enemies":"The Mushroom Lair","floor":12,"turns":3},{"damage":20,"enemies":"Lagavulin","floor":14,"turns":3},{"damage":15,"enemies":"Hexaghost","floor":16,"turns":6},{"damage":0,"enemies":"Spheric Guardian","floor":18,"turns":4},{"damage":0,"enemies":"Shell Parasite","floor":22,"turns":3},{"damage":27,"enemies":"Slavers","floor":23,"turns":5},{"damage":10,"enemies":"Gremlin Leader","floor":25,"turns":3},{"damage":10,"enemies":"Slavers","floor":28,"turns":5},{"damage":0,"enemies":"Gremlin Leader","floor":31,"turns":2},{"damage":70,"enemies":"Collector","floor":33,"turns":4}],"seed_played":"4710946132586953368","potions_obtained":[{"floor":4,"key":"SkillPotion"},{"floor":11,"key":"Weak Potion"},{"floor":14,"key":"FearPotion"},{"floor":22,"key":"PowerPotion"},{"floor":23,"key":"ColorlessPotion"}],"is_trial":false,"path_per_floor":["M","?","$","M","$","R","E","R","T","R","M","?","R","E","R","B",null,"M","?","$","$","M","E","R","E","T","$","E","$","T","E","R","B"],"character_chosen":"WATCHER","items_purchased":["Tantrum","Fruit Juice"],"campfire_rested":0,"item_purchase_floors":[5,20],"current_hp_per_floor":[65,65,65,65,65,65,65,65,65,71,71,66,72,52,58,43,65,65,65,65,65,65,43,49,39,39,39,29,29,29,29,35,0,0],"gold":29,"neow_bonus":"THREE_ENEMY_KILL","is_daily":false,"chose_seed":false,"campfire_upgraded":6,"win_rate":0.0,"timestamp":1612393691,"path_taken":["M","?","$","?","$","R","E","R","T","R","M","?","R","E","R","BOSS","M","?","?","$","M","E","R","E","T","?","E","$","?","E","R","BOSS"],"items_purchased_type":["Card","Potion"],"build_version":"2020-12-22","purchased_purges":3,"victory":false,"max_hp_per_floor":[72,72,72,72,72,72,72,72,72,72,72,72,72,72,72,72,72,72,72,72,72,72,77,77,77,77,77,77,77,77,77,77,77,77],"card_choices":[{"not_picked":["CutThroughFate","FlyingSleeves","Crescendo"],"picked":"SKIP","floor":1},{"not_picked":["Crescendo","SandsOfTime","Meditate"],"picked":"SKIP","floor":4},{"not_picked":["BowlingBash","Weave","Indignation"],"picked":"SKIP","floor":7},{"not_picked":["FearNoEvil","EmptyMind"],"picked":"Halt","floor":11},{"not_picked":["LikeWater","Judgement"],"picked":"Halt","floor":14},{"not_picked":["Blasphemy","Establishment"],"picked":"Vault","floor":16},{"not_picked":["Meditate","ClearTheMind"],"picked":"Prostrate","floor":18},{"not_picked":["EmptyFist","CutThroughFate"],"picked":"SignatureMove","floor":22},{"not_picked":["FollowUp","LessonLearned","JustLucky"],"picked":"SKIP","floor":23},{"not_picked":["Nirvana","PathToVictory+1"],"picked":"SignatureMove","floor":25},{"not_picked":["ClearTheMind","Protect+1","CarveReality+1"],"picked":"SKIP","floor":28},{"not_picked":["Tantrum","ClearTheMind"],"picked":"FollowUp+1","floor":31}],"player_experience":187619,"relics_obtained":[{"floor":7,"key":"Dead Branch"},{"floor":9,"key":"Eternal Feather"},{"floor":12,"key":"Odd Mushroom"},{"floor":14,"key":"PreservedInsect"},{"floor":23,"key":"Lantern"},{"floor":25,"key":"Bottled Flame"},{"floor":26,"key":"Matryoshka"},{"floor":28,"key":"Boot"},{"floor":30,"key":"Potion Belt"},{"floor":31,"key":"Unceasing Top"}],"event_choices":[{"damage_healed":0,"gold_gain":0,"cards_transformed":["Defend_P"],"player_choice":"Transformed","damage_taken":0,"max_hp_gain":0,"max_hp_loss":0,"event_name":"Transmorgrifier","floor":2,"gold_loss":0,"cards_obtained":["EmptyFist"]},{"damage_healed":0,"gold_gain":0,"player_choice":"Fought Mushrooms","damage_taken":0,"max_hp_gain":0,"max_hp_loss":0,"event_name":"Mushrooms","floor":12,"gold_loss":0},{"cards_removed":["Eruption"],"damage_healed":0,"gold_gain":0,"player_choice":"Offered Basic","damage_taken":0,"max_hp_gain":0,"max_hp_loss":0,"event_name":"Bonfire Elementals","floor":19,"gold_loss":0}],"is_beta":false,"boss_relics":[{"not_picked":["Sozu","Velvet Choker"],"picked":"SlaversCollar"}],"items_purged_floors":[3,20,29],"is_endless":false,"potions_floor_spawned":[4,11,14,22,23],"killed_by":"Collector","ascension_level":7}}