{"host":"a3wpq7kyokchzawk","time":1612343688,"event":{"mods":["BaseMod","Colored Map","Highlight Path","Minty Spire (QoL Compilation)","Permanent Neow","Potion Indicator Mod","Relic Stats","Weighted Paths"],"gold_per_floor":[118,136,156,156,156,190,208,220,269,303,303,315,315,340,340,340,340],"floor_reached":16,"language":"ENG","playtime":1422,"items_purged":[],"score":244,"play_id":"d26c2601-2317-43dd-af9a-1df51918c826","local_time":"20210203071448","is_ascension_mode":true,"campfire_choices":[{"floor":11.0,"key":"REST"},{"data":"Havoc","floor":13.0,"key":"SMITH"},{"floor":15.0,"key":"REST"}],"circlet_count":0,"master_deck":["AscendersBane","Strike_R","Strike_R","Strike_R","Strike_R","Strike_R","Defend_R","Defend_R","Defend_R","Bash+1","Rampage","Bloodletting","Feel No Pain","Ghostly Armor","Juggernaut","Pummel","Shockwave","Havoc+1","Shrug It Off","Dark Embrace"],"relics":["Burning Blood","Tiny Chest","Anchor","Darkstone Periapt","Lantern"],"acts_visited":["Exordium"],"potions_floor_usage":[],"damage_taken":[{"damage":1.0,"enemies":"Cultist","floor":1.0,"turns":3.0},{"damage":12.0,"enemies":"Jaw Worm","floor":2.0,"turns":3.0},{"damage":10.0,"enemies":"2 Louse","floor":3.0,"turns":3.0},{"damage":32.0,"enemies":"Gremlin Nob","floor":6.0,"turns":4.0},{"damage":20.0,"enemies":"Red Slaver","floor":7.0,"turns":4.0},{"damage":11.0,"enemies":"Exordium Thugs","floor":8.0,"turns":4.0},{"damage":16.0,"enemies":"3 Sentries","floor":10.0,"turns":7.0},{"damage":0.0,"enemies":"Blue Slaver","floor":12.0,"turns":4.0},{"damage":28.0,"enemies":"Lagavulin","floor":14.0,"turns":7.0},{"damage":46,"enemies":"Hexaghost","floor":16,"turns":9}],"seed_played":"4214652618628088252","potions_obtained":[{"floor":7.0,"key":"Fire Potion"},{"floor":8.0,"key":"FearPotion"},{"floor":10.0,"key":"Block Potion"}],"is_trial":false,"path_per_floor":["M","M","M","?","?","E","M","M","T","E","R","M","R","E","R","B"],"character_chosen":"IRONCLAD","items_purchased":[],"campfire_rested":2,"item_purchase_floors":[],"current_hp_per_floor":[73,67,63,68,68,42,28,23,23,13,37,43,43,21,45,0,0],"gold":340,"neow_bonus":"UPGRADE_CARD","is_daily":false,"chose_seed":false,"campfire_upgraded":1,"win_rate":0.0,"timestamp":1612343688,"path_taken":["M","M","?","?","?","E","M","M","T","E","R","M","R","E","R","BOSS"],"items_purchased_type":[],"build_version":"2020-12-22","purchased_purges":0,"victory":false,"max_hp_per_floor":[75,75,75,80,80,80,80,80,80,80,80,80,80,80,80,80,80],"relic_stats":{"Darkstone Periapt":0,"counters":[10,48],"Tiny Chest":0,"obtain_stats":[{"Darkstone Periapt":10,"Anchor":9,"Lantern":14,"Tiny Chest":6,"Burning Blood":0},{"Darkstone Periapt":7,"Anchor":6,"Lantern":9,"Tiny Chest":4,"Burning Blood":0},{"Darkstone Periapt":28,"Anchor":21,"Lantern":39,"Tiny Chest":13,"Burning Blood":0}],"Burning Blood":54},"card_choices":[{"not_picked":["Headbutt","Shrug It Off"],"picked":"Rampage","floor":1.0},{"not_picked":["Body Slam","Heavy Blade"],"picked":"Bloodletting","floor":2.0},{"not_picked":["Cleave","Warcry"],"picked":"Feel No Pain","floor":3.0},{"not_picked":["Dark Embrace","Whirlwind"],"picked":"Juggernaut","floor":6.0},{"not_picked":["Perfected Strike","Heavy Blade"],"picked":"Pummel","floor":7.0},{"not_picked":["Inflame","Clash"],"picked":"Shockwave","floor":8.0},{"not_picked":["Reckless Charge","Flex"],"picked":"Havoc","floor":10.0},{"not_picked":["Twin Strike","Thunderclap"],"picked":"Shrug It Off","floor":12.0},{"not_picked":["Sever Soul","Evolve"],"picked":"Dark Embrace","floor":14.0}],"player_experience":2618267,"relics_obtained":[{"floor":6.0,"key":"Tiny Chest"},{"floor":9.0,"key":"Anchor"},{"floor":10.0,"key":"Darkstone Periapt"},{"floor":14.0,"key":"Lantern"}],"event_choices":[{"damage_healed":0.0,"max_hp_gain":5.0,"max_hp_loss":0.0,"gold_gain":0.0,"event_name":"Big Fish","player_choice":"Donut","floor":4.0,"gold_loss":0.0,"damage_taken":0.0},{"damage_healed":0.0,"max_hp_gain":0.0,"max_hp_loss":0.0,"gold_gain":0.0,"cards_transformed":["Defend_R"],"event_name":"Transmorgrifier","player_choice":"Transformed","floor":5.0,"gold_loss":0.0,"damage_taken":0.0,"cards_obtained":["Ghostly Armor"]}],"is_beta":false,"boss_relics":[],"items_purged_floors":[],"is_endless":false,"potions_floor_spawned":[7,8,10],"killed_by":"Hexaghost","ascension_level":20}}