{"host":"9rexl4trwadr43zo","time":1612339325,"event":{"mods":["BaseMod","Colored Map","Minty Spire (QoL Compilation)"],"gold_per_floor":[368,379,136,136,151,151,183,183,183,183,183],"floor_reached":10,"language":"ENG","playtime":413,"items_purged":["Strike_R"],"score":79,"play_id":"fc116aeb-8860-40bd-afc9-f7f7df258566","local_time":"20210203080205","is_ascension_mode":true,"campfire_choices":[{"data":"Defend_R","floor":6,"key":"SMITH"}],"circlet_count":0,"master_deck":["Strike_R","Strike_R","Strike_R","Strike_R","Defend_R","Defend_R","Defend_R","Defend_R+1","Bash","Cleave"],"relics":["Burning Blood","Membership Card","Girya","Paper Frog"],"acts_visited":["Exordium"],"potions_floor_usage":[10],"damage_taken":[{"damage":8,"enemies":"2 Louse","floor":1,"turns":4},{"damage":13,"enemies":"Jaw Worm","floor":2,"turns":5},{"damage":1,"enemies":"Cultist","floor":5,"turns":3},{"damage":66,"enemies":"Lagavulin","floor":7,"turns":12},{"damage":22,"enemies":"3 Sentries","floor":10,"turns":6}],"seed_played":"7247640492060641532","potions_obtained":[{"floor":7,"key":"Block Potion"}],"is_trial":false,"path_per_floor":["M","M","$","?","M","R","E","?","T","E"],"character_chosen":"IRONCLAD","items_purchased":["Membership Card","FairyPotion"],"campfire_rested":0,"item_purchase_floors":[3,3],"current_hp_per_floor":[54,47,47,47,52,52,19,19,19,0,0],"gold":183,"neow_bonus":"TWO_FIFTY_GOLD","is_daily":false,"chose_seed":false,"campfire_upgraded":1,"win_rate":0.0,"timestamp":1612339325,"path_taken":["M","M","$","?","M","R","E","?","T","E"],"items_purchased_type":["Relic","Potion"],"build_version":"2020-12-22","purchased_purges":1,"victory":false,"max_hp_per_floor":[80,80,80,80,80,80,80,80,80,80,80],"card_choices":[{"not_picked":["Clash","Thunderclap","Fire Breathing"],"picked":"SKIP","floor":1},{"not_picked":["Shrug It Off","Fire Breathing"],"picked":"Cleave","floor":2},{"not_picked":["Reckless Charge","Wild Strike","Havoc"],"picked":"SKIP","floor":5},{"not_picked":["Power Through","Flex","Ghostly Armor"],"picked":"SKIP","floor":7}],"player_experience":287316,"relics_obtained":[{"floor":7,"key":"Girya"},{"floor":9,"key":"Paper Frog"}],"event_choices":[{"damage_healed":0,"gold_gain":0,"player_choice":"Ignored","damage_taken":0,"max_hp_gain":0,"max_hp_loss":0,"event_name":"Golden Idol","floor":4,"gold_loss":0},{"damage_healed":0,"gold_gain":0,"player_choice":"Ignored","damage_taken":0,"max_hp_gain":0,"max_hp_loss":0,"event_name":"Shining Light","floor":8,"gold_loss":0}],"is_beta":false,"boss_relics":[],"items_purged_floors":[3],"is_endless":false,"potions_floor_spawned":[7],"killed_by":"3 Sentries","ascension_level":4}}