{"host":"kn32u0f2pym5bozc","time":1612319497,"event":{"mods":["2.2 Compatiblity","BaseMod","Better Third Choice","Minty Spire (QoL Compilation)","Permanent Neow","Relic Stats","StSLib","The Animator"],"gold_per_floor":[162,212,19,44,44,76,76,91,114,148,48,63,213,213,213,290,290,319,323,323],"floor_reached":19,"language":"ENG","playtime":1935,"items_purged":["animator:Rider","animator:Strike"],"score":329,"play_id":"1910bd5d-8216-4654-ac1c-5471704317a3","local_time":"20210202213137","is_ascension_mode":true,"campfire_choices":[{"floor":7.0,"key":"REST"},{"data":"animator:Kaijin","floor":15.0,"key":"SMITH"}],"circlet_count":0,"master_deck":["AscendersBane","animator:Strike_Fate","animator:Defend_Fate+1","animator:Strike","animator:Strike+1","animator:Defend","animator:Defend","animator:Defend","animator:Alexander","animator:Yuuichirou","animator:DolaRiku","animator:Gillette","animator:YachiyoNanami","animator:Kaijin+1","animator:Chung","animator:KrulTepes","animator:GuildGirl","Doubt","animator:Albedo","animator:LeleiLaLalena"],"relics":["animator:TheMissingPiece","animator:PurgingStone","Tiny House","Toy Ornithopter","Letter Opener","Anchor","Mummified Hand","Mark of Pain"],"acts_visited":["Exordium","TheCity"],"potions_floor_usage":[19],"damage_taken":[{"damage":0.0,"enemies":"2 Louse","floor":1.0,"turns":3.0},{"damage":51.0,"enemies":"Lagavulin","floor":6.0,"turns":7.0},{"damage":0.0,"enemies":"Cultist","floor":8.0,"turns":3.0},{"damage":23.0,"enemies":"3 Sentries","floor":10.0,"turns":11.0},{"damage":0.0,"enemies":"Small Slimes","floor":12.0,"turns":5.0},{"damage":23.0,"enemies":"Hexaghost","floor":16.0,"turns":18.0},{"damage":10.0,"enemies":"Shell Parasite","floor":18.0,"turns":7.0},{"damage":48,"enemies":"Masked Bandits","floor":19,"turns":3}],"seed_played":"848813947391847954","potions_obtained":[{"floor":0.0,"key":"FearPotion"},{"floor":1.0,"key":"FearPotion"},{"floor":8.0,"key":"LiquidBronze"},{"floor":12.0,"key":"SteroidPotion"}],"is_trial":false,"path_per_floor":["M","?","$","T","?","E","R","M","T","E","$","M","?","?","R","B",null,"M","?"],"character_chosen":"THE_ANIMATOR","items_purchased":["animator:Gillette","animator:YachiyoNanami"],"campfire_rested":1,"item_purchase_floors":[3,3],"current_hp_per_floor":[59,53,53,53,53,7,26,26,26,3,3,3,3,24,24,6,50,42,0,0],"gold":323,"neow_bonus":"BOSS_RELIC","is_daily":false,"chose_seed":false,"campfire_upgraded":1,"win_rate":0.0,"timestamp":1612319497,"path_taken":["M","?","$","?","?","E","R","M","T","E","$","M","?","?","R","BOSS","M","?"],"items_purchased_type":["Card","Card"],"build_version":"2020-12-22","purchased_purges":2,"victory":false,"max_hp_per_floor":[65,65,65,65,65,65,65,65,65,65,65,65,65,65,65,65,65,67,67,67],"relic_stats":{"counters":[8,57],"Mummified Hand":[11],"Letter Opener":[18],"obtain_stats":[{"Anchor":9,"Tiny House":0,"animator:PurgingStone":0,"Mummified Hand":10,"animator:TheMissingPiece":0,"animator:LivingPicture":0,"Mark of Pain":17,"Letter Opener":6,"Toy Ornithopter":4},{"Anchor":3,"Tiny House":0,"animator:PurgingStone":0,"Mummified Hand":4,"animator:TheMissingPiece":0,"animator:LivingPicture":0,"Mark of Pain":6,"Letter Opener":2,"Toy Ornithopter":1},{"Anchor":13,"Tiny House":0,"animator:PurgingStone":0,"Mummified Hand":24,"animator:TheMissingPiece":0,"animator:LivingPicture":0,"Mark of Pain":47,"Letter Opener":10,"Toy Ornithopter":3}],"Toy Ornithopter":15},"card_choices":[{"not_picked":["animator:Darkness","animator:Shion"],"picked":"animator:Yuuichirou","floor":0.0},{"not_picked":["animator:SayakaMiki","animator:Shuna"],"picked":"animator:DolaRiku","floor":1.0},{"not_picked":["animator:DolaRiku","animator:Ain"],"picked":"animator:Kaijin","floor":6.0},{"not_picked":["animator:Kazuma","animator:Shion"],"picked":"animator:Chung","floor":8.0},{"not_picked":["animator:Shigure","animator:Yuuichirou"],"picked":"animator:KrulTepes","floor":10.0},{"not_picked":["animator:RinTohsaka","animator:LizardPriest"],"picked":"animator:GuildGirl","floor":12.0},{"not_picked":["animator:Kyubey","animator:Envy"],"picked":"animator:Albedo","floor":16.0},{"not_picked":["animator:Alexander","animator:AcuraAkari+1"],"picked":"animator:LeleiLaLalena","floor":18.0}],"player_experience":891482,"relics_obtained":[{"floor":4.0,"key":"Toy Ornithopter"},{"floor":6.0,"key":"Letter Opener"},{"floor":9.0,"key":"Anchor"},{"floor":10.0,"key":"Mummified Hand"}],"event_choices":[{"damage_healed":0.0,"max_hp_gain":0.0,"max_hp_loss":0.0,"gold_gain":50.0,"event_name":"FaceTrader","player_choice":"Touch","floor":2.0,"gold_loss":0.0,"damage_taken":6.0},{"damage_healed":0.0,"max_hp_gain":0.0,"max_hp_loss":0.0,"gold_gain":0.0,"event_name":"The Cleric","player_choice":"Leave","floor":5.0,"gold_loss":0.0,"damage_taken":0.0},{"damage_healed":0.0,"max_hp_gain":0.0,"max_hp_loss":0.0,"gold_gain":150.0,"event_name":"betterThird:BetterSerpent","player_choice":"AGREE","floor":13.0,"gold_loss":0.0,"damage_taken":63.0},{"damage_healed":21.0,"max_hp_gain":0.0,"max_hp_loss":0.0,"gold_gain":0.0,"event_name":"Big Fish","player_choice":"Banana","floor":14.0,"gold_loss":0.0,"damage_taken":0.0},{"damage_healed":0,"gold_gain":0,"player_choice":"Fought Bandits","damage_taken":0,"max_hp_gain":0,"max_hp_loss":0,"event_name":"Masked Bandits","floor":19,"gold_loss":0}],"is_beta":false,"boss_relics":[{"not_picked":["Astrolabe","Sozu"],"picked":"Mark of Pain"}],"items_purged_floors":[3,11],"is_endless":false,"potions_floor_spawned":[1,8,12],"killed_by":"Masked Bandits","ascension_level":18}}