{"host":"Sylvester","time":1612379383,"event":{"mods":["BaseMod","Filter the Spire","Lobotomy","Minty Spire (QoL Compilation)","Replay The Spire","StSLib"],"gold_per_floor":[114,126,126,126,140,171,183,195,230,242,254,291,322,369,381,490,502,527,549,190,190,203,232,248,248,248,268,283,310,155,185,185,290,290,303,350,360,360,375,407,407,423,423,434,460,479,479,491,491,491],"floor_reached":51,"language":"ENG","playtime":3335,"items_purged":["Pain"],"score":1032,"play_id":"4a8094d9-b9d7-465e-b05c-fbdf4e8ea71d","local_time":"20210203110943","is_ascension_mode":true,"campfire_choices":[{"data":"1","floor":25.0,"key":"LIFT"},{"data":"2","floor":32.0,"key":"LIFT"},{"data":"3","floor":41,"key":"LIFT"},{"floor":47,"key":"RECALL"}],"circlet_count":0,"master_deck":["SpecialBullet","SpecialBullet","SpecialBullet","SpecialBullet","SpecialBullet","SpecialBullet","SpecialBullet","CentralCode","TrainingCode","InformationCode","CurseOfTheBell","WristCuter+1","Noise","CENSORED_ego+1","Galaxy","BearPaw+1","SomewhereSpear+1","MagicBullet","Twilight","Diffraction","SomewhereSpear+1","DaCapo","SoundOfStar+1","Pot Of Greed+1","Pot Of Greed+1","WelfareCode","Pot Of Greed+1"],"relics":["Calling Bell","Replay:Mystery Machine","Singing Bowl","Gambling Chip","WarpedTongs","Blood Vial","Girya","Mercury Hourglass","Black Star","Vajra","Chemical X","Nloth\u0027s Gift","Lantern","Nunchaku","HornCleat","Gremlin Food","Anchor","Orrery","Bottled Lightning","Centennial Puzzle","Fusion Hammer","Lizard Tail","Toxic Egg 2","Meat on the Bone","Grinning Jar","Kunai","MealTicket","Quantum Egg"],"acts_visited":["Exordium","TheCity","TheBeyond"],"potions_floor_usage":[45,50,50,51],"damage_taken":[{"damage":0.0,"enemies":"Jaw Worm","floor":1.0,"turns":2.0},{"damage":0.0,"enemies":"Cultist","floor":2.0,"turns":3.0},{"damage":0.0,"enemies":"Small Slimes","floor":5.0,"turns":2.0},{"damage":6.0,"enemies":"Gremlin Nob","floor":6.0,"turns":3.0},{"damage":12.0,"enemies":"Lagavulin","floor":12.0,"turns":4.0},{"damage":3.0,"enemies":"2 Fungi Beasts","floor":13.0,"turns":2.0},{"damage":3.0,"enemies":"Gremlin Nob","floor":14.0,"turns":3.0},{"damage":4.0,"enemies":"Slime Boss","floor":16.0,"turns":6.0},{"damage":10.0,"enemies":"2 Thieves","floor":18.0,"turns":4.0},{"damage":7.0,"enemies":"Shell Parasite","floor":19.0,"turns":4.0},{"damage":6.0,"enemies":"Snake Plant","floor":22.0,"turns":3.0},{"damage":13.0,"enemies":"Gremlin Leader","floor":23.0,"turns":5.0},{"damage":10.0,"enemies":"Sentry and Sphere","floor":24.0,"turns":3.0},{"damage":0.0,"enemies":"3 Cultists","floor":27.0,"turns":3.0},{"damage":0.0,"enemies":"Centurion and Healer","floor":28.0,"turns":3.0},{"damage":16.0,"enemies":"Book of Stabbing","floor":29.0,"turns":4.0},{"damage":4.0,"enemies":"Gremlin Leader","floor":31.0,"turns":4.0},{"damage":3,"enemies":"Pondfish","floor":33,"turns":6},{"damage":0,"enemies":"Orb Walker","floor":35,"turns":2},{"damage":0,"enemies":"2 Orb Walkers","floor":36,"turns":2},{"damage":0,"enemies":"3 Shapes","floor":37,"turns":1},{"damage":0,"enemies":"Maw","floor":39,"turns":5},{"damage":5,"enemies":"R_Hoarder","floor":40,"turns":5},{"damage":0,"enemies":"4 Shapes","floor":42,"turns":1},{"damage":5,"enemies":"Transient","floor":44,"turns":5},{"damage":24,"enemies":"Giant Head","floor":45,"turns":8},{"damage":4,"enemies":"Maw","floor":46,"turns":5},{"damage":6,"enemies":"Spire Growth","floor":48,"turns":2},{"damage":63,"enemies":"Awakened One","floor":50,"turns":21},{"damage":22,"enemies":"Malkuth","floor":51,"turns":12},{"damage":115,"enemies":"Yesod","floor":51,"turns":13}],"seed_played":"-8085004638271959906","potions_obtained":[{"floor":1.0,"key":"FearPotion"},{"floor":5.0,"key":"Block Potion"},{"floor":12.0,"key":"Strength Potion"},{"floor":19.0,"key":"DistilledChaos"},{"floor":33,"key":"Weak Potion"},{"floor":42,"key":"DistilledChaos"},{"floor":48,"key":"ColorlessPotion"}],"is_trial":false,"path_per_floor":["M","M","?","?","M","E","?","R","T","?","?","E","M","E","R","B",null,"M","M","$","?","M","E","M","R","T","M","M","E","$","E","R","B",null,"M","?","M","T","M","E","R","M","T","M","E","M","R","M","R","B",null],"character_chosen":"Angela","items_purchased":["Vajra","Chemical X","Orrery"],"campfire_rested":0,"item_purchase_floors":[20,20,30],"current_hp_per_floor":[72,72,72,72,72,66,52,52,52,52,52,44,45,46,46,46,80,72,67,67,67,63,52,46,46,46,50,52,40,46,46,46,45,96,98,100,102,102,104,99,99,103,103,102,82,82,82,80,80,31],"gold":491,"neow_bonus":"BOSS_RELIC","is_daily":false,"chose_seed":false,"campfire_upgraded":0,"win_rate":0.0,"timestamp":1612379383,"path_taken":["M","M","?","?","?","E","?","R","T","?","?","E","?","E","R","BOSS","M","M","$","?","M","E","M","R","T","?","M","E","$","E","R","BOSS","M","?","M","?","M","E","R","M","T","M","E","M","R","M","R","BOSS"],"items_purchased_type":["Relic","Relic","Relic"],"build_version":"2020-11-17","purchased_purges":1,"victory":true,"max_hp_per_floor":[72,72,72,72,72,72,72,72,72,72,72,74,76,78,78,80,80,82,82,82,82,82,82,84,84,84,86,86,88,94,96,96,96,96,98,100,102,102,104,104,104,106,106,108,110,112,112,114,114,114],"card_choices":[{"not_picked":["BlueScar","Galaxy"],"picked":"Singing Bowl","floor":1.0},{"not_picked":["Lantern"],"picked":"WristCuter","floor":2.0},{"not_picked":["Wingbeat"],"picked":"Noise","floor":5.0},{"not_picked":["GrinderMk4"],"picked":"CENSORED_ego","floor":6.0},{"not_picked":["FrostShard","Noise"],"picked":"Singing Bowl","floor":12.0},{"not_picked":["Christmas","Noise"],"picked":"Singing Bowl","floor":13.0},{"not_picked":["Regret_ego","Heaven"],"picked":"Singing Bowl","floor":14.0},{"not_picked":["CENSORED_ego","ParadiseLost"],"picked":"Singing Bowl","floor":16.0},{"not_picked":["TodaysExpression","Beak"],"picked":"Singing Bowl","floor":18.0},{"not_picked":["CherryBlossom"],"picked":"BearPaw+1","floor":19.0},{"not_picked":["BlueScar+1"],"picked":"SomewhereSpear+1","floor":22.0},{"not_picked":["ScreamingWedge"],"picked":"MagicBullet","floor":23.0},{"not_picked":["WristCuter+1","Regret_ego"],"picked":"Singing Bowl","floor":24.0},{"not_picked":["Regret_ego+1","SomewhereSpear"],"picked":"Singing Bowl","floor":27.0},{"not_picked":["RedEyes"],"picked":"Twilight","floor":28.0},{"not_picked":["SomewhereSpear","TheSmile"],"picked":"Singing Bowl","floor":29.0},{"not_picked":["Galaxy","Christmas"],"picked":"Singing Bowl","floor":30.0},{"not_picked":["Spore"],"picked":"Diffraction","floor":30.0},{"not_picked":["RapturousDream+1","ScreamingWedge"],"picked":"Singing Bowl","floor":30.0},{"not_picked":["Pleasure+1"],"picked":"SomewhereSpear+1","floor":30.0},{"not_picked":["Moonlight","Soda"],"picked":"Singing Bowl","floor":30.0},{"not_picked":["FeatherOfHonor","ParadiseLost"],"picked":"Singing Bowl","floor":31.0},{"not_picked":["CENSORED_ego"],"picked":"DaCapo","floor":33},{"not_picked":["SomewhereSpear+1","RedEyes+1"],"picked":"Singing Bowl","floor":35},{"not_picked":["Spore","RapturousDream+1"],"picked":"Singing Bowl","floor":36},{"not_picked":["Justitia","GrinderMk4"],"picked":"Singing Bowl","floor":37},{"not_picked":["Amita+1","Noise+1"],"picked":"Singing Bowl","floor":39},{"not_picked":["Laetitia_ego+1"],"picked":"SoundOfStar+1","floor":40},{"not_picked":["Lantern","WristCuter+1"],"picked":"Singing Bowl","floor":42},{"not_picked":["Soda","CherryBlossom+1"],"picked":"Singing Bowl","floor":44},{"not_picked":["Wingbeat+1","Hypocrisy+1"],"picked":"Singing Bowl","floor":45},{"not_picked":["Soda","RapturousDream+1"],"picked":"Singing Bowl","floor":46},{"not_picked":["TheSmile+1","Tough+1"],"picked":"Singing Bowl","floor":48}],"player_experience":200951,"relics_obtained":[{"floor":0.0,"key":"Replay:Mystery Machine"},{"floor":0.0,"key":"Singing Bowl"},{"floor":0.0,"key":"Gambling Chip"},{"floor":6.0,"key":"MawBank"},{"floor":11.0,"key":"Blood Vial"},{"floor":12.0,"key":"Girya"},{"floor":14.0,"key":"Mercury Hourglass"},{"floor":23.0,"key":"Lantern"},{"floor":23.0,"key":"Nunchaku"},{"floor":26.0,"key":"HornCleat"},{"floor":29.0,"key":"Gremlin Food"},{"floor":29.0,"key":"Anchor"},{"floor":31.0,"key":"Bottled Lightning"},{"floor":31.0,"key":"Centennial Puzzle"},{"floor":36,"key":"Lizard Tail"},{"floor":38,"key":"Toxic Egg 2"},{"floor":40,"key":"Meat on the Bone"},{"floor":40,"key":"Grinning Jar"},{"floor":43,"key":"Kunai"},{"floor":45,"key":"MealTicket"},{"floor":45,"key":"Quantum Egg"}],"event_choices":[{"damage_healed":0.0,"max_hp_gain":0.0,"max_hp_loss":0.0,"gold_gain":0.0,"event_name":"Liars Game","player_choice":"Ignored","floor":3.0,"gold_loss":0.0,"damage_taken":0.0},{"damage_healed":0.0,"max_hp_gain":0.0,"max_hp_loss":0.0,"gold_gain":0.0,"event_name":"Accursed Blacksmith","player_choice":"Rummage","floor":4.0,"gold_loss":0.0,"damage_taken":0.0,"relics_obtained":["WarpedTongs"],"cards_obtained":["Pain"]},{"damage_healed":0.0,"max_hp_gain":0.0,"max_hp_loss":0.0,"gold_gain":0.0,"event_name":"Shining Light","player_choice":"Entered Light","floor":7.0,"gold_loss":0.0,"damage_taken":14.0,"cards_upgraded":["WristCuter","CENSORED_ego"]},{"damage_healed":0.0,"max_hp_gain":0.0,"max_hp_loss":0.0,"gold_gain":0.0,"cards_transformed":["SpecialBullet"],"event_name":"Living Wall","player_choice":"Change","floor":10.0,"gold_loss":0.0,"damage_taken":0.0,"cards_obtained":["Galaxy"]},{"damage_healed":0.0,"max_hp_gain":0.0,"max_hp_loss":0.0,"gold_gain":0.0,"event_name":"Wheel of Change","player_choice":"Relic","floor":11.0,"gold_loss":0.0,"damage_taken":0.0},{"damage_healed":0.0,"max_hp_gain":0.0,"max_hp_loss":0.0,"gold_gain":0.0,"event_name":"N\u0027loth","player_choice":"Traded Relic","floor":21.0,"relics_lost":["MawBank"],"gold_loss":0.0,"damage_taken":0.0,"relics_obtained":["Nloth\u0027s Gift"]},{"damage_healed":0,"gold_gain":0,"player_choice":"Fight","damage_taken":0,"max_hp_gain":0,"max_hp_loss":0,"event_name":"Mysterious Sphere","floor":36,"gold_loss":0}],"is_beta":true,"boss_relics":[{"not_picked":["ChewingGum","Replay:Ancient Bell"],"picked":"Black Star"},{"not_picked":["Kintsugi","ReplayTheSpireMod:DimensionalGlitch"],"picked":"Fusion Hammer"}],"items_purged_floors":[20],"is_endless":false,"potions_floor_spawned":[1,5,12,14,19,23,24,27,33,36,42,44,48],"ascension_level":1}}