{"host":"q9sqrn60n8lvmavn","time":1612338074,"event":{"mods":["AchievementEnabler","AlwaysNeverKeys","BaseMod","Better Third Choice","Better Vampires","Block Reminder","Colored Powertips","Curses Come First","DNKmod","Friendly Minions","Minty Spire (QoL Compilation)","Permanent Neow","Relic Filter Mod","StSLib","Weighted Paths"],"gold_per_floor":[1019,1019,1032,653,653,653,665,698,769,782,792,810,824,545,545,640,640,657,668,668,586,604,632,644,661,661,586,602,632,643,662,662,758,758,769,498,498,510,525,525,558,558,558,558,577,615,632,679,679,679,679,679,496,540,540],"floor_reached":56,"language":"ENG","playtime":2080,"items_purged":["Strike_R","Strike_R","Bash","Strike_R","Strike_R","Strike_R"],"score":2206,"play_id":"e478cfcf-2aad-4081-ba60-cf14dbd926bd","local_time":"20210202234114","is_ascension_mode":true,"campfire_choices":[{"data":"Apotheosis","floor":6,"key":"SMITH"},{"data":"Body Slam","floor":15,"key":"SMITH"},{"data":"True Grit","floor":32,"key":"SMITH"},{"data":"Battle Trance","floor":40,"key":"SMITH"},{"data":"Offering","floor":42,"key":"SMITH"},{"data":"Warcry","floor":44,"key":"SMITH"},{"data":"Pommel Strike","floor":49,"key":"SMITH"},{"data":"Pommel Strike","floor":52,"key":"SMITH"}],"circlet_count":0,"master_deck":["Defend_R","Defend_R","Defend_R","Warcry+1","Inflame","Apotheosis+1","Iron Wave","Heavy Blade","Disarm","Body Slam+1","True Grit+1","Shockwave","Pommel Strike+1","Pommel Strike+1","Shrug It Off+1","Dropkick+1","Battle Trance+1","Offering+1","True Grit+1","Inflame","Whirlwind+1","Spot Weakness","Barricade","Shrug It Off+1","Demon Form","Offering","Secret Technique","Limit Break"],"relics":["Burning Blood","Mummified Hand","Singing Bowl","Prayer Wheel","Membership Card","Oddly Smooth Stone","Self Forming Clay","Paper Frog","Happy Flower","Bag of Preparation","DollysMirror","Coffee Dripper","Nloth\u0027s Gift","Bag of Marbles","Blue Candle","Orichalcum","Cursed Key","Lantern","Sundial","CeramicFish","Calipers","Shuriken"],"acts_visited":["Exordium","TheCity","TheBeyond","TheEnding"],"potions_floor_usage":[13,16,23,23,29,55,55,55],"damage_taken":[{"damage":1,"enemies":"2 Louse","floor":1,"turns":3},{"damage":0,"enemies":"Small Slimes","floor":3,"turns":2},{"damage":0,"enemies":"Cultist","floor":7,"turns":3},{"damage":0,"enemies":"3 Sentries","floor":8,"turns":7},{"damage":0,"enemies":"Red Slaver","floor":10,"turns":2},{"damage":0,"enemies":"3 Louse","floor":11,"turns":3},{"damage":1,"enemies":"Exordium Thugs","floor":12,"turns":5},{"damage":8,"enemies":"Lots of Slimes","floor":13,"turns":3},{"damage":0,"enemies":"Slime Boss","floor":16,"turns":3},{"damage":0,"enemies":"Chosen","floor":18,"turns":3},{"damage":9,"enemies":"Spheric Guardian","floor":19,"turns":4},{"damage":10,"enemies":"Shelled Parasite and Fungi","floor":22,"turns":3},{"damage":8,"enemies":"Slavers","floor":23,"turns":5},{"damage":6,"enemies":"Centurion and Healer","floor":24,"turns":1},{"damage":6,"enemies":"3 Cultists","floor":25,"turns":2},{"damage":6,"enemies":"Shelled Parasite and Fungi","floor":28,"turns":1},{"damage":6,"enemies":"Gremlin Leader","floor":29,"turns":2},{"damage":6,"enemies":"Centurion and Healer","floor":30,"turns":2},{"damage":6,"enemies":"Snake Plant","floor":31,"turns":2},{"damage":6,"enemies":"Collector","floor":33,"turns":2},{"damage":6,"enemies":"Orb Walker","floor":35,"turns":1},{"damage":6,"enemies":"3 Shapes","floor":38,"turns":3},{"damage":0,"enemies":"3 Darklings","floor":39,"turns":1},{"damage":6,"enemies":"Reptomancer","floor":41,"turns":2},{"damage":1,"enemies":"Writhing Mass","floor":45,"turns":3},{"damage":0,"enemies":"Nemesis","floor":46,"turns":3},{"damage":0,"enemies":"Jaw Worm Horde","floor":47,"turns":1},{"damage":6,"enemies":"2 Orb Walkers","floor":48,"turns":2},{"damage":12,"enemies":"Donu and Deca","floor":50,"turns":3},{"damage":12,"enemies":"Shield and Spear","floor":54,"turns":2},{"damage":29,"enemies":"The Heart","floor":55,"turns":8}],"seed_played":"1742951978315219925","potions_obtained":[{"floor":7,"key":"Dexterity Potion"},{"floor":10,"key":"PowerPotion"},{"floor":11,"key":"Explosive Potion"},{"floor":13,"key":"Energy Potion"},{"floor":19,"key":"Weak Potion"},{"floor":23,"key":"AttackPotion"},{"floor":30,"key":"Dexterity Potion"},{"floor":31,"key":"Fire Potion"},{"floor":33,"key":"Ancient Potion"},{"floor":38,"key":"Strength Potion"}],"is_trial":false,"path_per_floor":["M","?","M","$","?","R","M","E","T","M","M","M","M","$","R","B",null,"M","M","?","$","M","E","M","M","T","$","M","E","M","M","R","B",null,"M","$","?","M","M","R","E","R","T","R","M","E","M","?","R","B",null,"R","$","E","B",null],"character_chosen":"IRONCLAD","items_purchased":["Membership Card","Oddly Smooth Stone","Inflame","Apotheosis","Happy Flower","Bag of Preparation","DollysMirror","Battle Trance","Lantern","Demon Form","Strength Potion","Secret Technique"],"campfire_rested":0,"item_purchase_floors":[4,4,4,4,14,14,14,21,36,36,36,53],"current_hp_per_floor":[92,85,93,93,98,99,99,101,101,103,105,105,103,103,105,107,107,107,108,108,108,108,106,110,110,110,110,112,114,118,120,120,120,127,129,129,131,133,137,137,139,139,139,139,143,143,147,149,149,143,148,148,148,142,119],"gold":540,"neow_bonus":"ONE_RARE_RELIC","is_daily":false,"chose_seed":false,"campfire_upgraded":8,"win_rate":0.0,"timestamp":1612338074,"path_taken":["M","?","M","$","?","R","M","E","T","M","M","M","M","$","R","BOSS","M","M","?","$","M","E","M","M","T","$","M","E","M","M","R","BOSS","M","$","?","?","M","R","E","R","T","R","M","E","M","?","R","BOSS","R","$","E","BOSS"],"items_purchased_type":["Relic","Relic","Card","Card","Relic","Relic","Relic","Card","Relic","Card","Potion","Card"],"build_version":"2020-12-22","purchased_purges":6,"victory":true,"max_hp_per_floor":[92,92,94,94,99,99,99,101,101,103,105,105,105,105,105,107,107,107,111,111,111,115,115,119,119,119,119,121,123,127,129,129,129,129,131,131,131,133,137,137,139,139,139,139,143,143,147,149,149,149,149,149,149,149,149],"card_choices":[{"not_picked":["Blood for Blood","Sword Boomerang"],"picked":"True Grit","floor":1},{"not_picked":["Anger","Cleave","Twin Strike"],"picked":"Singing Bowl","floor":1},{"not_picked":["Wild Strike","Twin Strike"],"picked":"Warcry","floor":3},{"not_picked":["Blood for Blood","Twin Strike","Sword Boomerang"],"picked":"Singing Bowl","floor":3},{"not_picked":["Cleave","Rage"],"picked":"Iron Wave","floor":7},{"not_picked":["Anger","Rampage"],"picked":"Heavy Blade","floor":7},{"not_picked":["Fire Breathing","Iron Wave","Flame Barrier"],"picked":"Singing Bowl","floor":8},{"not_picked":["Ghostly Armor","Burning Pact","Havoc"],"picked":"Singing Bowl","floor":10},{"not_picked":["Demon Form","Entrench","Burning Pact"],"picked":"SKIP","floor":10},{"not_picked":["Metallicize","Iron Wave","Sever Soul"],"picked":"Singing Bowl","floor":11},{"not_picked":["Fire Breathing","Havoc"],"picked":"Disarm","floor":11},{"not_picked":["Perfected Strike","Fire Breathing"],"picked":"Body Slam","floor":12},{"not_picked":["Flame Barrier","Sentinel"],"picked":"True Grit","floor":12},{"not_picked":["Entrench","Wild Strike"],"picked":"Shockwave","floor":13},{"not_picked":["Thunderclap","Offering"],"picked":"Pommel Strike","floor":13},{"not_picked":["Immolate","Double Tap","Corruption"],"picked":"Singing Bowl","floor":16},{"not_picked":["Power Through+1","Clash"],"picked":"Shrug It Off+1","floor":18},{"not_picked":["Twin Strike","Perfected Strike"],"picked":"Dropkick+1","floor":18},{"not_picked":["Wild Strike","Combust","Inflame"],"picked":"Singing Bowl","floor":19},{"not_picked":["Rampage","Sword Boomerang+1","Seeing Red"],"picked":"Singing Bowl","floor":19},{"not_picked":["Flame Barrier","Twin Strike","Bloodletting+1"],"picked":"Singing Bowl","floor":22},{"not_picked":["Entrench","Fire Breathing","Flame Barrier"],"picked":"Singing Bowl","floor":22},{"not_picked":["Ghostly Armor+1","Headbutt"],"picked":"Offering","floor":23},{"not_picked":["Hemokinesis","True Grit","Clothesline+1"],"picked":"Singing Bowl","floor":24},{"not_picked":["Cleave+1","Flex","Combust"],"picked":"Singing Bowl","floor":24},{"not_picked":["Headbutt+1","Warcry+1"],"picked":"True Grit+1","floor":25},{"not_picked":["Heavy Blade+1","Clash"],"picked":"Inflame","floor":25},{"not_picked":["Pummel","Feel No Pain+1","Combust"],"picked":"Singing Bowl","floor":28},{"not_picked":["Exhume","Heavy Blade"],"picked":"Whirlwind+1","floor":28},{"not_picked":["Clash+1","Feel No Pain","Wild Strike"],"picked":"Singing Bowl","floor":29},{"not_picked":["Burning Pact","Second Wind","Clothesline"],"picked":"Singing Bowl","floor":30},{"not_picked":["Thunderclap","Blood for Blood","Combust"],"picked":"Singing Bowl","floor":30},{"not_picked":["Clash","Rupture"],"picked":"Spot Weakness","floor":31},{"not_picked":["Fire Breathing","Anger","Reaper"],"picked":"Singing Bowl","floor":31},{"not_picked":["Reaper","Corruption"],"picked":"Barricade","floor":33},{"not_picked":["Headbutt+1","Pommel Strike","True Grit+1"],"picked":"Singing Bowl","floor":35},{"not_picked":["Burning Pact+1","Evolve+1"],"picked":"Shrug It Off+1","floor":35},{"not_picked":["Carnage","Reaper","True Grit"],"picked":"Singing Bowl","floor":38},{"not_picked":["Iron Wave+1","Feel No Pain+1","Body Slam"],"picked":"SKIP","floor":38},{"not_picked":["Blood for Blood","Dark Embrace","Combust"],"picked":"Singing Bowl","floor":39},{"not_picked":["Clothesline+1","Sword Boomerang+1","Dark Embrace"],"picked":"Singing Bowl","floor":39},{"not_picked":["Clothesline+1","Sever Soul","Corruption"],"picked":"Singing Bowl","floor":41},{"not_picked":["Havoc","Shrug It Off+1","Spot Weakness"],"picked":"Singing Bowl","floor":45},{"not_picked":["Thunderclap","Wild Strike","True Grit+1"],"picked":"Singing Bowl","floor":45},{"not_picked":["Havoc","Body Slam"],"picked":"Offering","floor":46},{"not_picked":["Shrug It Off","Intimidate+1","Hemokinesis"],"picked":"Singing Bowl","floor":47},{"not_picked":["Immolate","Warcry+1","Heavy Blade+1"],"picked":"Singing Bowl","floor":47},{"not_picked":["Anger+1","Clash+1","Rampage+1"],"picked":"Singing Bowl","floor":48},{"not_picked":["Reckless Charge+1","Exhume"],"picked":"Limit Break","floor":54}],"player_experience":214828,"relics_obtained":[{"floor":8,"key":"Self Forming Clay"},{"floor":9,"key":"Paper Frog"},{"floor":23,"key":"Bag of Marbles"},{"floor":26,"key":"Blue Candle"},{"floor":29,"key":"Orichalcum"},{"floor":41,"key":"Sundial"},{"floor":46,"key":"CeramicFish"},{"floor":48,"key":"Calipers"},{"floor":54,"key":"Shuriken"}],"event_choices":[{"cards_removed":["Defend_R"],"damage_healed":0,"gold_gain":0,"player_choice":"Card Removal","damage_taken":7,"max_hp_gain":0,"max_hp_loss":0,"event_name":"Golden Wing","floor":2,"gold_loss":0},{"damage_healed":0,"gold_gain":0,"player_choice":"Donut","damage_taken":0,"max_hp_gain":5,"max_hp_loss":0,"event_name":"Big Fish","floor":5,"gold_loss":0},{"damage_healed":0,"gold_gain":0,"player_choice":"Traded Relic","damage_taken":0,"relics_obtained":["Nloth\u0027s Gift"],"max_hp_gain":0,"max_hp_loss":0,"event_name":"N\u0027loth","floor":20,"relics_lost":["Eternal Feather"],"gold_loss":0},{"cards_removed":["True Grit"],"damage_healed":5,"gold_gain":0,"player_choice":"Offered Common","damage_taken":0,"max_hp_gain":0,"max_hp_loss":0,"event_name":"Bonfire Elementals","floor":37,"gold_loss":0},{"cards_removed":["True Grit"],"damage_healed":5,"gold_gain":0,"player_choice":"Offered Special","damage_taken":0,"max_hp_gain":0,"max_hp_loss":0,"event_name":"Bonfire Elementals","floor":37,"gold_loss":0},{"damage_healed":0,"gold_gain":0,"player_choice":"Fight","damage_taken":0,"max_hp_gain":0,"max_hp_loss":0,"event_name":"Mysterious Sphere","floor":48,"gold_loss":0}],"is_beta":false,"boss_relics":[{"not_picked":["Mark of Pain","Ectoplasm"],"picked":"Coffee Dripper"},{"not_picked":["Fusion Hammer","Black Blood"],"picked":"Cursed Key"}],"items_purged_floors":[4,14,21,27,36,53],"is_endless":false,"potions_floor_spawned":[7,10,11,13,19,22,23,30,31,33,38,39],"ascension_level":9}}