{"host":"n9lc5i44t98l6pio","time":1612368831,"event":{"mods":["BaseMod","Curses Come First","Downfall","Minty Spire (QoL Compilation)","Replay The Spire","Say the Spire","StSLib"],"gold_per_floor":[167,183,196,210,210,223,249,249,249,265,294,311,323,338,352,352,352,352],"floor_reached":16,"language":"ENG","playtime":509,"items_purged":[],"score":108,"play_id":"eb270c7c-8dad-4948-94da-d2e88c691634","local_time":"20210203171351","is_ascension_mode":false,"campfire_choices":[],"circlet_count":0,"master_deck":["hexamod:Strike+1","hexamod:Strike","hexamod:Strike","hexamod:Strike","hexamod:Defend","hexamod:Defend+1","hexamod:Defend+1","hexamod:Defend","hexamod:Sear+1","hexamod:Float+1","hexamod:BurningTouch","hexamod:FlamesFromBeyond","hexamod:FlamesFromBeyond","hexamod:FastForward","downfall:Malfunctioning","Regret","hexamod:ThirdSeal","hexamod:ThermalTransfer","hexamod:ApocalypseNow","hexamod:ChargedBarrage","hexamod:GhostShield","hexamod:ThermalTransfer","hexamod:BurningTouch"],"relics":["hexamod:SpiritBrand","PreservedInsect","Pocketwatch"],"acts_visited":["Exordium"],"potions_floor_usage":[16,16],"damage_taken":[{"damage":2,"enemies":"2 Louse","floor":2,"turns":3},{"damage":0,"enemies":"Small Slimes","floor":3,"turns":3},{"damage":3,"enemies":"Jaw Worm","floor":4,"turns":3},{"damage":2,"enemies":"3 Louse","floor":6,"turns":3},{"damage":4,"enemies":"Blue Slaver","floor":10,"turns":3},{"damage":11,"enemies":"Lagavulin","floor":11,"turns":5},{"damage":2,"enemies":"2 Fungi Beasts","floor":12,"turns":3},{"damage":5,"enemies":"Red Slaver","floor":13,"turns":3},{"damage":13,"enemies":"Gremlin Gang","floor":14,"turns":3},{"damage":5,"enemies":"Large Slime","floor":15,"turns":3},{"damage":149,"enemies":"WA_ARCHETYPE_RETAIN","floor":16,"turns":2}],"seed_played":"-69639017482318121","potions_obtained":[{"floor":4,"key":"SteroidPotion"},{"floor":6,"key":"Strength Potion"},{"floor":11,"key":"FearPotion"},{"floor":14,"key":"Cursed Concoction"},{"floor":15,"key":"Death Potion"}],"is_trial":false,"path_per_floor":["R","M","M","M","?","M","T","?","?","M","E","M","M","M","M","B"],"character_chosen":"THE_SPIRIT","items_purchased":[],"campfire_rested":0,"item_purchase_floors":[],"current_hp_per_floor":[70,68,68,65,65,63,63,63,63,59,48,46,41,28,23,0,0,0],"gold":352,"neow_bonus":"UPGRADE_CARD","is_daily":false,"chose_seed":false,"campfire_upgraded":0,"win_rate":0.0,"timestamp":1612368831,"path_taken":["R","M","M","M","?","M","T","?","?","M","E","M","M","M","M","BOSS"],"items_purchased_type":[],"build_version":"2020-12-22","purchased_purges":0,"victory":false,"max_hp_per_floor":[70,70,70,70,70,70,70,70,70,70,70,70,70,70,70,70,70,70],"card_choices":[{"not_picked":["hexamod:SpectralSpark","hexamod:PhantomCloak"],"picked":"hexamod:BurningTouch","floor":2},{"not_picked":["hexamod:Again","hexamod:SpectersWail"],"picked":"hexamod:FlamesFromBeyond","floor":3},{"not_picked":["hexamod:HauntingEcho","hexamod:RadiantFlame"],"picked":"hexamod:FlamesFromBeyond","floor":4},{"not_picked":["hexamod:CatchUp","hexamod:RadiantFlame"],"picked":"hexamod:FastForward","floor":6},{"not_picked":["hexamod:RetreatToShadows","hexamod:Rewind"],"picked":"hexamod:ThirdSeal","floor":10},{"not_picked":["hexamod:SpectralAdrenaline","hexamod:HeatMetal"],"picked":"hexamod:ThermalTransfer","floor":11},{"not_picked":["hexamod:Hexaguard","hexamod:GhostOfSpirePast"],"picked":"hexamod:ApocalypseNow","floor":11},{"not_picked":["hexamod:ThermalTransfer","hexamod:HeatShield"],"picked":"hexamod:ChargedBarrage","floor":12},{"not_picked":["hexamod:SecondSeal","hexamod:Hexaguard"],"picked":"hexamod:GhostShield","floor":13},{"not_picked":["hexamod:Rewind","hexamod:ShieldOfDarkness"],"picked":"hexamod:ThermalTransfer","floor":14},{"not_picked":["hexamod:GhostOfSpirePast","hexamod:SuperheatedStrike"],"picked":"hexamod:BurningTouch","floor":15}],"player_experience":237803,"relics_obtained":[{"floor":11,"key":"Pocketwatch"}],"event_choices":[{"damage_healed":0,"gold_gain":0,"player_choice":"Box","damage_taken":0,"relics_obtained":["PreservedInsect"],"max_hp_gain":0,"max_hp_loss":0,"event_name":"Big Fish","floor":9,"gold_loss":0,"cards_obtained":["Regret"]}],"is_beta":false,"boss_relics":[],"items_purged_floors":[],"is_endless":false,"potions_floor_spawned":[4,6,11,14,15],"killed_by":"WA_ARCHETYPE_RETAIN","ascension_level":0}}