{"host":"s5d39dhq0ddhxhke","time":1612393924,"event":{"mods":["AchievementEnabler","BaseMod","Colored Map","Minty Spire (QoL Compilation)","Smile Girya","SuperFastMode"],"gold_per_floor":[113,129,129,129,148,186,209,240,240,165,165,189,189,228,228,321,384,397,417,317,330,380,415,415,415,441,42,57,72,72,90,90,186,186,200,215,234,250,90,128,128,151,151,151,151,209,209,36,36,36],"floor_reached":51,"language":"ENG","playtime":1267,"items_purged":["Strike_R","Strike_R","Strike_R"],"score":1469,"play_id":"a4726a4c-693f-4713-95a6-2dcef2323622","local_time":"20210204011204","is_ascension_mode":true,"campfire_choices":[{"floor":11,"key":"REST"},{"floor":13,"key":"REST"},{"floor":15,"key":"REST"},{"data":"Bludgeon","floor":25,"key":"SMITH"},{"floor":32,"key":"REST"},{"data":"Demon Form","floor":41,"key":"SMITH"},{"data":"Bash","floor":44,"key":"SMITH"},{"data":"Impervious","floor":47,"key":"SMITH"},{"floor":49,"key":"REST"}],"circlet_count":0,"master_deck":["AscendersBane","Bash+1","Clothesline","Inflame+1","Bludgeon+1","Immolate","Immolate","Clothesline","Reaper","Disarm","Pommel Strike","Impervious+1","Demon Form+1","Sword Boomerang","Brutality"],"relics":["Snecko Eye","HornCleat","Golden Idol","Self Forming Clay","Paper Frog","Ice Cream","Bottled Flame","Tiny House","White Beast Statue","Tiny Chest","Gremlin Horn","Pandora\u0027s Box","Bag of Preparation","CaptainsWheel","Ancient Tea Set","TungstenRod","TheAbacus"],"acts_visited":["Exordium","TheCity","TheBeyond"],"potions_floor_usage":[23,23,33,50],"damage_taken":[{"damage":0.0,"enemies":"Cultist","floor":1.0,"turns":2.0},{"damage":0.0,"enemies":"Jaw Worm","floor":2.0,"turns":2.0},{"damage":7.0,"enemies":"2 Louse","floor":5.0,"turns":2.0},{"damage":0.0,"enemies":"Gremlin Nob","floor":6.0,"turns":3.0},{"damage":0.0,"enemies":"2 Fungi Beasts","floor":7.0,"turns":2.0},{"damage":33,"enemies":"Lagavulin","floor":8,"turns":8},{"damage":0,"enemies":"Looter","floor":12,"turns":2},{"damage":25,"enemies":"3 Sentries","floor":14,"turns":7},{"damage":20,"enemies":"Slime Boss","floor":16,"turns":6},{"damage":16,"enemies":"Shell Parasite","floor":18,"turns":2},{"damage":12,"enemies":"2 Thieves","floor":19,"turns":3},{"damage":21,"enemies":"Centurion and Healer","floor":21,"turns":4},{"damage":18,"enemies":"Slavers","floor":23,"turns":3},{"damage":0,"enemies":"Snecko","floor":28,"turns":2},{"damage":0,"enemies":"Shelled Parasite and Fungi","floor":29,"turns":1},{"damage":0,"enemies":"Cultist and Chosen","floor":31,"turns":2},{"damage":16,"enemies":"Automaton","floor":33,"turns":5},{"damage":0,"enemies":"3 Shapes","floor":35,"turns":2},{"damage":10,"enemies":"Orb Walker","floor":36,"turns":3},{"damage":4,"enemies":"Transient","floor":37,"turns":6},{"damage":0,"enemies":"Spire Growth","floor":38,"turns":2},{"damage":0,"enemies":"Nemesis","floor":40,"turns":3},{"damage":12,"enemies":"3 Darklings","floor":42,"turns":2},{"damage":13,"enemies":"2 Orb Walkers","floor":46,"turns":4},{"damage":0,"enemies":"Time Eater","floor":50,"turns":5}],"seed_played":"-3511019566197529565","potions_obtained":[{"floor":2.0,"key":"LiquidMemories"},{"floor":8,"key":"SpeedPotion"},{"floor":16,"key":"SteroidPotion"},{"floor":18,"key":"Regen Potion"},{"floor":21,"key":"HeartOfIron"},{"floor":28,"key":"PowerPotion"},{"floor":29,"key":"ElixirPotion"},{"floor":31,"key":"LiquidMemories"},{"floor":33,"key":"Weak Potion"},{"floor":35,"key":"PowerPotion"},{"floor":40,"key":"BloodPotion"}],"is_trial":false,"path_per_floor":["M","M","T","?","M","E","M","E","T","$","R","M","R","E","R","B",null,"M","M","$","M","?","E","?","R","T","$","M","M","$","M","R","B",null,"M","M","M","M","$","E","R","M","T","R","?","?","R","$","R","B",null],"character_chosen":"IRONCLAD","items_purchased":["Gremlin Horn","Bag of Preparation","TheAbacus"],"campfire_rested":5,"item_purchase_floors":[27,39,48],"current_hp_per_floor":[68,68,68,42,35,35,35,2,2,2,24,24,46,21,43,23,67,51,39,39,18,18,9,25,25,25,25,25,25,25,25,49,33,68,69,66,69,76,76,80,80,68,68,68,68,59,59,59,80,80],"gold":36,"neow_bonus":"BOSS_RELIC","is_daily":false,"chose_seed":false,"campfire_upgraded":4,"win_rate":0.0,"timestamp":1612393924,"path_taken":["M","M","?","?","M","E","M","E","T","?","R","M","R","E","R","BOSS","M","M","$","M","?","E","?","R","T","$","M","M","$","M","R","BOSS","M","M","M","M","$","E","R","M","T","R","?","?","R","$","R","BOSS"],"items_purchased_type":["Relic","Relic","Relic"],"build_version":"2020-12-22","purchased_purges":3,"victory":true,"max_hp_per_floor":[75,75,75,75,75,75,75,75,75,75,75,75,75,75,75,75,80,80,80,80,80,80,80,80,80,80,80,80,80,80,80,80,80,80,80,80,80,80,80,80,80,80,80,80,80,80,80,80,80,80],"card_choices":[{"not_picked":["Flex","Anger"],"picked":"Clothesline","floor":1.0},{"not_picked":["Clash","Anger","Armaments"],"picked":"SKIP","floor":2.0},{"not_picked":["Sword Boomerang","Wild Strike"],"picked":"Inflame","floor":5.0},{"not_picked":["Reckless Charge","Metallicize","Perfected Strike"],"picked":"SKIP","floor":6.0},{"not_picked":["Cleave","Body Slam","Wild Strike"],"picked":"SKIP","floor":7.0},{"not_picked":["Body Slam","Rampage","Cleave"],"picked":"SKIP","floor":8},{"not_picked":["Power Through","Thunderclap","Cleave"],"picked":"SKIP","floor":12},{"not_picked":["Anger","Dual Wield"],"picked":"Bludgeon","floor":14},{"not_picked":["Exhume","Offering"],"picked":"Immolate","floor":16},{"not_picked":["Bloodletting","Searing Blow","Headbutt"],"picked":"SKIP","floor":18},{"not_picked":["Rage","Infernal Blade"],"picked":"Immolate","floor":19},{"not_picked":["Headbutt","Spot Weakness","Twin Strike"],"picked":"SKIP","floor":21},{"not_picked":["Pommel Strike","Inflame"],"picked":"Clothesline","floor":23},{"not_picked":["Bloodletting","Metallicize+1","Thunderclap"],"picked":"SKIP","floor":28},{"not_picked":["Carnage","Clothesline","Brutality"],"picked":"SKIP","floor":29},{"not_picked":["Perfected Strike","Uppercut","Twin Strike"],"picked":"SKIP","floor":31},{"not_picked":["Berserk","Offering"],"picked":"Reaper","floor":33},{"not_picked":["Armaments","Twin Strike","Iron Wave"],"picked":"SKIP","floor":35},{"not_picked":["Blood for Blood","Sever Soul","Cleave"],"picked":"SKIP","floor":36},{"not_picked":["Reckless Charge","Headbutt","Anger"],"picked":"SKIP","floor":37},{"not_picked":["Ghostly Armor","Disarm","Headbutt"],"picked":"SKIP","floor":38},{"not_picked":["True Grit","Sever Soul","Clothesline"],"picked":"SKIP","floor":40},{"not_picked":["True Grit","Sever Soul","Clothesline"],"picked":"SKIP","floor":40},{"not_picked":["Perfected Strike","Twin Strike","Warcry"],"picked":"SKIP","floor":42}],"player_experience":474117,"relics_obtained":[{"floor":3.0,"key":"HornCleat"},{"floor":6.0,"key":"Self Forming Clay"},{"floor":8,"key":"Paper Frog"},{"floor":9,"key":"Ice Cream"},{"floor":14,"key":"Bottled Flame"},{"floor":23,"key":"White Beast Statue"},{"floor":26,"key":"Tiny Chest"},{"floor":40,"key":"CaptainsWheel"},{"floor":43,"key":"Ancient Tea Set"},{"floor":46,"key":"TungstenRod"}],"event_choices":[{"damage_healed":0.0,"max_hp_gain":0.0,"max_hp_loss":0.0,"gold_gain":0.0,"event_name":"Golden Idol","player_choice":"Take Damage","floor":4.0,"gold_loss":0.0,"damage_taken":26.0,"relics_obtained":["Golden Idol"]},{"damage_healed":0,"gold_gain":50,"player_choice":"Stole From Cult","damage_taken":0,"max_hp_gain":0,"max_hp_loss":0,"event_name":"Nest","floor":22,"gold_loss":0},{"damage_healed":16,"gold_gain":0,"player_choice":"Heal","damage_taken":0,"max_hp_gain":0,"max_hp_loss":0,"event_name":"The Library","floor":24,"gold_loss":0},{"damage_healed":0,"gold_gain":0,"player_choice":"Ignored","damage_taken":0,"max_hp_gain":0,"max_hp_loss":0,"event_name":"Tomb of Lord Red Mask","floor":45,"gold_loss":0},{"damage_healed":0,"gold_gain":0,"player_choice":"Fight","damage_taken":0,"max_hp_gain":0,"max_hp_loss":0,"event_name":"Mysterious Sphere","floor":46,"gold_loss":0}],"is_beta":false,"boss_relics":[{"not_picked":["Coffee Dripper","Runic Cube"],"picked":"Tiny House"},{"not_picked":["Astrolabe","Cursed Key"],"picked":"Pandora\u0027s Box"}],"items_purged_floors":[10,20,27],"is_endless":false,"potions_floor_spawned":[2,8,16,18,21,28,29,31,33,35,36,37,38,40,42,46],"ascension_level":17}}