{"host":"1c17lcvl7acx821p","time":1612329147,"event":{"mods":["AchievementEnabler","BaseMod","Bestiary","Colored Map","Minty Spire (QoL Compilation)","Quick Restart","Relic Sorter","StSLib","ojb\u0027s Better Paths Mod","ojb\u0027s Info Mod"],"gold_per_floor":[116,116,19,36,53,78,78,110,110,139,149,149,179,15,15,88,88,107,119,138,156,81,81,108,108,108,23,23,23,41,69,69,145,145,157,157,1156,1171,580,580,615,615,615,664,694,73,105,44,44,44],"floor_reached":51,"language":"ENG","playtime":2754,"items_purged":["Defend_B","Normality"],"score":1596,"play_id":"613b9043-cda2-4d30-bd70-a847fe16228d","local_time":"20210203071227","is_ascension_mode":true,"campfire_choices":[{"data":"Buffer","floor":12.0,"key":"SMITH"},{"data":"Recycle","floor":15.0,"key":"SMITH"},{"floor":23.0,"key":"REST"},{"data":"Coolheaded","floor":28.0,"key":"SMITH"},{"data":"Heatsinks","floor":32.0,"key":"SMITH"},{"data":"Defragment","floor":40.0,"key":"SMITH"},{"data":"Turbo","floor":42.0,"key":"SMITH"},{"data":"Defragment","floor":49,"key":"SMITH"}],"circlet_count":0,"master_deck":["AscendersBane","Zap+1","Dualcast","Glacier+1","Conserve Battery","Coolheaded+1","Biased Cognition+1","Gash","Buffer+1","Gash","Recycle+1","Heatsinks+1","Glacier","All For One","Force Field+1","Turbo+1","Chill+1","Reboot","Hello World","Beam Cell","Hello World","Biased Cognition","Rebound","Steam Power","Turbo","Multi-Cast","Stack+1","Normality","Defragment+1","Heatsinks","Scrape","Hologram+1","Defragment","Capacitor","Loop","Echo Form","Defragment+1","Storm","Capacitor","Hologram+1","White Noise"],"relics":["Cracked Core","NeowsBlessing","Strawberry","StrikeDummy","Gremlin Horn","Art of War","Bronze Scales","Kunai","Runic Pyramid","Toy Ornithopter","Eternal Feather","War Paint","Pandora\u0027s Box","Blue Candle","Runic Capacitor","The Courier","Prayer Wheel","Regal Pillow","Happy Flower","Ice Cream"],"acts_visited":["Exordium","TheCity","TheBeyond"],"potions_floor_usage":[45],"damage_taken":[{"damage":0.0,"enemies":"Small Slimes","floor":1.0,"turns":1.0},{"damage":0.0,"enemies":"Cultist","floor":4.0,"turns":1.0},{"damage":0.0,"enemies":"Jaw Worm","floor":5.0,"turns":1.0},{"damage":2.0,"enemies":"Lagavulin","floor":6.0,"turns":9.0},{"damage":10.0,"enemies":"Gremlin Nob","floor":8.0,"turns":5.0},{"damage":7.0,"enemies":"Lagavulin","floor":10.0,"turns":9.0},{"damage":7.0,"enemies":"3 Louse","floor":11.0,"turns":3.0},{"damage":15.0,"enemies":"3 Sentries","floor":13.0,"turns":7.0},{"damage":13.0,"enemies":"Hexaghost","floor":16.0,"turns":11.0},{"damage":21.0,"enemies":"2 Thieves","floor":18.0,"turns":4.0},{"damage":4.0,"enemies":"3 Byrds","floor":19.0,"turns":3.0},{"damage":12.0,"enemies":"3 Cultists","floor":20.0,"turns":5.0},{"damage":0.0,"enemies":"Cultist and Chosen","floor":21.0,"turns":7.0},{"damage":3.0,"enemies":"Slavers","floor":24.0,"turns":6.0},{"damage":0.0,"enemies":"Snake Plant","floor":30.0,"turns":4.0},{"damage":0.0,"enemies":"Gremlin Leader","floor":31.0,"turns":6.0},{"damage":28.0,"enemies":"Champ","floor":33.0,"turns":21.0},{"damage":1.0,"enemies":"3 Darklings","floor":35.0,"turns":5.0},{"damage":0.0,"enemies":"Orb Walker","floor":38.0,"turns":4.0},{"damage":20.0,"enemies":"Nemesis","floor":41.0,"turns":7.0},{"damage":34.0,"enemies":"2 Orb Walkers","floor":44.0,"turns":4.0},{"damage":6,"enemies":"Reptomancer","floor":45,"turns":5},{"damage":0,"enemies":"Nemesis","floor":47,"turns":5},{"damage":29,"enemies":"Time Eater","floor":50,"turns":11}],"seed_played":"6272576067466920478","potions_obtained":[{"floor":4.0,"key":"CultistPotion"},{"floor":5.0,"key":"EssenceOfSteel"},{"floor":10.0,"key":"Swift Potion"},{"floor":19.0,"key":"FearPotion"},{"floor":30.0,"key":"Explosive Potion"},{"floor":31.0,"key":"GamblersBrew"},{"floor":35.0,"key":"ColorlessPotion"},{"floor":44.0,"key":"PotionOfCapacity"}],"is_trial":false,"path_per_floor":["M","?","$","M","M","E","?","E","T","E","M","R","E","$","R","B",null,"M","M","M","M","?","R","E","?","T","$","R","?","M","E","R","B",null,"M","?","?","M","$","R","E","R","T","?","E","$","E","$","R","B",null],"character_chosen":"DEFECT","items_purchased":["Glacier","Conserve Battery","Glacier","Self Repair","Blue Candle","Runic Capacitor","PowerPotion","Defragment","Capacitor","Loop","Happy Flower","Echo Form","Defragment","Storm","Capacitor","White Noise"],"campfire_rested":1,"item_purchase_floors":[3,3,14,27,39,39,39,46,46,46,46,46,46,46,46,48],"current_hp_per_floor":[64,71,71,71,71,69,69,59,59,52,45,45,30,30,30,17,63,42,38,26,26,26,49,46,24,24,24,39,39,46,58,73,57,77,83,83,83,83,83,83,63,81,81,47,46,46,46,46,70,41],"gold":44,"neow_bonus":"THREE_ENEMY_KILL","is_daily":false,"chose_seed":false,"campfire_upgraded":7,"win_rate":0.0,"timestamp":1612329147,"path_taken":["M","?","?","M","M","E","?","E","T","E","M","R","E","$","R","BOSS","M","M","M","M","?","R","E","?","T","$","R","?","M","E","R","BOSS","M","?","?","M","$","R","E","R","T","?","E","$","E","$","R","BOSS"],"items_purchased_type":["Card","Card","Card","Card","Relic","Relic","Potion","Card","Card","Card","Relic","Card","Card","Card","Card","Card"],"build_version":"2020-12-22","purchased_purges":2,"victory":true,"max_hp_per_floor":[71,78,78,78,78,78,78,78,78,78,78,78,78,78,78,78,78,78,78,78,78,78,78,78,83,83,83,83,83,83,83,83,83,83,83,83,83,83,83,83,83,83,83,83,83,83,83,83,83,83],"card_choices":[{"not_picked":["Go for the Eyes","Redo"],"picked":"Gash","floor":1.0},{"not_picked":["Reprogram","Fusion"],"picked":"Coolheaded","floor":4.0},{"not_picked":["Static Discharge","Steam Power"],"picked":"Biased Cognition","floor":5.0},{"not_picked":["Scrape","Go for the Eyes"],"picked":"Gash","floor":6.0},{"not_picked":["Beam Cell","Coolheaded"],"picked":"Buffer","floor":8.0},{"not_picked":["Reinforced Body","Recycle"],"picked":"Gash","floor":10.0},{"not_picked":["Scrape","Aggregate"],"picked":"Recycle","floor":11.0},{"not_picked":["Hello World","Leap"],"picked":"Heatsinks","floor":13.0},{"not_picked":["Creative AI","Multi-Cast"],"picked":"All For One","floor":16.0},{"not_picked":["Coolheaded","Barrage"],"picked":"Force Field+1","floor":18.0},{"not_picked":["Blizzard","Beam Cell"],"picked":"Turbo","floor":19.0},{"not_picked":["Rebound","Steam Power"],"picked":"Chill+1","floor":20.0},{"not_picked":["Conserve Battery+1","Barrage"],"picked":"Reboot","floor":21.0},{"not_picked":["Conserve Battery+1","Ball Lightning"],"picked":"Hello World","floor":24.0},{"not_picked":["Hyperbeam","Beam Cell+1","Go for the Eyes"],"picked":"SKIP","floor":30.0},{"not_picked":["Reprogram+1","Rebound","Streamline"],"picked":"SKIP","floor":31.0},{"not_picked":["Reboot","Electrodynamics"],"picked":"Biased Cognition","floor":33.0},{"not_picked":["Rebound","Coolheaded"],"picked":"Stack+1","floor":35.0},{"not_picked":["Turbo+1","Reprogram"],"picked":"Defragment","floor":38.0},{"not_picked":["Hello World+1","Doom and Gloom"],"picked":"Heatsinks","floor":41.0},{"not_picked":["Force Field","Conserve Battery"],"picked":"Scrape","floor":44.0},{"not_picked":["FTL","Aggregate"],"picked":"Hologram+1","floor":45},{"not_picked":["Recycle","Rebound"],"picked":"Hologram+1","floor":47}],"player_experience":279047,"relics_obtained":[{"floor":6.0,"key":"StrikeDummy"},{"floor":8.0,"key":"Gremlin Horn"},{"floor":9.0,"key":"Art of War"},{"floor":10.0,"key":"Bronze Scales"},{"floor":13.0,"key":"Kunai"},{"floor":24.0,"key":"Toy Ornithopter"},{"floor":26.0,"key":"Eternal Feather"},{"floor":31.0,"key":"War Paint"},{"floor":41.0,"key":"The Courier"},{"floor":44.0,"key":"Prayer Wheel"},{"floor":45,"key":"Regal Pillow"},{"floor":47,"key":"Ice Cream"}],"event_choices":[{"cards_removed":["Gash"],"damage_healed":0.0,"max_hp_gain":0.0,"max_hp_loss":0.0,"gold_gain":0.0,"event_name":"WeMeetAgain","player_choice":"Gave Card","floor":2.0,"gold_loss":0.0,"damage_taken":0.0,"relics_obtained":["Strawberry"]},{"damage_healed":0.0,"max_hp_gain":0.0,"max_hp_loss":0.0,"gold_gain":0.0,"event_name":"Living Wall","player_choice":"Grow","floor":7.0,"gold_loss":0.0,"damage_taken":0.0,"cards_upgraded":["Biased Cognition"]},{"cards_removed":["Strike_B"],"damage_healed":0.0,"max_hp_gain":0.0,"max_hp_loss":0.0,"gold_gain":0.0,"event_name":"Beggar","player_choice":"Gave Gold","floor":22.0,"gold_loss":75.0,"damage_taken":0.0},{"damage_healed":0.0,"max_hp_gain":5.0,"max_hp_loss":0.0,"gold_gain":0.0,"event_name":"Forgotten Altar","player_choice":"Shed Blood","floor":25.0,"gold_loss":0.0,"damage_taken":27.0},{"damage_healed":0.0,"max_hp_gain":0.0,"max_hp_loss":0.0,"gold_gain":0.0,"cards_transformed":["Strike_B","Defend_B"],"event_name":"Drug Dealer","player_choice":"Became Test Subject","floor":29.0,"gold_loss":0.0,"damage_taken":0.0,"cards_obtained":["Beam Cell","Hello World"]},{"cards_removed":["Self Repair"],"damage_healed":0.0,"max_hp_gain":0.0,"max_hp_loss":0.0,"gold_gain":0.0,"event_name":"Falling","player_choice":"Removed Power","floor":36.0,"gold_loss":0.0,"damage_taken":0.0},{"damage_healed":0.0,"max_hp_gain":0.0,"max_hp_loss":0.0,"gold_gain":999.0,"event_name":"MindBloom","player_choice":"Gold","floor":37.0,"gold_loss":0.0,"damage_taken":0.0,"cards_obtained":["Normality","Normality"]},{"damage_healed":0.0,"max_hp_gain":0.0,"max_hp_loss":0.0,"gold_gain":0.0,"event_name":"Mysterious Sphere","player_choice":"Fight","floor":44.0,"gold_loss":0.0,"damage_taken":0.0}],"is_beta":false,"boss_relics":[{"not_picked":["Tiny House","Calling Bell"],"picked":"Runic Pyramid"},{"not_picked":["SacredBark","Philosopher\u0027s Stone"],"picked":"Pandora\u0027s Box"}],"items_purged_floors":[14,39],"is_endless":false,"potions_floor_spawned":[4,5,10,11,16,19,20,21,30,31,35,44],"ascension_level":17}}