{"host":"49c2zf0lajbcs427","time":1612333274,"event":{"mods":["AchievementEnabler","BaseMod","Colored Map","Colored Powertips","Highlight Path","Key Reminder","Minty Spire (QoL Compilation)","Relic Stats","StSLib"],"gold_per_floor":[110,129,129,142,64,64,100,100,150,125,158,158,24,24,24,145,145,166,191,216,269,40,40,379,393,393,409,450,450,471,471,471,600,600,616,616,666,140,158,198,216,232,303,344,344,344,363,363,363,363,363,363,16,56,56,56],"floor_reached":55,"language":"ENG","playtime":3815,"items_purged":["Shame","Shame"],"score":1177,"play_id":"d167b299-ab64-451a-9023-eaf3ef8bf4a3","local_time":"20210203192114","is_ascension_mode":true,"campfire_choices":[{"data":"Ball Lightning","floor":6.0,"key":"SMITH"},{"data":"Melter","floor":8.0,"key":"SMITH"},{"data":"Undo","floor":12.0,"key":"SMITH"},{"data":"Consume","floor":15.0,"key":"SMITH"},{"data":"Defragment","floor":23,"key":"SMITH"},{"floor":32,"key":"REST"},{"floor":45,"key":"RECALL"},{"data":"Defragment","floor":49,"key":"SMITH"},{"floor":52,"key":"REST"}],"circlet_count":0,"master_deck":["Defend_B","Defend_B","Defend_B","Defend_B","Zap","Dualcast","Ball Lightning+1","Melter+1","Compile Driver","Compile Driver","Undo+1","Consume+1","Electrodynamics","White Noise","Capacitor","Defragment+1","Defragment+1","Core Surge","Doom and Gloom","Cold Snap","Loop","Bite","Bite","Bite","Bite","Bite","Sunder","Defragment","Buffer","Apotheosis","Cold Snap+1","Coolheaded+1","Skim","Defragment","Stack","Fusion","Doom and Gloom","Biased Cognition"],"relics":["Snecko Eye","Golden Idol","Tiny Chest","Potion Belt","Boot","Nuclear Battery","Akabeko","DollysMirror","Old Coin","PreservedInsect","Darkstone Periapt","Cursed Key","DataDisk","Membership Card","Happy Flower","Singing Bowl","Anchor","Kunai","OrangePellets","Blue Candle"],"acts_visited":["Exordium","TheCity","TheBeyond","TheEnding"],"potions_floor_usage":[27,50,50,55,55,55,55,55],"damage_taken":[{"damage":2.0,"enemies":"Small Slimes","floor":1.0,"turns":4.0},{"damage":8.0,"enemies":"2 Louse","floor":2.0,"turns":3.0},{"damage":1.0,"enemies":"Cultist","floor":4.0,"turns":4.0},{"damage":20.0,"enemies":"3 Sentries","floor":7.0,"turns":6.0},{"damage":5.0,"enemies":"Lagavulin","floor":11.0,"turns":5.0},{"damage":7.0,"enemies":"Hexaghost","floor":16.0,"turns":9.0},{"damage":7.0,"enemies":"3 Byrds","floor":18.0,"turns":3.0},{"damage":0.0,"enemies":"2 Thieves","floor":19.0,"turns":2.0},{"damage":7,"enemies":"Centurion and Healer","floor":20,"turns":5},{"damage":0,"enemies":"Gremlin Leader","floor":24,"turns":5},{"damage":32,"enemies":"3 Cultists","floor":25,"turns":4},{"damage":27,"enemies":"Snake Plant","floor":27,"turns":3},{"damage":8,"enemies":"Slavers","floor":28,"turns":2},{"damage":0,"enemies":"Sentry and Sphere","floor":30,"turns":2},{"damage":14,"enemies":"Collector","floor":33,"turns":6},{"damage":8,"enemies":"Orb Walker","floor":35,"turns":2},{"damage":5,"enemies":"3 Shapes","floor":39,"turns":6},{"damage":10,"enemies":"Giant Head","floor":40,"turns":8},{"damage":0,"enemies":"Sphere and 2 Shapes","floor":41,"turns":2},{"damage":1,"enemies":"Transient","floor":42,"turns":5},{"damage":0,"enemies":"Nemesis","floor":44,"turns":5},{"damage":2,"enemies":"Jaw Worm Horde","floor":47,"turns":3},{"damage":81,"enemies":"Awakened One","floor":50,"turns":12},{"damage":31,"enemies":"Shield and Spear","floor":54,"turns":5},{"damage":54,"enemies":"The Heart","floor":55,"turns":8}],"seed_played":"-5921145917912926354","potions_obtained":[{"floor":4.0,"key":"Fire Potion"},{"floor":11.0,"key":"DistilledChaos"},{"floor":19.0,"key":"LiquidBronze"},{"floor":27,"key":"EssenceOfSteel"},{"floor":28,"key":"SneckoOil"},{"floor":33,"key":"AttackPotion"},{"floor":35,"key":"Regen Potion"},{"floor":40,"key":"AttackPotion"},{"floor":46,"key":"Swift Potion"},{"floor":47,"key":"FocusPotion"},{"floor":54,"key":"PotionOfCapacity"}],"is_trial":false,"path_per_floor":["M","M","?","M","$","R","E","R","T","?","E","R","$","?","R","B",null,"M","M","M","T","$","R","E","M","T","M","E","?","M","?","R","B",null,"M","?","T","$","M","E","M","M","T","E","R","?","M","T","R","B",null,"R","$","E","B"],"character_chosen":"DEFECT","items_purchased":["Compile Driver","Fire Potion","FairyPotion","Consume","Defragment","DollysMirror","Membership Card","Happy Flower","Singing Bowl","Apotheosis","PowerPotion","FocusPotion","Defragment","OrangePellets","CultistPotion","Ancient Potion","Stack","Fusion","Doom and Gloom"],"campfire_rested":2,"item_purchase_floors":[5,5,13,13,22,22,38,38,38,38,38,38,53,53,53,53,53,53,53],"current_hp_per_floor":[66,58,40,39,39,39,19,19,19,19,14,14,14,14,14,7,58,51,51,44,44,44,44,44,12,12,14,6,6,10,10,25,17,43,39,39,45,45,45,52,60,64,70,70,70,70,70,70,70,19,57,70,70,45,0,0],"gold":56,"neow_bonus":"BOSS_RELIC","is_daily":false,"chose_seed":false,"campfire_upgraded":6,"win_rate":0.0,"timestamp":1612333274,"path_taken":["M","M","?","M","$","R","E","R","T","?","E","R","$","?","R","BOSS","M","?","M","?","$","R","E","M","T","M","E","?","M","?","R","BOSS","M","?","?","?","M","E","M","?","T","E","R","?","M","?","R","BOSS","R","$","E","BOSS"],"items_purchased_type":["Card","Potion","Potion","Card","Card","Relic","Relic","Relic","Relic","Card","Potion","Potion","Card","Relic","Potion","Potion","Card","Card","Card"],"build_version":"2020-12-22","purchased_purges":2,"victory":false,"max_hp_per_floor":[75,75,75,75,75,75,75,75,75,75,75,75,75,75,75,75,75,75,75,75,75,75,75,75,75,75,75,75,52,52,52,52,52,52,52,52,58,58,58,60,62,64,70,70,70,70,70,70,70,70,70,70,70,70,70,70],"relic_stats":{"Darkstone Periapt":12,"Happy Flower":[18],"Singing Bowl":6,"counters":[25,119],"Golden Idol":174,"Blue Candle":[0],"PreservedInsect":281,"Boot":[35],"Cursed Key":2,"OrangePellets":[5],"Snecko Eye":[205,190,197,221],"Tiny Chest":3,"Kunai":[10],"obtain_stats":[{"Potion Belt":9,"Darkstone Periapt":28,"Happy Flower":38,"Singing Bowl":38,"Golden Idol":3,"Blue Candle":54,"PreservedInsect":26,"Boot":11,"Cursed Key":34,"Akabeko":21,"Nuclear Battery":17,"Old Coin":24,"keyreminder:keyreminder":40,"OrangePellets":53,"DataDisk":37,"Anchor":40,"DollysMirror":22,"Snecko Eye":0,"Tiny Chest":7,"Membership Card":38,"Kunai":44,"Cracked Core":0},{"Potion Belt":4,"Darkstone Periapt":13,"Happy Flower":16,"Singing Bowl":16,"Golden Idol":2,"Blue Candle":24,"PreservedInsect":11,"Boot":5,"Cursed Key":15,"Akabeko":9,"Nuclear Battery":6,"Old Coin":10,"keyreminder:keyreminder":18,"OrangePellets":23,"DataDisk":16,"Anchor":18,"DollysMirror":9,"Snecko Eye":0,"Tiny Chest":4,"Membership Card":16,"Kunai":21,"Cracked Core":0},{"Potion Belt":17,"Darkstone Periapt":55,"Happy Flower":65,"Singing Bowl":65,"Golden Idol":7,"Blue Candle":111,"PreservedInsect":50,"Boot":22,"Cursed Key":63,"Akabeko":41,"Nuclear Battery":31,"Old Coin":46,"keyreminder:keyreminder":79,"OrangePellets":106,"DataDisk":65,"Anchor":79,"DollysMirror":41,"Snecko Eye":0,"Tiny Chest":17,"Membership Card":65,"Kunai":91,"Cracked Core":0}]},"card_choices":[{"not_picked":["Turbo","White Noise"],"picked":"Ball Lightning","floor":1.0},{"not_picked":["Storm","Redo"],"picked":"Melter","floor":2.0},{"not_picked":["Rebound","Gash"],"picked":"Compile Driver","floor":4.0},{"not_picked":["Sweeping Beam","Compile Driver","Storm"],"picked":"SKIP","floor":7.0},{"not_picked":["Hello World","Barrage"],"picked":"Undo","floor":11.0},{"not_picked":["Rainbow","Amplify"],"picked":"Electrodynamics","floor":16.0},{"not_picked":["Rebound","Darkness","Beam Cell"],"picked":"SKIP","floor":18.0},{"not_picked":["Go for the Eyes","Streamline"],"picked":"White Noise","floor":19.0},{"not_picked":["Gash+1","Hologram"],"picked":"Capacitor","floor":20},{"not_picked":["Sweeping Beam+1","Conserve Battery"],"picked":"Core Surge","floor":24},{"not_picked":["Leap","Rebound+1"],"picked":"Doom and Gloom","floor":25},{"not_picked":["Gash","Steam"],"picked":"Cold Snap","floor":27},{"not_picked":["Ball Lightning","Seek"],"picked":"Loop","floor":28},{"not_picked":["Hologram","Steam"],"picked":"Sunder","floor":30},{"not_picked":["Hyperbeam","Amplify"],"picked":"Buffer","floor":33},{"not_picked":["Sweeping Beam","Redo+1","Gash"],"picked":"SKIP","floor":35},{"not_picked":["Leap","Lockon"],"picked":"Cold Snap+1","floor":39},{"not_picked":["Undo+1","Sweeping Beam","Hologram+1"],"picked":"Singing Bowl","floor":40},{"not_picked":["Sweeping Beam+1","Chaos","Beam Cell+1"],"picked":"Singing Bowl","floor":41},{"not_picked":["Gash+1","Rebound","Core Surge"],"picked":"Singing Bowl","floor":42},{"not_picked":["Rebound+1","Blizzard+1"],"picked":"Coolheaded+1","floor":44},{"not_picked":["Beam Cell","Genetic Algorithm"],"picked":"Skim","floor":47},{"not_picked":["Hologram","Turbo"],"picked":"Biased Cognition","floor":54}],"player_experience":2384825,"relics_obtained":[{"floor":7.0,"key":"Tiny Chest"},{"floor":9.0,"key":"Potion Belt"},{"floor":11.0,"key":"Boot"},{"floor":21,"key":"Akabeko"},{"floor":24,"key":"Old Coin"},{"floor":26,"key":"PreservedInsect"},{"floor":28,"key":"Darkstone Periapt"},{"floor":37,"key":"DataDisk"},{"floor":40,"key":"Anchor"},{"floor":44,"key":"Kunai"},{"floor":54,"key":"Blue Candle"}],"event_choices":[{"damage_healed":0.0,"max_hp_gain":0.0,"max_hp_loss":0.0,"gold_gain":0.0,"event_name":"Golden Idol","player_choice":"Take Damage","floor":3.0,"gold_loss":0.0,"damage_taken":18.0,"relics_obtained":["Golden Idol"]},{"damage_healed":0.0,"max_hp_gain":0.0,"max_hp_loss":0.0,"gold_gain":0.0,"event_name":"World of Goop","player_choice":"Left Gold","floor":10.0,"gold_loss":25.0,"damage_taken":0.0},{"cards_removed":["Strike_B"],"damage_healed":0.0,"max_hp_gain":0.0,"max_hp_loss":0.0,"gold_gain":0.0,"event_name":"Bonfire Elementals","player_choice":"Offered Basic","floor":14.0,"gold_loss":0.0,"damage_taken":0.0},{"damage_healed":0,"gold_gain":0,"player_choice":"Became a vampire","damage_taken":0,"max_hp_gain":0,"max_hp_loss":23,"event_name":"Vampires","floor":29,"gold_loss":0,"cards_obtained":["Bite","Bite","Bite","Bite","Bite"]},{"damage_healed":0,"gold_gain":0,"player_choice":"Read","damage_taken":0,"max_hp_gain":0,"max_hp_loss":0,"event_name":"The Library","floor":31,"gold_loss":0,"cards_obtained":["Defragment"]},{"damage_healed":0,"gold_gain":0,"player_choice":"Ignored","damage_taken":0,"max_hp_gain":0,"max_hp_loss":0,"event_name":"Mysterious Sphere","floor":36,"gold_loss":0},{"damage_healed":0,"gold_gain":0,"player_choice":"Got Potions","damage_taken":0,"max_hp_gain":0,"max_hp_loss":0,"event_name":"Lab","floor":46,"gold_loss":0}],"is_beta":false,"boss_relics":[{"not_picked":["Runic Pyramid","SacredBark"],"picked":"Nuclear Battery"},{"not_picked":["Calling Bell","Philosopher\u0027s Stone"],"picked":"Cursed Key"}],"items_purged_floors":[38,53],"is_endless":false,"potions_floor_spawned":[4,11,19,27,28,33,35,39,40,47,54],"killed_by":"The Heart","ascension_level":7}}