{"host":"nwd160me4iqdtr8u","time":1612356723,"event":{"mods":["AchievementEnabler","Act Like it!","BaseMod","Colored Map","DeckTracker","Keyboard Shortcuts","Minty Spire (QoL Compilation)","Quick Restart","Rare Cards Sparkle","Smile Girya","StSLib","SuperFastMode","everything is the same but u backflip on backflip"],"gold_per_floor":[111,261,261,261,276,276,315,334,334,334,349,362,382,44,44,133,133,154,154,178,202,34,34,59,99,99,117,42,66,82,32,32,130,130,153,214,234,258,35,35,60,74,152,152,152,175,200,231,231,231,231],"floor_reached":52,"language":"KOR","playtime":3052,"items_purged":["Strike_G","Strike_G"],"score":2010,"play_id":"3710a332-e64e-4b16-9151-cfee74cf52ce","local_time":"20210203215203","is_ascension_mode":true,"campfire_choices":[{"data":"Neutralize","floor":6.0,"key":"SMITH"},{"data":"Blade Dance","floor":10.0,"key":"SMITH"},{"floor":15.0,"key":"REST"},{"data":"Burst","floor":23.0,"key":"SMITH"},{"data":"Catalyst","floor":32.0,"key":"SMITH"},{"data":"Cloak And Dagger","floor":40.0,"key":"SMITH"},{"data":"Backflip","floor":45.0,"key":"SMITH"},{"floor":49.0,"key":"REST"}],"circlet_count":0,"master_deck":["AscendersBane","Strike_G","Strike_G","Defend_G","Defend_G","Defend_G","Defend_G","Defend_G","Survivor","Neutralize+1","Backflip+1","All Out Attack","Poisoned Stab","Blade Dance+1","Cloak And Dagger+1","Well Laid Plans+1","Wraith Form v2+1","Corpse Explosion","Finisher+1","Catalyst+1","Burst+1","Infinite Blades+1","After Image+1","PiercingWail+1","PiercingWail","Dodge and Roll","Concentrate","Accuracy+1"],"relics":["Ring of the Snake","NeowsBlessing","Golden Idol","Mercury Hourglass","Frozen Egg 2","Dead Branch","Philosopher\u0027s Stone","Oddly Smooth Stone","Smiling Mask","Busted Crown","Lizard Tail","Potion Belt","Gremlin Horn","Pocketwatch"],"acts_visited":["Exordium","TheCity","TheBeyond"],"potions_floor_usage":[51],"damage_taken":[{"damage":0.0,"enemies":"Small Slimes","floor":1.0,"turns":1.0},{"damage":0.0,"enemies":"Jaw Worm","floor":5.0,"turns":1.0},{"damage":0.0,"enemies":"3 Sentries","floor":7.0,"turns":1.0},{"damage":9.0,"enemies":"2 Louse","floor":8.0,"turns":2.0},{"damage":15.0,"enemies":"Exordium Wildlife","floor":11.0,"turns":4.0},{"damage":0.0,"enemies":"Looter","floor":12.0,"turns":2.0},{"damage":0.0,"enemies":"Gremlin Gang","floor":13.0,"turns":3.0},{"damage":0.0,"enemies":"Slime Boss","floor":16.0,"turns":5.0},{"damage":1.0,"enemies":"Spheric Guardian","floor":18.0,"turns":5.0},{"damage":1.0,"enemies":"Shell Parasite","floor":20.0,"turns":7.0},{"damage":0.0,"enemies":"Sentry and Sphere","floor":21.0,"turns":3.0},{"damage":0.0,"enemies":"3 Cultists","floor":24.0,"turns":3.0},{"damage":7.0,"enemies":"Gremlin Leader","floor":25.0,"turns":8.0},{"damage":13.0,"enemies":"Shelled Parasite and Fungi","floor":27.0,"turns":6.0},{"damage":3.0,"enemies":"Snake Plant","floor":29.0,"turns":5.0},{"damage":0.0,"enemies":"3 Cultists","floor":30.0,"turns":2.0},{"damage":22.0,"enemies":"Automaton","floor":33.0,"turns":11.0},{"damage":0.0,"enemies":"Orb Walker","floor":35.0,"turns":3.0},{"damage":0.0,"enemies":"2 Orb Walkers","floor":36.0,"turns":4.0},{"damage":0.0,"enemies":"3 Shapes","floor":37.0,"turns":3.0},{"damage":5.0,"enemies":"Writhing Mass","floor":38.0,"turns":4.0},{"damage":1.0,"enemies":"Jaw Worm Horde","floor":41.0,"turns":4.0},{"damage":5.0,"enemies":"4 Shapes","floor":42.0,"turns":5.0},{"damage":0.0,"enemies":"Sphere and 2 Shapes","floor":46.0,"turns":4.0},{"damage":11.0,"enemies":"Maw","floor":47.0,"turns":7.0},{"damage":0.0,"enemies":"Mind Bloom Boss Battle","floor":48.0,"turns":5.0},{"damage":0.0,"enemies":"Time Eater","floor":50.0,"turns":6.0},{"damage":31,"enemies":"Awakened One","floor":51,"turns":17}],"seed_played":"2815872920579445427","potions_obtained":[{"floor":5.0,"key":"BlessingOfTheForge"},{"floor":8.0,"key":"Fire Potion"},{"floor":11.0,"key":"LiquidBronze"},{"floor":13.0,"key":"LiquidMemories"},{"floor":16.0,"key":"Swift Potion"},{"floor":24.0,"key":"LiquidBronze"},{"floor":25.0,"key":"GhostInAJar"},{"floor":27.0,"key":"Fruit Juice"},{"floor":29.0,"key":"Fire Potion"},{"floor":30.0,"key":"GhostInAJar"},{"floor":36.0,"key":"CultistPotion"},{"floor":41.0,"key":"BlessingOfTheForge"},{"floor":46.0,"key":"CultistPotion"},{"floor":48.0,"key":"SneckoOil"}],"is_trial":false,"path_per_floor":["M","?","?","?","M","R","E","M","T","R","M","M","M","$","R","B",null,"M","?","M","M","$","R","M","E","T","M","?","M","M","$","R","B",null,"M","?","M","M","$","R","M","M","T","?","R","M","M","?","R","B","B",null],"character_chosen":"THE_SILENT","items_purchased":["Dead Branch","Burst","Potion Belt"],"campfire_rested":2,"item_purchase_floors":[14,22,39],"current_hp_per_floor":[59,59,59,59,59,59,59,50,50,50,35,35,35,35,53,53,58,57,51,50,50,50,50,50,43,43,35,35,32,32,32,32,10,51,51,51,51,46,46,46,45,40,40,40,40,40,29,29,47,47,16],"gold":231,"neow_bonus":"THREE_ENEMY_KILL","is_daily":false,"chose_seed":false,"campfire_upgraded":6,"win_rate":0.0,"timestamp":1612356723,"path_taken":["M","?","?","?","M","R","E","?","T","R","M","M","M","$","R","BOSS","BOSS","M","?","?","M","$","R","M","E","T","M","?","M","M","?","R","BOSS","M","?","M","M","$","R","M","M","T","?","R","M","M","?","R","BOSS","BOSS"],"items_purchased_type":["Relic","Card","Relic"],"build_version":"2020-12-22","purchased_purges":2,"victory":true,"max_hp_per_floor":[66,66,66,60,60,60,60,60,60,60,60,60,60,60,60,60,60,60,60,60,60,60,60,60,60,60,65,65,65,65,65,65,65,65,65,65,65,65,65,65,65,65,65,62,62,62,62,62,62,62,62],"card_choices":[{"not_picked":["Sucker Punch","Deflect"],"picked":"Backflip","floor":1.0},{"not_picked":["Quick Slash","Underhanded Strike"],"picked":"All Out Attack","floor":5.0},{"not_picked":["Infinite Blades","Bullet Time"],"picked":"Poisoned Stab","floor":7.0},{"not_picked":["Distraction","Expertise"],"picked":"Blade Dance","floor":8.0},{"not_picked":["Dodge and Roll","Backflip"],"picked":"Cloak And Dagger","floor":11.0},{"not_picked":["Acrobatics","Finisher"],"picked":"Well Laid Plans+1","floor":12.0},{"not_picked":["Setup","Accuracy+1"],"picked":"Wraith Form v2+1","floor":13.0},{"not_picked":["Bullet Time","After Image+1"],"picked":"Corpse Explosion","floor":16.0},{"not_picked":["Outmaneuver","Deflect","Cloak And Dagger"],"picked":"SKIP","floor":18.0},{"not_picked":["Well Laid Plans+1","Slice"],"picked":"Finisher+1","floor":20.0},{"not_picked":["Blade Dance","Phantasmal Killer"],"picked":"Catalyst","floor":21.0},{"not_picked":["Underhanded Strike","Riddle With Holes","Skewer"],"picked":"SKIP","floor":24.0},{"not_picked":["Underhanded Strike","Riddle With Holes","Skewer"],"picked":"SKIP","floor":24.0},{"not_picked":["Blade Dance","Well Laid Plans+1"],"picked":"Infinite Blades+1","floor":25.0},{"not_picked":["Bane+1","Flying Knee","Slice"],"picked":"SKIP","floor":27.0},{"not_picked":["Deflect","Glass Knife","Sucker Punch"],"picked":"SKIP","floor":29.0},{"not_picked":["Underhanded Strike","Riddle With Holes","Cloak And Dagger"],"picked":"SKIP","floor":30.0},{"not_picked":["Glass Knife","Phantasmal Killer"],"picked":"After Image+1","floor":33.0},{"not_picked":[],"picked":"PiercingWail+1","floor":35.0},{"not_picked":[],"picked":"PiercingWail","floor":37.0},{"not_picked":["Glass Knife"],"picked":"SKIP","floor":38.0},{"not_picked":["Finisher"],"picked":"SKIP","floor":41.0},{"not_picked":["Masterful Stab"],"picked":"SKIP","floor":42.0},{"not_picked":[],"picked":"Dodge and Roll","floor":46.0},{"not_picked":[],"picked":"Concentrate","floor":47.0},{"not_picked":[],"picked":"Accuracy+1","floor":48.0}],"player_experience":383401,"relics_obtained":[{"floor":7.0,"key":"Mercury Hourglass"},{"floor":9.0,"key":"Frozen Egg 2"},{"floor":25.0,"key":"Oddly Smooth Stone"},{"floor":26.0,"key":"Smiling Mask"},{"floor":36.0,"key":"Lizard Tail"},{"floor":43.0,"key":"Gremlin Horn"},{"floor":48.0,"key":"Pocketwatch"}],"event_choices":[{"damage_healed":0.0,"max_hp_gain":0.0,"max_hp_loss":0.0,"gold_gain":150.0,"event_name":"Liars Game","player_choice":"AGREE","floor":2.0,"gold_loss":0.0,"damage_taken":0.0,"cards_obtained":["Doubt"]},{"cards_removed":["Doubt"],"damage_healed":0.0,"max_hp_gain":0.0,"max_hp_loss":0.0,"gold_gain":0.0,"event_name":"Living Wall","player_choice":"Forget","floor":3.0,"gold_loss":0.0,"damage_taken":0.0},{"damage_healed":0.0,"max_hp_gain":0.0,"max_hp_loss":6.0,"gold_gain":0.0,"event_name":"Golden Idol","player_choice":"Lose Max HP","floor":4.0,"gold_loss":0.0,"damage_taken":0.0,"relics_obtained":["Golden Idol"]},{"damage_healed":0.0,"max_hp_gain":0.0,"max_hp_loss":0.0,"gold_gain":0.0,"event_name":"Knowing Skull","player_choice":"","floor":19.0,"potions_obtained":[],"gold_loss":0.0,"damage_taken":6.0,"cards_obtained":[]},{"cards_removed":["Strike_G"],"damage_healed":0.0,"max_hp_gain":0.0,"max_hp_loss":0.0,"gold_gain":0.0,"event_name":"Beggar","player_choice":"Gave Gold","floor":28.0,"gold_loss":75.0,"damage_taken":0.0},{"damage_healed":0.0,"max_hp_gain":0.0,"max_hp_loss":0.0,"gold_gain":0.0,"event_name":"Mysterious Sphere","player_choice":"Fight","floor":36.0,"gold_loss":0.0,"damage_taken":0.0},{"damage_healed":0.0,"max_hp_gain":0.0,"max_hp_loss":3.0,"gold_gain":0.0,"event_name":"Winding Halls","player_choice":"Max HP","floor":44.0,"gold_loss":0.0,"damage_taken":0.0},{"damage_healed":0.0,"max_hp_gain":0.0,"max_hp_loss":0.0,"gold_gain":0.0,"event_name":"MindBloom","player_choice":"Fight","floor":48.0,"gold_loss":0.0,"damage_taken":0.0}],"is_beta":false,"boss_relics":[{"not_picked":["SlaversCollar","Velvet Choker"],"picked":"Philosopher\u0027s Stone"},{"not_picked":["Runic Dome","SacredBark"],"picked":"Busted Crown"}],"items_purged_floors":[31,39],"is_endless":false,"potions_floor_spawned":[5,8,11,13,16,24,25,27,29,30,36,41,46,48],"ascension_level":20}}