{"host":"gsgpu9obojnqwpp0","time":1612396562,"event":{"mods":["2.2 Compatiblity","AchievementEnabler","Alarm Clock","BaseMod","Bestiary","Block Reminder","Dark Map","DeckTracker","Highlight Path","Minty Spire (QoL Compilation)","MonsterHotkey","Permanent Neow","Quick Restart","Relic Stats","Slay-I","SuperFastMode","Uncapped","Unknown Chances","slay the spire mod where everything is the same but ironclad has a cowboy hat"],"gold_per_floor":[115,125,50,50,61,61,79,113,164,176,176,176,176,193,193,193,193],"floor_reached":16,"language":"ENG","playtime":1146,"items_purged":["Strike_R"],"score":117,"play_id":"93fdf15c-35e7-4bd0-9db9-40a82e62f14e","local_time":"20210203185602","is_ascension_mode":true,"campfire_choices":[{"data":"Iron Wave","floor":6,"key":"SMITH"},{"floor":15,"key":"REST"}],"circlet_count":0,"master_deck":["Strike_R","Strike_R","Strike_R","Strike_R","Defend_R","Defend_R","Defend_R","Defend_R","Bash","Metamorphosis","Rampage","Iron Wave+1","Bash","Perfected Strike","Clothesline+1","Parasite","Flame Barrier"],"relics":["Burning Blood","Molten Egg 2","Dream Catcher"],"acts_visited":["Exordium"],"potions_floor_usage":[],"damage_taken":[{"damage":7,"enemies":"Small Slimes","floor":1,"turns":4},{"damage":1,"enemies":"Cultist","floor":2,"turns":3},{"damage":7,"enemies":"Jaw Worm","floor":5,"turns":3},{"damage":10,"enemies":"Blue Slaver","floor":7,"turns":4},{"damage":51,"enemies":"3 Sentries","floor":8,"turns":8},{"damage":15,"enemies":"Looter","floor":10,"turns":3},{"damage":25,"enemies":"Gremlin Gang","floor":14,"turns":4},{"damage":33,"enemies":"Hexaghost","floor":16,"turns":9}],"seed_played":"6620177149102761918","potions_obtained":[{"floor":7,"key":"SpeedPotion"},{"floor":8,"key":"Dexterity Potion"}],"is_trial":false,"path_per_floor":["M","M","$","?","M","R","M","E","T","M","?","?","?","M","R","B"],"character_chosen":"IRONCLAD","items_purchased":[],"campfire_rested":1,"item_purchase_floors":[],"current_hp_per_floor":[71,72,72,72,71,71,67,22,22,13,13,13,31,12,33,0,0],"gold":193,"neow_bonus":"RANDOM_COLORLESS_2","is_daily":false,"chose_seed":false,"campfire_upgraded":1,"win_rate":0.0,"timestamp":1612396562,"path_taken":["M","M","$","?","M","R","?","E","T","M","?","?","?","M","R","BOSS"],"items_purchased_type":[],"build_version":"2020-12-22","purchased_purges":1,"victory":false,"max_hp_per_floor":[72,72,72,72,72,72,72,72,72,72,72,72,72,72,72,72,72],"relic_stats":{"Dream Catcher":1,"counters":[8,38],"obtain_stats":[{"Dream Catcher":9,"Molten Egg 2":8,"Burning Blood":0},{"Dream Catcher":5,"Molten Egg 2":5,"Burning Blood":0},{"Dream Catcher":22,"Molten Egg 2":22,"Burning Blood":0}],"Burning Blood":38},"card_choices":[{"not_picked":["Secret Technique","Master of Strategy"],"picked":"Metamorphosis","floor":0.0},{"not_picked":["Thunderclap","True Grit"],"picked":"Rampage","floor":1},{"not_picked":["Rampage","Body Slam"],"picked":"Iron Wave","floor":2},{"not_picked":["Armaments","Pummel"],"picked":"Perfected Strike","floor":5},{"not_picked":["Ghostly Armor","Body Slam","Headbutt"],"picked":"SKIP","floor":7},{"not_picked":["Clothesline+1","Thunderclap+1","Body Slam+1"],"picked":"SKIP","floor":8},{"not_picked":["Warcry","Hemokinesis+1"],"picked":"Clothesline+1","floor":10},{"not_picked":["Warcry","Brutality","Cleave+1"],"picked":"SKIP","floor":14},{"not_picked":["Pommel Strike+1","Second Wind"],"picked":"Flame Barrier","floor":15}],"player_experience":277755,"relics_obtained":[{"floor":8,"key":"Molten Egg 2"},{"floor":9,"key":"Dream Catcher"}],"event_choices":[{"damage_healed":0,"gold_gain":0,"player_choice":"1 cards matched","damage_taken":0,"max_hp_gain":0,"max_hp_loss":0,"event_name":"Match and Keep!","floor":4,"gold_loss":0,"cards_obtained":["Bash"]},{"damage_healed":0,"gold_gain":0,"player_choice":"Fled","damage_taken":0,"max_hp_gain":0,"max_hp_loss":0,"event_name":"Scrap Ooze","floor":11,"gold_loss":0},{"damage_healed":0,"gold_gain":0,"player_choice":"Ignored","damage_taken":0,"max_hp_gain":0,"max_hp_loss":0,"event_name":"Shining Light","floor":12,"gold_loss":0},{"damage_healed":18,"gold_gain":0,"player_choice":"Healed and dodged fight","damage_taken":0,"max_hp_gain":0,"max_hp_loss":0,"event_name":"Mushrooms","floor":13,"gold_loss":0,"cards_obtained":["Parasite"]}],"is_beta":false,"boss_relics":[],"items_purged_floors":[3],"is_endless":false,"potions_floor_spawned":[7,8],"killed_by":"Hexaghost","ascension_level":3}}