{"host":"fzjk61lpi4bwj033","time":1612324505,"event":{"mods":["Ascension Unlocker","BaseMod","Conspire","Hermit","Hubris","Infinite Spire","Jorbs\u0027s Wanderer Trilogy","Minty Spire (QoL Compilation)","Rare Cards Sparkle","Replay The Spire","StSLib","The Jungle"],"gold_per_floor":[362,223,246,258,277,277,307,307,378,396,408,408,438,338,338,409,409,420,420,437,450,450,450,450,450,450,477,477,10,10,24,24,98,98,118,137,137,186,201,237,237,266,293,307,307,307,39,66,66,66,66],"floor_reached":50,"language":"ENG","playtime":3075,"items_purged":["hubris:Sloth","hubris:Wrath"],"score":991,"play_id":"c99279c0-06a8-41f4-9cf6-c3d7571c7276","local_time":"20210202215505","is_ascension_mode":true,"campfire_choices":[{"data":"stsjorbsmod:FindFamiliar","floor":6,"key":"SMITH"},{"floor":8,"key":"REST"},{"floor":12,"key":"REST"},{"data":"Ghostly","floor":15,"key":"SMITH"},{"floor":23,"key":"REST"},{"floor":25,"key":"REST"},{"data":"hubris:Fate","floor":28,"key":"SMITH"},{"floor":32,"key":"REST"},{"floor":41,"key":"REST"},{"data":"Panacea","floor":45,"key":"SMITH"},{"floor":49,"key":"RECALL"}],"circlet_count":0,"master_deck":["AscendersBane","stsjorbsmod:ForbiddenGrimoire+1","stsjorbsmod:Strike_Wanderer","stsjorbsmod:Strike_Wanderer","stsjorbsmod:Strike_Wanderer","stsjorbsmod:Strike_Wanderer","stsjorbsmod:Defend_Wanderer","stsjorbsmod:Defend_Wanderer","stsjorbsmod:Defend_Wanderer","stsjorbsmod:Defend_Wanderer","stsjorbsmod:FreshAdventure","stsjorbsmod:EyeOfTheStorm","stsjorbsmod:DisguiseSelf","stsjorbsmod:FracturedMind","stsjorbsmod:MagicMirror","stsjorbsmod:MageArmor","stsjorbsmod:FindFamiliar+1","stsjorbsmod:Prestidigitation","stsjorbsmod:HedgeWizard","stsjorbsmod:MagicMissiles","stsjorbsmod:TinyHut","Ghostly+1","stsjorbsmod:Entangle","hubris:Despair","stsjorbsmod:ArcaneForm","Panacea+1","hubris:Fate+1","Bash","stsjorbsmod:Channel","stsjorbsmod:BookOfTongues","Shame","stsjorbsmod:SmithingStrike","stsjorbsmod:Stalwart","stsjorbsmod:MirrorImage"],"relics":["stsjorbsmod:GrimoireRelic","Prayer Wheel","Bottled Lightning","PreservedInsect","ReplayTheSpireMod:SealedPack","Cursed Key","Potion Belt","theJungle:PaperFaux","Blood Vial","Replay:Bottled Snecko","Philosopher\u0027s Stone","Lee\u0027s Waffle","Du-Vu Doll","CaptainsWheel","hubris:CuriousFeather","Replay:Mystery Machine","Bronze Scales","Regal Pillow"],"acts_visited":["Exordium","Exordium","TheBeyond"],"potions_floor_usage":[7,10,13,18,21,27,31,33,40,50,50],"damage_taken":[{"damage":0,"enemies":"2 Louse","floor":1,"turns":4},{"damage":8,"enemies":"Small Slimes","floor":3,"turns":4},{"damage":1,"enemies":"Jaw Worm","floor":4,"turns":7},{"damage":7,"enemies":"Looter","floor":5,"turns":4},{"damage":17,"enemies":"Gremlin Nob","floor":7,"turns":6},{"damage":18,"enemies":"Large Slime","floor":10,"turns":7},{"damage":18,"enemies":"Exordium Wildlife","floor":11,"turns":5},{"damage":10,"enemies":"Lagavulin","floor":13,"turns":6},{"damage":25,"enemies":"The Guardian","floor":16,"turns":15},{"damage":30,"enemies":"theJungle:MUSHROOMGANG","floor":18,"turns":5},{"damage":12,"enemies":"theJungle:Flameango_and_Byrd","floor":20,"turns":6},{"damage":12,"enemies":"theJungle:JungleHuntersEncounter","floor":21,"turns":3},{"damage":24,"enemies":"theJungle:2_Phrogs","floor":27,"turns":8},{"damage":26,"enemies":"theJungle:Lyon","floor":31,"turns":6},{"damage":6,"enemies":"theJungle:TotemBoss","floor":33,"turns":5},{"damage":0,"enemies":"Orb Walker","floor":35,"turns":3},{"damage":25,"enemies":"3 Shapes","floor":36,"turns":7},{"damage":32,"enemies":"2 Orb Walkers","floor":38,"turns":4},{"damage":18,"enemies":"Maw","floor":39,"turns":7},{"damage":30,"enemies":"Nemesis","floor":40,"turns":5},{"damage":51,"enemies":"Reptomancer","floor":42,"turns":5},{"damage":0,"enemies":"Jaw Worm Horde","floor":44,"turns":1},{"damage":0,"enemies":"Nemesis","floor":48,"turns":1},{"damage":90,"enemies":"conspire:OrnateMirror","floor":50,"turns":5}],"seed_played":"5541700829220668045","potions_obtained":[{"floor":3,"key":"SpeedPotion"},{"floor":4,"key":"Strength Potion"},{"floor":7,"key":"CultistPotion"},{"floor":13,"key":"EssenceOfSteel"},{"floor":20,"key":"LifebloodPotion"},{"floor":21,"key":"GamblersBrew"},{"floor":33,"key":"FairyPotion"},{"floor":36,"key":"FearPotion"},{"floor":39,"key":"Flashbang"},{"floor":42,"key":"Dexterity Potion"},{"floor":48,"key":"Swift Potion"}],"is_trial":false,"path_per_floor":["M","$","M","M","M","R","E","R","T","M","M","R","E","?","R","B",null,"M","AVR","M","M","?","R","?","R","T","E","R","$","?","M","R","B",null,"M","M","AVR","?","M","E","R","E","T","M","R","?","$","E","R","B"],"character_chosen":"WANDERER","items_purchased":["stsjorbsmod:FracturedMind","stsjorbsmod:MagicMirror","Replay:Bottled Snecko","Energy Potion","AttackPotion","Bronze Scales"],"campfire_rested":6,"item_purchase_floors":[2,2,29,29,29,47],"current_hp_per_floor":[46,46,39,41,36,36,23,42,42,28,15,34,29,29,29,4,49,24,24,18,7,7,26,26,45,45,36,36,36,32,27,46,47,60,64,39,71,44,49,28,49,27,27,29,29,29,29,32,32,0,0],"gold":66,"neow_bonus":"TWO_FIFTY_GOLD","is_daily":false,"chose_seed":false,"campfire_upgraded":4,"win_rate":0.0,"timestamp":1612324505,"path_taken":["M","$","M","M","M","R","E","R","T","M","M","R","E","?","R","BOSS","M","AVR","M","M","?","R","?","R","T","E","R","$","?","M","R","BOSS","M","M","AVR","?","M","E","R","E","T","M","R","?","?","E","R","BOSS"],"items_purchased_type":["Card","Card","Relic","Potion","Potion","Relic"],"build_version":"2020-12-22","purchased_purges":2,"victory":false,"max_hp_per_floor":[64,64,64,64,64,64,64,64,64,64,64,64,64,64,64,64,64,64,64,64,64,64,64,64,64,64,64,64,64,64,64,64,64,64,64,64,71,71,71,71,71,71,71,71,71,71,71,71,71,71,71],"card_choices":[{"not_picked":["stsjorbsmod:Mindworm","stsjorbsmod:AnimateObjects"],"picked":"stsjorbsmod:DisguiseSelf","floor":1},{"not_picked":["stsjorbsmod:TrueStrike","stsjorbsmod:Thorns"],"picked":"stsjorbsmod:MageArmor","floor":3},{"not_picked":["stsjorbsmod:OldPocket","stsjorbsmod:DoubleCheck"],"picked":"stsjorbsmod:FindFamiliar","floor":4},{"not_picked":["stsjorbsmod:WanderingMind","stsjorbsmod:WeightOfMemory"],"picked":"stsjorbsmod:Prestidigitation","floor":5},{"not_picked":["stsjorbsmod:SchoolsOfMagic","stsjorbsmod:Fear"],"picked":"stsjorbsmod:HedgeWizard","floor":7},{"not_picked":["stsjorbsmod:MageArmor","stsjorbsmod:FracturedMind"],"picked":"stsjorbsmod:MagicMissiles","floor":10},{"not_picked":["stsjorbsmod:Mindworm","stsjorbsmod:Prestidigitation"],"picked":"stsjorbsmod:TinyHut","floor":10},{"not_picked":["stsjorbsmod:Mindworm","stsjorbsmod:AnimateObjects","stsjorbsmod:Mania"],"picked":"SKIP","floor":11},{"not_picked":["stsjorbsmod:FindFamiliar","stsjorbsmod:BlackTentacles","stsjorbsmod:AnimateObjects"],"picked":"SKIP","floor":11},{"not_picked":["stsjorbsmod:Hurt","stsjorbsmod:DisguiseSelf","stsjorbsmod:Thorns"],"picked":"SKIP","floor":13},{"not_picked":["stsjorbsmod:GatherPower","stsjorbsmod:PurgeMind"],"picked":"stsjorbsmod:Entangle","floor":16},{"not_picked":["stsjorbsmod:HoldMonster","stsjorbsmod:Entangle"],"picked":"stsjorbsmod:ArcaneForm","floor":17},{"not_picked":["Discovery","Forethought"],"picked":"Panacea","floor":17},{"not_picked":["Replay:Fractal Strike","infinitespire:DeathsTouch"],"picked":"hubris:Fate","floor":17},{"not_picked":["Neutralize","stsjorbsmod:Exhale"],"picked":"Bash","floor":17},{"not_picked":["stsjorbsmod:Prestidigitation","stsjorbsmod:ChatteringStrike"],"picked":"stsjorbsmod:Channel","floor":18},{"not_picked":["stsjorbsmod:HedgeWizard","stsjorbsmod:RefuseToForget","stsjorbsmod:Prepare"],"picked":"SKIP","floor":18},{"not_picked":["stsjorbsmod:Introspection","stsjorbsmod:RefuseToForget","stsjorbsmod:Will"],"picked":"SKIP","floor":20},{"not_picked":["stsjorbsmod:WanderingMind","stsjorbsmod:Banish","stsjorbsmod:BlackTentacles+1"],"picked":"SKIP","floor":20},{"not_picked":["stsjorbsmod:Hurt","stsjorbsmod:Introspection"],"picked":"stsjorbsmod:BookOfTongues","floor":21},{"not_picked":["stsjorbsmod:Index","stsjorbsmod:FracturedMind","stsjorbsmod:DoubleCheck+1"],"picked":"SKIP","floor":21},{"not_picked":["stsjorbsmod:Mindworm","stsjorbsmod:FracturedMind","stsjorbsmod:Message"],"picked":"SKIP","floor":27},{"not_picked":["stsjorbsmod:AnimateObjects","stsjorbsmod:Will","stsjorbsmod:WeightOfMemory"],"picked":"SKIP","floor":31},{"not_picked":["stsjorbsmod:Inferno","stsjorbsmod:SchoolsOfMagic","stsjorbsmod:Mending"],"picked":"SKIP","floor":31},{"not_picked":["stsjorbsmod:FracturedMind+1","stsjorbsmod:Channel"],"picked":"stsjorbsmod:SmithingStrike","floor":35},{"not_picked":["stsjorbsmod:Index+1","stsjorbsmod:RayOfFrost+1","stsjorbsmod:Hibernate"],"picked":"SKIP","floor":35},{"not_picked":["stsjorbsmod:DoubleCheck","stsjorbsmod:BookOfTongues"],"picked":"stsjorbsmod:Stalwart","floor":36},{"not_picked":["stsjorbsmod:Materialize","stsjorbsmod:FracturedMind","stsjorbsmod:BlackTentacles"],"picked":"SKIP","floor":36},{"not_picked":["stsjorbsmod:RefuseToForget","stsjorbsmod:MistyStep","stsjorbsmod:Prestidigitation"],"picked":"SKIP","floor":39},{"not_picked":["stsjorbsmod:RayOfFrost","stsjorbsmod:Firebolt","stsjorbsmod:ParryingBlow+1"],"picked":"SKIP","floor":39},{"not_picked":["stsjorbsmod:AnimateObjects+1","stsjorbsmod:Channel","stsjorbsmod:BookOfTongues+1"],"picked":"SKIP","floor":40},{"not_picked":["stsjorbsmod:Feast","stsjorbsmod:UnseenServant","stsjorbsmod:Channel"],"picked":"SKIP","floor":42},{"not_picked":["stsjorbsmod:BurningFlask+1","stsjorbsmod:Mania+1","stsjorbsmod:FlameWard"],"picked":"SKIP","floor":44},{"not_picked":["stsjorbsmod:DisguiseSelf","stsjorbsmod:Will","stsjorbsmod:Message"],"picked":"SKIP","floor":44},{"not_picked":["stsjorbsmod:Counterspell","stsjorbsmod:DisguiseSelf+1"],"picked":"stsjorbsmod:MirrorImage","floor":48}],"player_experience":776372,"relics_obtained":[{"floor":7,"key":"Prayer Wheel"},{"floor":9,"key":"Bottled Lightning"},{"floor":13,"key":"PreservedInsect"},{"floor":27,"key":"Blood Vial"},{"floor":38,"key":"Du-Vu Doll"},{"floor":40,"key":"CaptainsWheel"},{"floor":42,"key":"hubris:CuriousFeather"},{"floor":43,"key":"Replay:Mystery Machine"},{"floor":48,"key":"Regal Pillow"}],"event_choices":[{"damage_healed":0,"gold_gain":0,"player_choice":"Argue","damage_taken":0,"max_hp_gain":0,"max_hp_loss":0,"event_name":"conspire:LoneGhost","floor":14,"gold_loss":0},{"damage_healed":0,"gold_gain":0,"player_choice":"Leave","damage_taken":0,"max_hp_gain":0,"max_hp_loss":0,"event_name":"conspire:Investor","floor":30,"gold_loss":0},{"damage_healed":0,"gold_gain":0,"player_choice":"Fight","damage_taken":0,"max_hp_gain":0,"max_hp_loss":0,"event_name":"Mysterious Sphere","floor":38,"gold_loss":0}],"is_beta":false,"boss_relics":[{"not_picked":["Astrolabe","hubris:VirtuousBlindfold"],"picked":"ReplayTheSpireMod:SealedPack"},{"not_picked":["Sozu","Kintsugi"],"picked":"Philosopher\u0027s Stone"}],"items_purged_floors":[29,47],"is_endless":false,"potions_floor_spawned":[3,4,7,13,20,21,33,36,39,42,48],"killed_by":"conspire:OrnateMirror","ascension_level":20}}