{"host":"v0mw6c8s9jqyt2m0","time":1612378251,"event":{"mods":["Astrologer","BaseMod","Hermit","Marisa????????","Minty Spire (QoL Compilation)","StSLib","The Bug Knight","The Construct","The Cursed","The Disciple","The Gatherer","The Hierophant","The Mystic","The Necromancer","The Runesmith","The Servant 0.9.4","TheBandit"],"gold_per_floor":[115,131,147,161,181,216,229,404,428,428,448,448,475,7,7,108,108,48,58,72,49,68,68,68,87,155,430,430,442,469,486,486,588,588,602,602,158,205,205,230,230,180,180,180,194,207,232,252,252,252,252,252,30,63,63,63],"floor_reached":55,"language":"ENG","playtime":5455,"items_purged":["Wraith","Regret","Bite"],"score":834,"play_id":"c2574563-c56c-426b-b62a-b78c69b37d0a","local_time":"20210203195051","is_ascension_mode":false,"campfire_choices":[{"data":"Runesmith:PoweredAnvil","floor":10.0,"key":"SMITH"},{"data":"Runesmith:UnlimitedPower","floor":15.0,"key":"SMITH"},{"floor":23.0,"key":"REST"},{"data":"Runesmith:CraftPrismatica","floor":28.0,"key":"SMITH"},{"data":"Runesmith:Reinforce","floor":32.0,"key":"SMITH"},{"floor":41.0,"key":"RECALL"},{"data":"Mayhem","floor":49.0,"key":"SMITH"},{"data":"Runesmith:MetallurgicalResearch","floor":52,"key":"SMITH"}],"circlet_count":0,"master_deck":["Runesmith:Defend_RS","Runesmith:Defend_RS","Runesmith:Defend_RS","Runesmith:Defend_RS","Runesmith:CraftFirestone+1","Runesmith:Fortify+1","Runesmith:ElementalConversion","Runesmith:MakeshiftArmor","Runesmith:PoweredAnvil+1","Runesmith:Firestorm","Runesmith:CraftMagma","Runesmith:EnergizedChisel","Runesmith:LithiumIon","Runesmith:LithiumIon","Runesmith:UnlimitedPower+1","Runesmith:CraftProtectio","Runesmith:CraftPrismatica+1","Runesmith:RuneHurl+1","Runesmith:Reinforce+1","Runesmith:MakeshiftArmor+1","Runesmith:EarthShield","Runesmith:CraftIncendium+1","Bite","Bite","Bite","Bite","Runesmith:EnergizedChisel+1","Runesmith:DuctTape","Runesmith:MetallurgicalResearch+1","Runesmith:Permafrost+1","Runesmith:PoweredAnvil","Mayhem+1"],"relics":["Runesmith:BrokenRuby","Mummified Hand","Anchor","Happy Flower","Runesmith:AutoHammer","OrangePellets","Centennial Puzzle","SlaversCollar","Smiling Mask","Coffee Dripper","Bag of Preparation","Thread and Needle","Boot","War Paint","Pen Nib","HollowMod:PaleOreRelic"],"acts_visited":["Exordium","TheCity","TheBeyond","TheEnding"],"potions_floor_usage":[50,50,50,54,55,55,55],"damage_taken":[{"damage":4.0,"enemies":"Small Slimes","floor":1.0,"turns":3.0},{"damage":0.0,"enemies":"2 Louse","floor":2.0,"turns":3.0},{"damage":4.0,"enemies":"Cultist","floor":3.0,"turns":4.0},{"damage":2.0,"enemies":"Blue Slaver","floor":4.0,"turns":5.0},{"damage":5.0,"enemies":"3 Louse","floor":5.0,"turns":5.0},{"damage":2.0,"enemies":"Gremlin Nob","floor":6.0,"turns":5.0},{"damage":3.0,"enemies":"Red Slaver","floor":7.0,"turns":4.0},{"damage":0.0,"enemies":"Large Slime","floor":11.0,"turns":5.0},{"damage":11.0,"enemies":"Lagavulin","floor":13.0,"turns":7.0},{"damage":14.0,"enemies":"Hexaghost","floor":16.0,"turns":9.0},{"damage":8.0,"enemies":"2 Thieves","floor":18.0,"turns":4.0},{"damage":19.0,"enemies":"Snake Plant","floor":19.0,"turns":6.0},{"damage":33.0,"enemies":"Centurion and Healer","floor":20.0,"turns":7.0},{"damage":3.0,"enemies":"3 Cultists","floor":22.0,"turns":6.0},{"damage":6.0,"enemies":"Snake Plant","floor":25.0,"turns":4.0},{"damage":3.0,"enemies":"Snecko","floor":29.0,"turns":8.0},{"damage":43.0,"enemies":"Slavers","floor":30.0,"turns":8.0},{"damage":18.0,"enemies":"Centurion and Healer","floor":31.0,"turns":9.0},{"damage":5.0,"enemies":"Champ","floor":33.0,"turns":8.0},{"damage":2.0,"enemies":"3 Darklings","floor":35.0,"turns":5.0},{"damage":14.0,"enemies":"2 Orb Walkers","floor":38.0,"turns":4.0},{"damage":11.0,"enemies":"Nemesis","floor":40.0,"turns":7.0},{"damage":0.0,"enemies":"3 Shapes","floor":45.0,"turns":5.0},{"damage":2.0,"enemies":"Sphere and 2 Shapes","floor":46.0,"turns":7.0},{"damage":0.0,"enemies":"HollowMod:StalkingDevout","floor":47.0,"turns":5.0},{"damage":18.0,"enemies":"4 Shapes","floor":48.0,"turns":5.0},{"damage":29,"enemies":"Awakened One","floor":50,"turns":9},{"damage":44,"enemies":"Shield and Spear","floor":54,"turns":9},{"damage":22,"enemies":"The Heart","floor":55,"turns":3}],"seed_played":"-1973905504797901864","potions_obtained":[{"floor":3.0,"key":"Block Potion"},{"floor":5.0,"key":"SpeedPotion"},{"floor":6.0,"key":"Swift Potion"},{"floor":16.0,"key":"DuplicationPotion"},{"floor":22.0,"key":"LiquidMemories"},{"floor":29.0,"key":"Regen Potion"},{"floor":30.0,"key":"PowerPotion"},{"floor":31.0,"key":"GamblersBrew"},{"floor":33.0,"key":"Fire Potion"},{"floor":40.0,"key":"SneckoOil"},{"floor":45.0,"key":"Strength Potion"},{"floor":47.0,"key":"Strength Potion"},{"floor":48.0,"key":"Explosive Potion"},{"floor":54,"key":"AttackPotion"}],"is_trial":false,"path_per_floor":["M","M","M","M","M","E","M","?","T","R","M","?","E","$","R","B",null,"M","M","M","$","M","R","?","M","T","?","R","M","E","M","R","B",null,"M","?","$","?","?","E","R","$","T","?","M","M","E","M","R","B",null,"R","$","E","B"],"character_chosen":"RUNESMITH_CLASS","items_purchased":["Runesmith:CraftProtectio","Runesmith:AutoHammer","OrangePellets","Centennial Puzzle","Runesmith:EarthShield","Bag of Preparation","Runesmith:PoweredAnvil","Mayhem","EssenceOfSteel","SpeedPotion","Fire Potion"],"campfire_rested":1,"item_purchase_floors":[14,14,14,14,21,37,37,37,53,53,53],"current_hp_per_floor":[73,73,69,67,62,60,57,57,57,57,57,57,46,46,46,32,77,69,50,17,17,14,37,37,38,38,38,38,53,20,38,38,45,53,53,53,53,45,45,46,46,46,46,46,50,50,50,34,34,30,50,50,50,18,0,0],"gold":63,"neow_bonus":"TEN_PERCENT_HP_BONUS","is_daily":false,"chose_seed":false,"campfire_upgraded":6,"win_rate":0.0,"timestamp":1612378251,"path_taken":["M","M","M","M","M","E","M","?","T","R","M","?","E","$","R","BOSS","M","M","M","?","M","R","?","M","T","?","R","M","E","M","R","BOSS","M","?","$","?","?","E","R","$","T","?","?","M","E","M","R","BOSS","R","$","E","BOSS"],"items_purchased_type":["Card","Relic","Relic","Relic","Card","Relic","Card","Card","Potion","Potion","Potion"],"build_version":"2020-12-22","purchased_purges":3,"victory":false,"max_hp_per_floor":[77,77,77,77,77,77,77,77,77,77,77,77,77,77,77,77,77,77,77,77,77,77,77,53,53,53,53,53,53,53,53,53,53,53,53,53,53,53,53,53,53,53,53,50,50,50,50,50,50,50,50,50,50,50,50,50],"card_choices":[{"not_picked":["Runesmith:HeatExchange","Runesmith:HammerTime"],"picked":"Runesmith:ElementalConversion","floor":1.0},{"not_picked":["Runesmith:Firewall","Runesmith:WhiteBalance"],"picked":"Runesmith:MakeshiftArmor","floor":2.0},{"not_picked":["Runesmith:HammerThrow","Runesmith:BackupBattery"],"picked":"Runesmith:PoweredAnvil","floor":3.0},{"not_picked":["Runesmith:HeatedChisel","Runesmith:UnstableHammer"],"picked":"Runesmith:Firestorm","floor":4.0},{"not_picked":["Runesmith:CraftSpiculum","Runesmith:CraftVitae"],"picked":"Runesmith:CraftMagma","floor":5.0},{"not_picked":["Runesmith:HeatExchange","Runesmith:EarthShield"],"picked":"Runesmith:EnergizedChisel","floor":6.0},{"not_picked":["Runesmith:StaticCage","Runesmith:ShiftingStrike"],"picked":"Runesmith:LithiumIon","floor":7.0},{"not_picked":["Runesmith:HammerThrow","Runesmith:NanitesCloud"],"picked":"Runesmith:LithiumIon","floor":11.0},{"not_picked":["Runesmith:CraftSpiculum","Runesmith:Electrocute"],"picked":"Runesmith:UnlimitedPower","floor":13.0},{"not_picked":["Runesmith:LastStand","Runesmith:ArcReactor"],"picked":"Runesmith:CraftPrismatica","floor":16.0},{"not_picked":["Runesmith:Augment+1","Runesmith:Repurpose"],"picked":"Runesmith:RuneHurl+1","floor":18.0},{"not_picked":["Runesmith:BackupBattery+1","Runesmith:WhiteBalance"],"picked":"Runesmith:Reinforce","floor":19.0},{"not_picked":["Runesmith:NanitesCloud","Runesmith:Overpower+1"],"picked":"Runesmith:MakeshiftArmor+1","floor":20.0},{"not_picked":["Runesmith:MakeshiftArmor+1","Runesmith:CraftSpiculum+1"],"picked":"Runesmith:CraftIncendium+1","floor":22.0},{"not_picked":["Runesmith:BackupBattery","Runesmith:FieryHammer","Runesmith:Retool+1"],"picked":"SKIP","floor":25.0},{"not_picked":["Runesmith:CraftProtectio","Runesmith:ChaoticBlast"],"picked":"Runesmith:EnergizedChisel+1","floor":29.0},{"not_picked":["Runesmith:StaticCage","Runesmith:RunicBlueprint"],"picked":"Runesmith:DuctTape","floor":30.0},{"not_picked":["Runesmith:EnergizedChisel","Runesmith:CraftProtectio","Runesmith:EarthShield"],"picked":"SKIP","floor":31.0},{"not_picked":["Runesmith:Duplicate","Runesmith:CraftPrismatica"],"picked":"Runesmith:MetallurgicalResearch","floor":33.0},{"not_picked":["Runesmith:CraftProtectio","Runesmith:Discharge"],"picked":"Runesmith:Permafrost+1","floor":35.0},{"not_picked":["Runesmith:CraftReservo+1","Runesmith:Firestorm+1","Runesmith:OneForEveryone"],"picked":"SKIP","floor":40.0},{"not_picked":["Runesmith:CraftVitae+1","Runesmith:UnstableHammer+1","Runesmith:FieryHammer"],"picked":"SKIP","floor":45.0},{"not_picked":["Runesmith:Superposition","Runesmith:ShiftingStrike+1","Runesmith:ElementalConversion+1"],"picked":"SKIP","floor":46.0},{"not_picked":["Runesmith:ChiselStab","Runesmith:MetallurgicalResearch","Runesmith:Refine+1"],"picked":"SKIP","floor":47.0},{"not_picked":["Runesmith:ChiselStab+1","Runesmith:Accelerate+1","Runesmith:CraftIncendium+1"],"picked":"SKIP","floor":48.0},{"not_picked":["Runesmith:UnstableHammer+1","Runesmith:HeatedChisel","Runesmith:Duplicate"],"picked":"SKIP","floor":54}],"player_experience":160984,"relics_obtained":[{"floor":6.0,"key":"Mummified Hand"},{"floor":9.0,"key":"Anchor"},{"floor":13.0,"key":"Happy Flower"},{"floor":30.0,"key":"Smiling Mask"},{"floor":38.0,"key":"Thread and Needle"},{"floor":40.0,"key":"Boot"},{"floor":43.0,"key":"War Paint"},{"floor":47.0,"key":"Pen Nib"},{"floor":54,"key":"HollowMod:PaleOreRelic"}],"event_choices":[{"damage_healed":0.0,"max_hp_gain":0.0,"max_hp_loss":0.0,"gold_gain":175.0,"event_name":"Liars Game","player_choice":"AGREE","floor":8.0,"gold_loss":0.0,"damage_taken":0.0,"cards_obtained":["Doubt"]},{"cards_removed":["Doubt"],"damage_healed":0.0,"max_hp_gain":0.0,"max_hp_loss":0.0,"gold_gain":0.0,"event_name":"Purifier","player_choice":"Purged","floor":12.0,"gold_loss":0.0,"damage_taken":0.0},{"damage_healed":0.0,"max_hp_gain":0.0,"max_hp_loss":24.0,"gold_gain":0.0,"event_name":"Vampires","player_choice":"Became a vampire","floor":24.0,"gold_loss":0.0,"damage_taken":0.0,"cards_obtained":["Bite","Bite","Bite","Bite","Bite"]},{"damage_healed":0.0,"max_hp_gain":0.0,"max_hp_loss":0.0,"gold_gain":275.0,"event_name":"Golden Shrine","player_choice":"Desecrate","floor":27.0,"gold_loss":0.0,"damage_taken":0.0,"cards_obtained":["Regret"]},{"damage_healed":0.0,"max_hp_gain":0.0,"max_hp_loss":0.0,"gold_gain":0.0,"event_name":"OrinTheCat","player_choice":"Ignored","floor":36.0,"gold_loss":0.0,"damage_taken":0.0},{"damage_healed":0.0,"max_hp_gain":0.0,"max_hp_loss":0.0,"gold_gain":0.0,"event_name":"Mysterious Sphere","player_choice":"Fight","floor":38.0,"gold_loss":0.0,"damage_taken":0.0},{"damage_healed":0.0,"max_hp_gain":0.0,"max_hp_loss":0.0,"gold_gain":0.0,"event_name":"Tomb of Lord Red Mask","player_choice":"Ignored","floor":39.0,"gold_loss":0.0,"damage_taken":0.0},{"damage_healed":0.0,"max_hp_gain":0.0,"max_hp_loss":3.0,"gold_gain":0.0,"event_name":"Winding Halls","player_choice":"Max HP","floor":44.0,"gold_loss":0.0,"damage_taken":0.0}],"is_beta":false,"boss_relics":[{"not_picked":["construct:ClawGrip","Busted Crown"],"picked":"SlaversCollar"},{"not_picked":["SacredBark","Empty Cage"],"picked":"Coffee Dripper"}],"items_purged_floors":[37,42,53],"is_endless":false,"potions_floor_spawned":[3,5,6,16,22,29,30,31,33,40,45,47,48,54],"killed_by":"The Heart","ascension_level":0}}