{"host":"q0ahhcf6jhp3yzzb","time":1612393929,"event":{"mods":["Ascension Unlocker","BaseMod","Bestiary","Minty Spire (QoL Compilation)","Relic Stats","StSLib"],"gold_per_floor":[113,38,55,70,87,87,87,111,111,111,141,200,200,275,275,275,275],"floor_reached":16,"language":"ENG","playtime":922,"items_purged":[],"score":196,"play_id":"7e1bebe6-fa95-4da0-a623-8f99f445567c","local_time":"20210203161209","is_ascension_mode":true,"campfire_choices":[{"data":"Blood for Blood","floor":6.0,"key":"SMITH"},{"floor":10.0,"key":"REST"},{"floor":13,"key":"REST"},{"data":"Clothesline","floor":15,"key":"SMITH"}],"circlet_count":0,"master_deck":["AscendersBane","Strike_R","Strike_R","Strike_R","Strike_R","Defend_R","Defend_R","Defend_R","Defend_R","Bash","Thunderclap","Blood for Blood+1","Headbutt","Shockwave","Clothesline+1"],"relics":["Burning Blood","NeowsBlessing","Odd Mushroom","Mercury Hourglass","StrikeDummy","Letter Opener"],"acts_visited":["Exordium"],"potions_floor_usage":[13,16],"damage_taken":[{"damage":0.0,"enemies":"Small Slimes","floor":1.0,"turns":1.0},{"damage":0.0,"enemies":"2 Louse","floor":3.0,"turns":1.0},{"damage":0.0,"enemies":"Jaw Worm","floor":4.0,"turns":1.0},{"damage":22.0,"enemies":"Blue Slaver","floor":5.0,"turns":5.0},{"damage":27.0,"enemies":"The Mushroom Lair","floor":8.0,"turns":5.0},{"damage":26.0,"enemies":"Gremlin Nob","floor":11.0,"turns":4.0},{"damage":37.0,"enemies":"Lagavulin Event","floor":12.0,"turns":4.0},{"damage":25,"enemies":"Hexaghost","floor":16,"turns":7}],"seed_played":"-9110008454684001143","potions_obtained":[{"floor":5.0,"key":"CultistPotion"},{"floor":8.0,"key":"Fruit Juice"},{"floor":12.0,"key":"Swift Potion"}],"is_trial":false,"path_per_floor":["M","?","M","M","M","R","?","?","T","R","E","?","R","?","R","B"],"character_chosen":"IRONCLAD","items_purchased":[],"campfire_rested":2,"item_purchase_floors":[],"current_hp_per_floor":[74,74,75,75,59,59,59,38,38,60,40,9,38,27,27,2,2],"gold":275,"neow_bonus":"THREE_ENEMY_KILL","is_daily":false,"chose_seed":false,"campfire_upgraded":2,"win_rate":0.0,"timestamp":1612393929,"path_taken":["M","?","M","M","M","R","?","?","T","R","E","?","R","?","R","BOSS"],"items_purchased_type":[],"build_version":"2020-12-22","purchased_purges":0,"victory":false,"max_hp_per_floor":[75,75,75,75,75,75,75,75,75,75,75,75,80,80,80,80,80],"relic_stats":{"counters":[8,28],"Letter Opener":[0],"obtain_stats":[{"NeowsBlessing":0,"Letter Opener":12,"Odd Mushroom":8,"StrikeDummy":11,"Burning Blood":0,"Mercury Hourglass":9},{"NeowsBlessing":0,"Letter Opener":7,"Odd Mushroom":5,"StrikeDummy":6,"Burning Blood":0,"Mercury Hourglass":5},{"NeowsBlessing":0,"Letter Opener":21,"Odd Mushroom":13,"StrikeDummy":17,"Burning Blood":0,"Mercury Hourglass":13}],"Burning Blood":31,"Mercury Hourglass":[42]},"card_choices":[{"not_picked":["Armaments","Heavy Blade"],"picked":"Thunderclap","floor":1.0},{"not_picked":["Clash","Armaments","Havoc"],"picked":"SKIP","floor":3.0},{"not_picked":["Clash","Wild Strike"],"picked":"Blood for Blood","floor":4.0},{"not_picked":["Flex","Cleave"],"picked":"Headbutt","floor":5.0},{"not_picked":["Corruption","Havoc"],"picked":"Shockwave","floor":11.0},{"not_picked":["Heavy Blade","Sword Boomerang"],"picked":"Clothesline","floor":12.0}],"player_experience":838135,"relics_obtained":[{"floor":8.0,"key":"Odd Mushroom"},{"floor":9.0,"key":"Mercury Hourglass"},{"floor":11.0,"key":"StrikeDummy"},{"floor":12.0,"key":"Letter Opener"}],"event_choices":[{"cards_removed":["Strike_R"],"damage_healed":0.0,"max_hp_gain":0.0,"max_hp_loss":0.0,"gold_gain":0.0,"event_name":"The Cleric","player_choice":"Card Removal","floor":2.0,"gold_loss":75.0,"damage_taken":0.0},{"damage_healed":0.0,"max_hp_gain":0.0,"max_hp_loss":0.0,"gold_gain":0.0,"event_name":"Shining Light","player_choice":"Ignored","floor":7.0,"gold_loss":0.0,"damage_taken":0.0},{"damage_healed":0.0,"max_hp_gain":0.0,"max_hp_loss":0.0,"gold_gain":0.0,"event_name":"Mushrooms","player_choice":"Fought Mushrooms","floor":8.0,"gold_loss":0.0,"damage_taken":0.0},{"damage_healed":0.0,"max_hp_gain":0.0,"max_hp_loss":0.0,"gold_gain":0.0,"event_name":"Dead Adventurer","player_choice":"Searched \u00271\u0027 times","floor":12.0,"gold_loss":0.0,"damage_taken":0.0},{"damage_healed":0,"gold_gain":75,"player_choice":"Gather Gold","damage_taken":11,"max_hp_gain":0,"max_hp_loss":0,"event_name":"World of Goop","floor":14,"gold_loss":0}],"is_beta":false,"boss_relics":[],"items_purged_floors":[],"is_endless":false,"potions_floor_spawned":[5,8,12],"killed_by":"Hexaghost","ascension_level":20}}