{"host":"p9vmbvw2hh2n16dn","time":1612349315,"event":{"mods":["AchievementEnabler","BaseMod","Block Reminder","Minty Spire (QoL Compilation)","Relic Stats","SuperFastMode"],"gold_per_floor":[111,131,131,149,149,149,149,180,234,250,285,49,84,102,102,227,227,252,252,192,235,117,117,117],"floor_reached":23,"language":"ENG","playtime":913,"items_purged":["Endless Agony"],"score":282,"play_id":"524ac917-c728-4141-9bb1-15dc19e280e9","local_time":"20210203114835","is_ascension_mode":true,"campfire_choices":[{"data":"Dagger Spray","floor":6.0,"key":"SMITH"},{"data":"Envenom","floor":15.0,"key":"SMITH"}],"circlet_count":0,"master_deck":["Strike_G","Strike_G","Strike_G","Strike_G","Defend_G","Defend_G","Defend_G","Defend_G","Defend_G","Survivor","Neutralize","Dagger Spray","Dagger Spray+1","Envenom+1","Catalyst","Footwork","Catalyst","Catalyst","Tools of the Trade","Dagger Spray+1"],"relics":["Black Star","Golden Idol","Nunchaku","Incense Burner","Potion Belt","StoneCalendar","The Courier","Matryoshka","Dead Branch","Pantograph","Runic Pyramid","Red Mask","Sling"],"acts_visited":["Exordium","TheCity"],"potions_floor_usage":[21,21],"damage_taken":[{"damage":1.0,"enemies":"Small Slimes","floor":1.0,"turns":4.0},{"damage":1.0,"enemies":"Cultist","floor":2.0,"turns":4.0},{"damage":0.0,"enemies":"2 Louse","floor":4.0,"turns":3.0},{"damage":15.0,"enemies":"3 Sentries","floor":8.0,"turns":6.0},{"damage":1.0,"enemies":"Exordium Wildlife","floor":10.0,"turns":3.0},{"damage":13.0,"enemies":"Gremlin Nob","floor":11.0,"turns":4.0},{"damage":10.0,"enemies":"3 Sentries","floor":13.0,"turns":4.0},{"damage":0.0,"enemies":"Lots of Slimes","floor":14.0,"turns":1.0},{"damage":4.0,"enemies":"Hexaghost","floor":16.0,"turns":8.0},{"damage":18.0,"enemies":"3 Byrds","floor":18.0,"turns":5.0},{"damage":1.0,"enemies":"Shell Parasite","floor":19.0,"turns":2.0},{"damage":14,"enemies":"Masked Bandits","floor":21,"turns":4},{"damage":33,"enemies":"Slavers","floor":23,"turns":2}],"seed_played":"1633962675310477916","potions_obtained":[{"floor":10.0,"key":"PowerPotion"},{"floor":11.0,"key":"LiquidMemories"},{"floor":13.0,"key":"EssenceOfSteel"},{"floor":14.0,"key":"EntropicBrew"},{"floor":18.0,"key":"SneckoOil"}],"is_trial":false,"path_per_floor":["M","M","?","M","?","R","?","E","T","M","E","$","E","M","R","B",null,"M","M","$","?","$","E"],"character_chosen":"THE_SILENT","items_purchased":["Matryoshka","Footwork","Sling"],"campfire_rested":0,"item_purchase_floors":[12,12,22],"current_hp_per_floor":[62,61,61,61,61,61,66,51,51,50,37,37,27,27,27,48,65,47,46,46,32,32,0,0],"gold":117,"neow_bonus":"BOSS_RELIC","is_daily":false,"chose_seed":false,"campfire_upgraded":2,"win_rate":0.0,"timestamp":1612349315,"path_taken":["M","M","?","?","?","R","?","E","T","M","E","?","E","M","R","BOSS","M","M","?","?","$","E"],"items_purchased_type":["Relic","Card","Relic"],"build_version":"2020-12-22","purchased_purges":1,"victory":false,"max_hp_per_floor":[70,70,70,70,65,65,70,70,70,70,70,70,70,70,70,70,70,70,70,70,70,70,70,70],"relic_stats":{"Nunchaku":[6],"counters":[13,50],"Golden Idol":69,"Dead Branch":[12],"Pantograph":25,"StoneCalendar":[52],"Black Star":3,"obtain_stats":[{"Potion Belt":9,"Golden Idol":5,"Dead Branch":13,"StoneCalendar":11,"The Courier":11,"Incense Burner":8,"Sling":22,"Nunchaku":8,"Matryoshka":12,"Pantograph":13,"Black Star":0,"Red Mask":21,"Ring of the Snake":0,"Runic Pyramid":17},{"Potion Belt":4,"Golden Idol":3,"Dead Branch":7,"StoneCalendar":6,"The Courier":6,"Incense Burner":4,"Sling":12,"Nunchaku":4,"Matryoshka":6,"Pantograph":7,"Black Star":0,"Red Mask":12,"Ring of the Snake":0,"Runic Pyramid":9},{"Potion Belt":17,"Golden Idol":11,"Dead Branch":28,"StoneCalendar":24,"The Courier":24,"Incense Burner":17,"Sling":48,"Nunchaku":17,"Matryoshka":24,"Pantograph":28,"Black Star":0,"Red Mask":48,"Ring of the Snake":0,"Runic Pyramid":37}]},"card_choices":[{"not_picked":["Deflect","PiercingWail"],"picked":"Dagger Spray","floor":1.0},{"not_picked":["Dodge and Roll","Prepared","Underhanded Strike"],"picked":"SKIP","floor":2.0},{"not_picked":["Dodge and Roll","Sucker Punch"],"picked":"Dagger Spray","floor":4.0},{"not_picked":["Expertise","Outmaneuver"],"picked":"Endless Agony","floor":8.0},{"not_picked":["Dodge and Roll","Blade Dance"],"picked":"Envenom","floor":10.0},{"not_picked":["Die Die Die","Quick Slash"],"picked":"Catalyst","floor":11.0},{"not_picked":["Eviscerate","Crippling Poison"],"picked":"Catalyst","floor":13.0},{"not_picked":["Well Laid Plans","Outmaneuver"],"picked":"Catalyst","floor":14.0},{"not_picked":["Grand Finale","Glass Knife"],"picked":"Tools of the Trade","floor":16.0},{"not_picked":["Infinite Blades","Bane","Blade Dance"],"picked":"SKIP","floor":18.0},{"not_picked":["Dodge and Roll","Finisher"],"picked":"Dagger Spray+1","floor":21}],"player_experience":284473,"relics_obtained":[{"floor":8.0,"key":"Nunchaku"},{"floor":8.0,"key":"Incense Burner"},{"floor":9.0,"key":"Potion Belt"},{"floor":11.0,"key":"StoneCalendar"},{"floor":11.0,"key":"The Courier"},{"floor":13.0,"key":"Dead Branch"},{"floor":13.0,"key":"Pantograph"},{"floor":21,"key":"Red Mask"}],"event_choices":[{"cards_removed":["Strike_G"],"damage_healed":0.0,"max_hp_gain":0.0,"max_hp_loss":0.0,"gold_gain":0.0,"event_name":"Bonfire Elementals","player_choice":"Offered Basic","floor":3.0,"gold_loss":0.0,"damage_taken":0.0},{"damage_healed":0.0,"max_hp_gain":0.0,"max_hp_loss":5.0,"gold_gain":0.0,"event_name":"Golden Idol","player_choice":"Lose Max HP","floor":5.0,"gold_loss":0.0,"damage_taken":0.0,"relics_obtained":["Golden Idol"]},{"damage_healed":0.0,"max_hp_gain":5.0,"max_hp_loss":0.0,"gold_gain":0.0,"event_name":"Big Fish","player_choice":"Donut","floor":7.0,"gold_loss":0.0,"damage_taken":0.0},{"damage_healed":0,"gold_gain":0,"player_choice":"Fought Bandits","damage_taken":0,"max_hp_gain":0,"max_hp_loss":0,"event_name":"Masked Bandits","floor":21,"gold_loss":0}],"is_beta":false,"boss_relics":[{"not_picked":["Ectoplasm","Cursed Key"],"picked":"Runic Pyramid"}],"items_purged_floors":[20],"is_endless":false,"potions_floor_spawned":[10,11,13,14,18,19],"killed_by":"Slavers","ascension_level":7}}