{"host":"bd3tl98ed0kk4173","time":1612387780,"event":{"mods":["Aspiration","Astrologer","BaseMod","Beaked The Cultist","Better Altar","Better Match","Better Note","Better Sensory Stone","Better Skull","Better Third Choice","BetterRewards","CapriCore","Colored Map","Colored Powertips","Conspire","Emptier Cage","Energized Spire","GifTheSpireLib","GungeonMod","Halation","HexUI Lib","Highlight Path","Hubris","Infinite Spire","Jorbs\u0027s Wanderer Trilogy","Koishi","Melee Mod","Minty Spire (QoL Compilation)","Permanent Neow","Quick Restart","Rare Cards Sparkle","Reliquary","Replay The Spire","SacredBarkPlus","Spicy Shops","Spire Arcade","StSLib","Stuff the Spire","The Animator","The Blue Laboratory","The Disciple","The Judge","The Problem Sleuth","The Sage","The Valiant","??????REMEMod"],"gold_per_floor":[102,53,55,62,6,17,17,32,58,63,63,80,60,73,73,161,161,166,166,179,104,104,104],"floor_reached":22,"language":"ENG","playtime":1833,"items_purged":["Overencumbered"],"score":180,"play_id":"116f28e3-6f71-48ce-b5b7-c6ea1794e470","local_time":"20210203162940","is_ascension_mode":false,"campfire_choices":[{"data":"Koishi:MassHysteria","floor":11,"key":"SMITH"}],"circlet_count":0,"master_deck":["Koishi:BasicStrike","Koishi:BasicStrike","Koishi:BasicStrike","Koishi:BasicStrike","Koishi:BasicDefend","Koishi:BasicDefend","Koishi:BasicDefend","Koishi:BasicDefend","Koishi:Provoke","Koishi:HauntingSlash","Koishi:RollingInRichesHeart","Koishi:MassHysteria+1","Koishi:Prune","Koishi:PerfectMindControl","Koishi:BramblyRoseGarden","Koishi:RorschachInDanmaku","Koishi:RacingHeart","hubris:Fate","Koishi:JumpScare","Koishi:CatchAndRose","Koishi:RuptureMind","Koishi:ImGoingToCallYouNow","Koishi:Catatonia+1","Koishi:UnconsciousUrges+1","Koishi:PredatoryInstincts+1","Koishi:TremblingHands+1","StuffTheSpire:PlasmaPulse+1"],"relics":["Koishi:ImaginaryFriend","REME_ComplimentaryCards","ReplayTheSpireMod:CursedCoin","DemoMod:GnawedKey","halation:LettersToHer","Durian","beaked:SacredDeck"],"acts_visited":["Exordium","TheCity"],"potions_floor_usage":[8,16],"damage_taken":[{"damage":0.0,"enemies":"Jaw Worm","floor":1.0,"turns":4.0},{"damage":4.0,"enemies":"Cultist","floor":3.0,"turns":4.0},{"damage":0.0,"enemies":"Small Slimes","floor":4.0,"turns":4.0},{"damage":0.0,"enemies":"3 Louse","floor":6.0,"turns":6.0},{"damage":3,"enemies":"Large Slime","floor":8,"turns":3},{"damage":0,"enemies":"Looter","floor":10,"turns":4},{"damage":0,"enemies":"3 Louse","floor":12,"turns":4},{"damage":0,"enemies":"Red Slaver","floor":14,"turns":1},{"damage":19,"enemies":"Hexaghost","floor":16,"turns":8},{"damage":2,"enemies":"Chosen","floor":18,"turns":6},{"damage":27,"enemies":"2 Thieves","floor":20,"turns":4},{"damage":44,"enemies":"Snake Plant","floor":22,"turns":3}],"seed_played":"-7283217505124439733","potions_obtained":[{"floor":3.0,"key":"SpeedPotion"},{"floor":10,"key":"BlessingOfTheForge"},{"floor":12,"key":"blueLaboratory:SavagePotion"},{"floor":13,"key":"blueLaboratory:EnragingPotion"}],"is_trial":false,"path_per_floor":["M","$","M","M","$","M","?","M","T","M","R","M","?","M","R_BF","B",null,"M","?","M","?","M"],"character_chosen":"KOISHI","items_purchased":["Koishi:Prune","ReplayTheSpireMod:CursedCoin","Koishi:RorschachInDanmaku","DemoMod:GnawedKey","Elixir"],"campfire_rested":0,"item_purchase_floors":[2,5,5,5,5],"current_hp_per_floor":[60,60,58,58,58,58,43,40,40,44,44,49,49,53,58,48,65,65,65,41,41,0,0],"gold":104,"neow_bonus":"ONE_RANDOM_RARE_CARD","is_daily":false,"chose_seed":false,"campfire_upgraded":1,"win_rate":0.0,"timestamp":1612387780,"path_taken":["M","$","M","M","$","M","?","M","T","M","R","M","?","M","R_BF","BOSS","M","?","M","?","?"],"items_purchased_type":["Card","Relic","Card","Relic","Potion"],"build_version":"2020-12-22","purchased_purges":1,"victory":false,"max_hp_per_floor":[60,60,60,60,60,60,60,60,60,60,60,60,60,60,65,65,65,65,65,65,65,65,65],"card_choices":[{"not_picked":["Koishi:StrangeCloudFist","Koishi:UnconsciousUprising"],"picked":"Koishi:MassHysteria","floor":1.0},{"not_picked":["Koishi:UnconsciousUprising","Koishi:DanmakuParanoia"],"picked":"Koishi:PerfectMindControl","floor":3.0},{"not_picked":["Koishi:SuperEgo","Koishi:PhilosophyOfTheDespised"],"picked":"Koishi:BramblyRoseGarden","floor":4.0},{"not_picked":["Koishi:UnansweredLove","Koishi:PhantomStrike"],"picked":"Koishi:RacingHeart","floor":6.0},{"not_picked":["infinitespire:TheBestDefense","infinitespire:SealOfDarkness+"],"picked":"hubris:Fate","floor":7.0},{"not_picked":["Koishi:EmbryosDream","Koishi:StingingMind"],"picked":"Koishi:JumpScare","floor":8},{"not_picked":["Koishi:PhantomStrike","Koishi:DNAsFlaw"],"picked":"Koishi:CatchAndRose","floor":10},{"not_picked":["Koishi:RacingHeart","Koishi:PhantomBarrier"],"picked":"Koishi:RuptureMind","floor":12},{"not_picked":["Koishi:SubconsciousSweep","Koishi:HeartAttack","Koishi:PhantomStrike"],"picked":"SKIP","floor":14},{"not_picked":["Koishi:PerfectMindControl","Koishi:MindStellarRelief"],"picked":"Koishi:ImGoingToCallYouNow","floor":16},{"not_picked":["Koishi:SubterraneanRose","Koishi:HeartfeltFancy"],"picked":"Koishi:UnconsciousUrges+1","floor":18},{"not_picked":["Koishi:Jaunt","Koishi:HeartfeltFancy"],"picked":"Koishi:PredatoryInstincts+1","floor":20},{"not_picked":["Koishi:Catatonia+1","Koishi:DanmakuParanoia+1"],"picked":"Koishi:TremblingHands+1","floor":21},{"not_picked":["REME_TheoryOfElimination+1","DemoMod:Spice+1"],"picked":"StuffTheSpire:PlasmaPulse+1","floor":21}],"player_experience":95980,"relics_obtained":[{"floor":9,"key":"halation:LettersToHer"}],"event_choices":[{"damage_healed":0,"gold_gain":0,"player_choice":"Bought 1 Potion","damage_taken":0,"max_hp_gain":0,"max_hp_loss":0,"event_name":"The Woman in Blue","floor":13,"gold_loss":0},{"damage_healed":0,"gold_gain":0,"player_choice":"Gave Potion","damage_taken":0,"relics_obtained":["Durian"],"max_hp_gain":0,"max_hp_loss":0,"event_name":"WeMeetAgain","floor":15,"gold_loss":0},{"damage_healed":0,"gold_gain":0,"player_choice":"Forge","damage_taken":0,"max_hp_gain":0,"max_hp_loss":0,"event_name":"Accursed Blacksmith","floor":19,"gold_loss":0,"cards_upgraded":["Koishi:Catatonia"]},{"damage_healed":0,"gold_gain":0,"player_choice":"2","damage_taken":0,"max_hp_gain":0,"max_hp_loss":0,"event_name":"betterMatch:BetterMatch","floor":21,"gold_loss":0,"cards_obtained":["betterMatch:UncommonCard","betterMatch:ColorlessUncommonCard"]}],"is_beta":false,"boss_relics":[{"not_picked":["energizedSpire:SpiderWeb","halation:Risk"],"picked":"beaked:SacredDeck"}],"items_purged_floors":[5],"is_endless":false,"potions_floor_spawned":[3,6,10,12],"killed_by":"Snake Plant","ascension_level":0}}