{"host":"bf5upntvbdompq33","time":1612333055,"event":{"mods":["BaseMod","Colored Map","Colored Powertips","Curses Come First","Minty Spire (QoL Compilation)","StSLib","The Hierophant","The Mystic"],"gold_per_floor":[113,35,48,13,13,46,46,46,96,125,136,169,169,48,48,167,167,180,198,198,76,76,76],"floor_reached":22,"language":"ENG","playtime":1214,"items_purged":["Strike_G","Strike_G"],"score":304,"play_id":"d544c04b-33a6-4e71-ab78-1ec57413c78e","local_time":"20210202231735","is_ascension_mode":true,"campfire_choices":[{"data":"Cloak And Dagger","floor":7,"key":"SMITH"},{"floor":15,"key":"REST"}],"circlet_count":0,"master_deck":["Strike_G","Defend_G","Defend_G","Defend_G","Defend_G","Survivor","Neutralize","Prepared","Noxious Fumes","Cloak And Dagger+1","Blade Dance","Malaise","Bouncing Flask","Quick Slash","Corpse Explosion","Deadly Poison","Envenom","Blade Dance","Backflip","Poisoned Stab"],"relics":["Ring of the Serpent","NeowsBlessing","MealTicket","Potion Belt","InkBottle","Kunai","Golden Idol"],"acts_visited":["Exordium","TheCity"],"potions_floor_usage":[],"damage_taken":[{"damage":0,"enemies":"Cultist","floor":1,"turns":1},{"damage":0,"enemies":"Small Slimes","floor":3,"turns":1},{"damage":0,"enemies":"Gremlin Nob","floor":6,"turns":1},{"damage":17,"enemies":"Lagavulin","floor":10,"turns":11},{"damage":14,"enemies":"2 Louse","floor":11,"turns":3},{"damage":16,"enemies":"Gremlin Nob","floor":12,"turns":4},{"damage":15,"enemies":"The Guardian","floor":16,"turns":8},{"damage":35,"enemies":"2 Thieves","floor":18,"turns":3},{"damage":13,"enemies":"Shell Parasite","floor":19,"turns":7},{"damage":32,"enemies":"Chosen and Byrds","floor":22,"turns":5}],"seed_played":"-4463956502531473550","potions_obtained":[{"floor":12,"key":"ColorlessPotion"},{"floor":16,"key":"SmokeBomb"}],"is_trial":false,"path_per_floor":["M","$","M","?","?","E","R","?","T","E","M","E","?","$","R","B",null,"M","M","?","$","M"],"character_chosen":"THE_SILENT","items_purchased":["Noxious Fumes","Deadly Poison","Poisoned Stab"],"campfire_rested":1,"item_purchase_floors":[2,14,21],"current_hp_per_floor":[63,63,63,70,63,63,63,63,63,46,32,16,16,31,50,35,58,23,10,10,25,0,0],"gold":76,"neow_bonus":"THREE_ENEMY_KILL","is_daily":false,"chose_seed":false,"campfire_upgraded":1,"win_rate":0.0,"timestamp":1612333055,"path_taken":["M","$","?","?","?","E","R","?","T","E","M","E","?","?","R","BOSS","M","M","?","$","M"],"items_purchased_type":["Card","Card","Card"],"build_version":"2020-12-22","purchased_purges":2,"victory":false,"max_hp_per_floor":[70,70,70,70,70,70,70,70,70,70,70,70,65,65,65,65,65,65,65,65,65,65,65],"card_choices":[{"not_picked":["Blade Dance","Bouncing Flask"],"picked":"Prepared","floor":1},{"not_picked":["Deflect","Heel Hook"],"picked":"Cloak And Dagger","floor":3},{"not_picked":["Dagger Throw","Prepared"],"picked":"Blade Dance","floor":6},{"not_picked":["Poisoned Stab","Cloak And Dagger"],"picked":"Bouncing Flask","floor":10},{"not_picked":["Prepared","PiercingWail"],"picked":"Quick Slash","floor":11},{"not_picked":["Cloak And Dagger","Riddle With Holes"],"picked":"Corpse Explosion","floor":12},{"not_picked":["Corpse Explosion","Night Terror"],"picked":"Envenom","floor":16},{"not_picked":["Backflip","Sucker Punch"],"picked":"Blade Dance","floor":18},{"not_picked":["Deflect+1","Sucker Punch+1"],"picked":"Backflip","floor":19}],"player_experience":1356449,"relics_obtained":[{"floor":6,"key":"MealTicket"},{"floor":9,"key":"Potion Belt"},{"floor":10,"key":"InkBottle"},{"floor":12,"key":"Kunai"}],"event_choices":[{"damage_healed":17,"gold_gain":0,"player_choice":"Healed","damage_taken":0,"max_hp_gain":0,"max_hp_loss":0,"event_name":"The Cleric","floor":4,"gold_loss":35},{"cards_removed":["Strike_G"],"damage_healed":0,"gold_gain":0,"player_choice":"Card Removal","damage_taken":7,"max_hp_gain":0,"max_hp_loss":0,"event_name":"Golden Wing","floor":5,"gold_loss":0},{"damage_healed":0,"gold_gain":0,"cards_transformed":["Strike_G"],"player_choice":"Change","damage_taken":0,"max_hp_gain":0,"max_hp_loss":0,"event_name":"Living Wall","floor":8,"gold_loss":0,"cards_obtained":["Malaise"]},{"damage_healed":0,"gold_gain":0,"player_choice":"Lose Max HP","damage_taken":0,"relics_obtained":["Golden Idol"],"max_hp_gain":0,"max_hp_loss":5,"event_name":"Golden Idol","floor":13,"gold_loss":0},{"cards_removed":["Defend_G"],"damage_healed":0,"gold_gain":0,"player_choice":"Elegance","damage_taken":0,"max_hp_gain":0,"max_hp_loss":0,"event_name":"Back to Basics","floor":20,"gold_loss":0}],"is_beta":false,"boss_relics":[{"not_picked":["WristBlade","Busted Crown"],"picked":"Ring of the Serpent"}],"items_purged_floors":[14,21],"is_endless":false,"potions_floor_spawned":[12,16],"killed_by":"Chosen and Byrds","ascension_level":7}}