{"host":"s21r9c1cdih2g0le","time":1612376234,"event":{"mods":["Aspiration","BaseMod","BetterRewards","Colored Map","Conspire","Downfall","Energized Spire","Friendly Minions","GifTheSpireLib","Hubris","Infinite Spire","Ironclad Rager","Jorbs\u0027s Wanderer Trilogy","Mimic Mod","Minty Spire (QoL Compilation)","Replay The Spire","StSLib","Stuff the Spire","SuperFastMode","The Mystic","Wandering Minibosses"],"gold_per_floor":[349,366,53,153,65,65,65,65],"floor_reached":6,"language":"ENG","playtime":328,"items_purged":[],"score":32,"play_id":"ce46d95a-1082-4f2e-99f9-f52313665614","local_time":"20210203191714","is_ascension_mode":false,"campfire_choices":[{"floor":1,"key":"RECALL"}],"circlet_count":0,"master_deck":["champ:Strike","champ:Strike","champ:Strike","champ:Strike","champ:Defend","champ:Defend","champ:Defend","champ:Defend","champ:Execute","champ:Taunt","champ:ShieldSigil","champ:PerfectedStrike","champ:FanOfKnives","champ:DefensiveStyle","champ:SwordSigil"],"relics":["champ:ChampionCrown","StuffTheSpire:DarkSteelAnvil","Champion Belt"],"acts_visited":["Exordium"],"potions_floor_usage":[],"damage_taken":[{"damage":20,"enemies":"Small Slimes","floor":2,"turns":3},{"damage":40,"enemies":"downfall:FleeingMerchant","floor":3,"turns":4},{"damage":43,"enemies":"downfall:FleeingMerchant","floor":4,"turns":5},{"damage":0,"enemies":"downfall:FleeingMerchant","floor":5,"turns":4},{"damage":34,"enemies":"Replay:BlueRogue","floor":6,"turns":3}],"seed_played":"-2304179115163029932","potions_obtained":[{"floor":4,"key":"Doom Potion"}],"is_trial":false,"path_per_floor":["R","M","$","?","$","E"],"character_chosen":"THE_CHAMP","items_purchased":["StuffTheSpire:DarkSteelAnvil","champ:SwordSigil"],"campfire_rested":0,"item_purchase_floors":[3,5],"current_hp_per_floor":[63,63,63,30,30,0,0,0],"gold":65,"neow_bonus":"TWO_FIFTY_GOLD","is_daily":false,"chose_seed":false,"campfire_upgraded":0,"win_rate":0.0,"timestamp":1612376234,"path_taken":["R","M","$","?","$","E"],"items_purchased_type":["Relic","Card"],"build_version":"2020-12-22","purchased_purges":0,"victory":false,"max_hp_per_floor":[90,90,90,90,90,90,90,90],"card_choices":[{"not_picked":["champ:BringItOn","champ:PreciseThrust"],"picked":"champ:ShieldSigil","floor":2},{"not_picked":["champ:DefensiveStyle","champ:BerserkersShout"],"picked":"champ:PerfectedStrike","floor":3},{"not_picked":["champ:Haymaker","champ:Shatter"],"picked":"champ:FanOfKnives","floor":4},{"not_picked":["champ:AdrenalArmor","champ:EnGarde"],"picked":"champ:DefensiveStyle","floor":5}],"player_experience":338172,"relics_obtained":[{"floor":4,"key":"Champion Belt"}],"event_choices":[],"is_beta":false,"boss_relics":[],"items_purged_floors":[],"is_endless":false,"potions_floor_spawned":[4],"killed_by":"Replay:BlueRogue","ascension_level":0}}