{"host":"hka8b3f4pkvnp4ei","time":1612366111,"event":{"mods":["BaseMod","Minty Spire (QoL Compilation)","Quick Restart","Replay The Spire","StSLib"],"gold_per_floor":[118,43,241,257,273,273,297,325,400,413,413,413],"floor_reached":11,"language":"ZHS","playtime":381,"items_purged":["Defend_P"],"score":196,"play_id":"4ac93a9e-9dcf-45fb-ac43-c9f28211ad85","local_time":"20210203232831","is_ascension_mode":true,"campfire_choices":[{"data":"CrushJoints","floor":6.0,"key":"SMITH"}],"circlet_count":0,"master_deck":["AscendersBane","Strike_P","Strike_P","Strike_P","Strike_P","Defend_P","Defend_P","Defend_P","Eruption+1","Vigilance","CrushJoints+1","Study"],"relics":["PureWater","Odd Mushroom","Smiling Mask","Replay:Bottled Flurry"],"acts_visited":["Exordium"],"potions_floor_usage":[7,8,11],"damage_taken":[{"damage":0.0,"enemies":"Jaw Worm","floor":1.0,"turns":6.0},{"damage":0.0,"enemies":"2 Louse","floor":4.0,"turns":3.0},{"damage":7.0,"enemies":"Small Slimes","floor":5.0,"turns":4.0},{"damage":2,"enemies":"The Mushroom Lair","floor":7,"turns":4},{"damage":0,"enemies":"Gremlin Nob","floor":8,"turns":2},{"damage":1,"enemies":"Looter","floor":10,"turns":4},{"damage":27,"enemies":"3 Sentries","floor":11,"turns":4}],"seed_played":"1035808810439332806","potions_obtained":[{"floor":1.0,"key":"Adrenaline Potion"},{"floor":4.0,"key":"LiquidMemories"},{"floor":7,"key":"GamblersBrew"}],"is_trial":false,"path_per_floor":["M","$","?","M","M","R","?","E","T","M","E"],"character_chosen":"WATCHER","items_purchased":[],"campfire_rested":0,"item_purchase_floors":[],"current_hp_per_floor":[61,61,39,39,32,32,30,30,30,29,2,2],"gold":413,"neow_bonus":"UPGRADE_CARD","is_daily":false,"chose_seed":false,"campfire_upgraded":1,"win_rate":0.0,"timestamp":1612366111,"path_taken":["M","$","?","M","M","R","?","E","T","M","E"],"items_purchased_type":[],"build_version":"2020-12-22","purchased_purges":1,"victory":false,"max_hp_per_floor":[68,68,68,68,68,68,68,68,68,68,68,68],"card_choices":[{"not_picked":["BattleHymn","Perseverance"],"picked":"CrushJoints","floor":1.0},{"not_picked":["WreathOfFlame","FlyingSleeves"],"picked":"Study","floor":3.0},{"not_picked":["Replay:Cycle","Protect","FlurryOfBlows"],"picked":"SKIP","floor":4.0},{"not_picked":["Replay:Battleflow","ClearTheMind","Replay:ManipulateFuture"],"picked":"SKIP","floor":5.0},{"not_picked":["ClearTheMind","FlurryOfBlows","CarveReality"],"picked":"SKIP","floor":8},{"not_picked":["Halt","Consecrate","JustLucky"],"picked":"SKIP","floor":10}],"player_experience":1097065,"relics_obtained":[{"floor":7,"key":"Odd Mushroom"},{"floor":8,"key":"Smiling Mask"},{"floor":9,"key":"Replay:Bottled Flurry"}],"event_choices":[{"damage_healed":0,"gold_gain":0,"player_choice":"Fought Mushrooms","damage_taken":0,"max_hp_gain":0,"max_hp_loss":0,"event_name":"Mushrooms","floor":7,"gold_loss":0}],"is_beta":false,"boss_relics":[],"items_purged_floors":[2],"is_endless":false,"potions_floor_spawned":[1,4,7],"killed_by":"3 Sentries","ascension_level":20}}