{"host":"40vzoph344nwp0en","time":1612358567,"event":{"mods":["2.2 Compatiblity","BaseMod","Bestiary","Challenge The Spire","Colored Map","GifTheSpireLib","Highlight Path","Infinite Spire","Minty Spire (QoL Compilation)","Potionbrewer","Relic Sorter","Reliquary","Replay The Spire","StSLib","SuperFastMode","TheSurvivalist"],"gold_per_floor":[119,136,100092,100092,100092,100092,100108,100108,100120,100120,100120,100120,100152,99305,98649,98050,98050,98153,98153,98165,98165,98165,98181,98191,98221,98221,97057,97057,97057,97057,96252,96272,96292,96292,96388,96388,96400,96415,96432,96432,96432,96432,96432,96432,96458,96491,95709,95737,95754,95766,95766,95766],"floor_reached":53,"language":"ENG","playtime":3081,"items_purged":["Defend_G","Defend_G","Regret","Strike_G","Strike_G","Strike_G","Delirium"],"score":908,"play_id":"18450ac3-a403-4680-9545-749644bed1a2","local_time":"20210203062247","is_ascension_mode":false,"campfire_choices":[{"data":"Neutralize","floor":8.0,"key":"SMITH"},{"data":"Deflect","floor":10.0,"key":"SMITH"},{"data":"Infinite Blades","floor":17.0,"key":"SMITH"},{"data":"Venomology","floor":26.0,"key":"SMITH"},{"data":"Accuracy","floor":29.0,"key":"SMITH"},{"data":"Dash","floor":29.0,"key":"SMITH"},{"data":"Specialist","floor":34.0,"key":"SMITH"},{"data":"Tools of the Trade","floor":34.0,"key":"SMITH"},{"data":"Noxious Fumes","floor":42.0,"key":"SMITH"},{"data":"Caltrops","floor":42.0,"key":"SMITH"},{"data":"Envenom","floor":44.0,"key":"SMITH"},{"data":"Backflip","floor":44.0,"key":"SMITH"},{"data":"After Image","floor":51,"key":"SMITH"},{"data":"Tools of the Trade","floor":51,"key":"SMITH"}],"circlet_count":0,"master_deck":["Defend_G","Defend_G","Defend_G","Survivor","Neutralize+1","Deflect+1","Backstab","Slice","Caltrops+1","infinitespire:Neurotoxin","Malaise+1","Noxious Fumes+1","Backflip+1","Forethought","Infinite Blades+1","PiercingWail","Dash+1","Flash of Steel","Accuracy+1","Venomology+1","Calculated Gamble+1","Cloak And Dagger","Blade Dance","Dagger Throw","Specialist+1","Poisoned Strike","Cloak And Dagger","Cloak And Dagger","Tools of the Trade+1","Envenom+1","PiercingWail+1","ReplayTheSpireMod:Scrap Shanks+1","infinitespire:Fortify","Tools of the Trade+1","After Image+1","Acrobatics"],"relics":["Ring of the Snake","reliquary:RoseTintedGlasses","reliquary:Pushpin","WingedGreaves","potionbrewer:ToyAutogyro","Akabeko","Torii","reliquary:RadioactivePellet","Strawberry","Lantern","Meat on the Bone","Philosopher\u0027s Stone","Ring of Misfortune","Chameleon Ring","Letter Opener","Replay:Arrowhead","Chemical X","Calipers","MutagenicStrength","Tingsha","Ancient Tea Set","reliquary:Bookmark","Art of War","Du-Vu Doll","reliquary:TuningFork","reliquary:ExpiredCoupon","Frozen Eye","Shuriken"],"acts_visited":["Exordium","TheCity","TheBeyond"],"potions_floor_usage":[46,48,49,49,50,50,50,52,52],"damage_taken":[{"damage":2.0,"enemies":"Small Slimes","floor":1.0,"turns":4.0},{"damage":2.0,"enemies":"Jaw Worm","floor":2.0,"turns":6.0},{"damage":1.0,"enemies":"2 Louse","floor":7.0,"turns":2.0},{"damage":9.0,"enemies":"Blue Slaver","floor":9.0,"turns":5.0},{"damage":40.0,"enemies":"Gremlin Nob","floor":13.0,"turns":6.0},{"damage":0.0,"enemies":"Hexaghost","floor":18.0,"turns":9.0},{"damage":1.0,"enemies":"Chosen","floor":20.0,"turns":4.0},{"damage":0.0,"enemies":"Spheric Guardian","floor":23.0,"turns":3.0},{"damage":2.0,"enemies":"3 Cultists","floor":24.0,"turns":5.0},{"damage":12.0,"enemies":"Gremlin Leader","floor":25.0,"turns":6.0},{"damage":0.0,"enemies":"Centurion and Healer","floor":32.0,"turns":3.0},{"damage":0.0,"enemies":"Snecko","floor":33.0,"turns":3.0},{"damage":12.0,"enemies":"Automaton","floor":35.0,"turns":8.0},{"damage":20.0,"enemies":"3 Darklings","floor":37.0,"turns":4.0},{"damage":8.0,"enemies":"Orb Walker","floor":38.0,"turns":3.0},{"damage":15.0,"enemies":"3 Darklings","floor":39.0,"turns":3.0},{"damage":12,"enemies":"Nightmare","floor":46,"turns":5},{"damage":1,"enemies":"Nemesis","floor":48,"turns":3},{"damage":0,"enemies":"Maw","floor":49,"turns":4},{"damage":10,"enemies":"Jaw Worm Horde","floor":50,"turns":2},{"damage":1,"enemies":"Time Eater","floor":52,"turns":8}],"seed_played":"-3980472154908729171","potions_obtained":[{"floor":1.0,"key":"EssenceOfSteel"},{"floor":7.0,"key":"potionbrewer:FreezingPotion"},{"floor":9.0,"key":"LifebloodPotion"},{"floor":20.0,"key":"potionbrewer:NoxiousPotion"},{"floor":23.0,"key":"DistilledChaos"},{"floor":25.0,"key":"potionbrewer:FreezingPotion"},{"floor":35.0,"key":"Regen Potion"},{"floor":39.0,"key":"FearPotion"},{"floor":46,"key":"Energy Potion"},{"floor":49,"key":"Poison Potion"},{"floor":50,"key":"potionbrewer:DiscountPotion"}],"is_trial":false,"path_per_floor":["M","M","?","?","PTL","PTL","M","R","M","R","T","?","E","$","$","$","R","B",null,"M","?","?","M","M","E","R","$","T","R","?","$","M","M","R","B",null,"M","M","M","?","?","R","AVR","R","T","NM","$","E","M","M","R","B",null],"character_chosen":"THE_SILENT","items_purchased":["Akabeko","Torii","Noxious Fumes","Backflip","Adrenaline Potion","Adrenaline Potion","Energy Potion","Forethought","reliquary:RadioactivePellet","Strawberry","Infinite Blades","PiercingWail","Dash","Flash of Steel","Accuracy","Lantern","Meat on the Bone","Specialist","Poisoned Strike","Letter Opener","Replay:Arrowhead","Chemical X","AttackPotion","Tingsha","Ancient Tea Set","potionbrewer:SalesContract","Cloak And Dagger","reliquary:TuningFork","reliquary:ExpiredCoupon","Frozen Eye","After Image"],"campfire_rested":0,"item_purchase_floors":[14,14,14,14,14,14,14,14,15,15,15,15,15,15,16,16,16,27,27,27,27,27,27,31,31,31,31,47,47,47,47],"current_hp_per_floor":[68,66,66,66,66,66,65,65,56,56,56,56,16,16,23,23,23,35,77,76,76,76,76,74,62,62,62,62,62,62,62,62,62,62,50,77,57,49,52,52,52,52,52,52,52,40,40,39,39,41,41,40],"gold":95766,"neow_bonus":"RANDOM_COMMON_RELIC","is_daily":false,"chose_seed":false,"campfire_upgraded":14,"win_rate":0.0,"timestamp":1612358567,"path_taken":["M","M","?","?","PTL","PTL","M","R","M","R","T","?","E","$","$","$","R","BOSS","M","?","?","M","M","E","R","$","T","R","?","$","M","?","R","BOSS","M","M","M","?","?","R","AVR","R","T","NM","$","E","M","?","R","BOSS"],"items_purchased_type":["Relic","Relic","Card","Card","Potion","Potion","Potion","Card","Relic","Relic","Card","Card","Card","Card","Card","Relic","Relic","Card","Card","Relic","Relic","Relic","Potion","Relic","Relic","Relic","Card","Relic","Relic","Relic","Card"],"build_version":"2020-12-22","purchased_purges":7,"victory":true,"max_hp_per_floor":[70,70,70,70,70,70,70,70,70,70,70,70,70,70,77,77,77,77,77,77,77,77,77,77,77,77,77,77,77,77,77,77,77,77,77,77,77,77,77,77,77,77,77,77,77,77,77,77,77,77,77,77],"card_choices":[{"not_picked":["Dagger Throw","Bouncing Flask"],"picked":"Deflect","floor":1.0},{"not_picked":["ReplayTheSpireMod:Shiv Toss","Tactician"],"picked":"Backstab","floor":2.0},{"not_picked":["Heel Hook","Sucker Punch"],"picked":"Slice","floor":7.0},{"not_picked":["Dagger Spray","Quick Slash"],"picked":"Caltrops","floor":9.0},{"not_picked":["Burst","Concentrate"],"picked":"Malaise","floor":13.0},{"not_picked":["Malaise","Bullet Time"],"picked":"Venomology","floor":18.0},{"not_picked":["Outmaneuver","Accuracy"],"picked":"Calculated Gamble+1","floor":20.0},{"not_picked":["Deadly Poison","Calculated Gamble"],"picked":"Blade Dance","floor":23.0},{"not_picked":["Deadly Poison","Calculated Gamble"],"picked":"Dagger Throw","floor":24.0},{"not_picked":["Quick Slash+1","Dagger Spray","Outmaneuver+1"],"picked":"SKIP","floor":25.0},{"not_picked":["Slice","Deflect+1"],"picked":"Tools of the Trade","floor":32.0},{"not_picked":["Endless Agony","Backflip","Dodge and Roll"],"picked":"SKIP","floor":33.0},{"not_picked":["Corpse Explosion","Phantasmal Killer"],"picked":"Envenom","floor":35.0},{"not_picked":["Replay:Poison Smokescreen+1","Slice","Quick Slash"],"picked":"SKIP","floor":37.0},{"not_picked":["Replay:Poison Smokescreen+1","Slice","Quick Slash"],"picked":"SKIP","floor":37.0},{"not_picked":["Blade Dance+1","Cloak And Dagger+1"],"picked":"PiercingWail+1","floor":38.0},{"not_picked":["Skewer","Infinite Blades"],"picked":"ReplayTheSpireMod:Scrap Shanks+1","floor":39.0},{"not_picked":["Atom Bomb","Slice+1"],"picked":"Tools of the Trade","floor":46},{"not_picked":["PiercingWail","ReplayTheSpireMod:Scrap Shanks","Cloak And Dagger"],"picked":"SKIP","floor":48},{"not_picked":["PiercingWail","Well Laid Plans","Predator+1"],"picked":"SKIP","floor":49},{"not_picked":["Blade Dance+1","Skewer"],"picked":"Acrobatics","floor":50}],"player_experience":406716,"relics_obtained":[{"floor":11.0,"key":"WingedGreaves"},{"floor":13.0,"key":"potionbrewer:ToyAutogyro"},{"floor":21.0,"key":"Ring of Misfortune"},{"floor":25.0,"key":"Chameleon Ring"},{"floor":28.0,"key":"Calipers"},{"floor":45.0,"key":"Art of War"},{"floor":46,"key":"Du-Vu Doll"},{"floor":48,"key":"Shuriken"}],"event_choices":[{"damage_healed":0.0,"max_hp_gain":0.0,"max_hp_loss":0.0,"gold_gain":0.0,"event_name":"World of Goop","player_choice":"Left Gold","floor":3.0,"gold_loss":43.0,"damage_taken":0.0},{"damage_healed":0.0,"max_hp_gain":0.0,"max_hp_loss":0.0,"gold_gain":0.0,"event_name":"Big Fish","player_choice":"Box","floor":4.0,"gold_loss":0.0,"damage_taken":0.0,"relics_obtained":["reliquary:Pushpin"],"cards_obtained":["Regret"]},{"damage_healed":0.0,"max_hp_gain":0.0,"max_hp_loss":0.0,"gold_gain":0.0,"cards_transformed":["Strike_G"],"event_name":"Living Wall","player_choice":"Change","floor":12.0,"gold_loss":0.0,"damage_taken":0.0,"cards_obtained":["infinitespire:Neurotoxin"]},{"damage_healed":0.0,"max_hp_gain":0.0,"max_hp_loss":0.0,"gold_gain":0.0,"event_name":"The Library","player_choice":"Read","floor":22.0,"gold_loss":0.0,"damage_taken":0.0,"cards_obtained":["Cloak And Dagger"]},{"damage_healed":0.0,"max_hp_gain":0.0,"max_hp_loss":0.0,"gold_gain":0.0,"event_name":"Drug Dealer","player_choice":"Inject Mutagens","floor":30.0,"gold_loss":0.0,"damage_taken":0.0,"relics_obtained":["MutagenicStrength"]},{"cards_removed":["Strike_G"],"damage_healed":0.0,"max_hp_gain":0.0,"max_hp_loss":0.0,"gold_gain":0.0,"event_name":"Falling","player_choice":"Removed Attack","floor":40.0,"gold_loss":0.0,"damage_taken":0.0},{"damage_healed":0.0,"max_hp_gain":0.0,"max_hp_loss":0.0,"gold_gain":0.0,"event_name":"Upgrade Shrine","player_choice":"Upgraded","floor":41.0,"gold_loss":0.0,"damage_taken":0.0,"cards_upgraded":["Malaise"]}],"is_beta":false,"boss_relics":[{"not_picked":["reliquary:RedPaperclip","Snecko Eye"],"picked":"Philosopher\u0027s Stone"},{"not_picked":["Runic Pyramid","Sozu","reliquary:Craggleroot"]}],"items_purged_floors":[14,15,16,27,31,43,47],"is_endless":false,"potions_floor_spawned":[1,7,9,20,23,25,32,35,39,46,49,50],"ascension_level":0}}