{"host":"gzk4gkgy3zij1c51","time":1612394871,"event":{"mods":["BaseMod","Colored Map","Downfall","Highlight Path","Marked Mod","Minty Spire (QoL Compilation)","Relic Stats","StSLib","everything is the same but u backflip on backflip"],"gold_per_floor":[99,116,130,155,54,68,93,123,162,274,302,214,226,238,260,371,383,395,419,445,156,169,195,195,205,205,5,33,33,18,30,41,41,41,41],"floor_reached":33,"language":"ENG","playtime":2232,"items_purged":["downfall:Malfunctioning"],"score":390,"play_id":"4ac476cc-3b83-4dce-8e91-dbcb9ecc8cdf","local_time":"20210203232751","is_ascension_mode":true,"campfire_choices":[{"data":"Slimebound:Split","floor":1,"key":"SMITH"},{"data":"Slimebound:SlimeBarrage","floor":12,"key":"SMITH"},{"floor":18,"key":"RECALL"},{"data":"Slimebound:OneTwoCombo","floor":27,"key":"SMITH"},{"floor":29,"key":"REST"}],"circlet_count":0,"master_deck":["Slimebound:Strike_Slimebound","Slimebound:Tackle","Slimebound:Defend_Slimebound+1","Slimebound:Defend_Slimebound+1","Slimebound:Defend_Slimebound","Slimebound:Defend_Slimebound","Slimebound:Split+1","Slimebound:CorrosiveSpit+1","Panacea","Slimebound:LeechingTouch","Slimebound:SlimeSpikes","Slimebound:Recollect+1","Slimebound:SlimeBarrage+1","Slimebound:SplitLeeching+1","Slimebound:RollThrough","Slimebound:Nibble","Slimebound:LeechLife+1","Slimebound:PressTheAttack+1","Slimebound:Chomp","Slimebound:PressTheAttack","Slimebound:PrepareCrush+1","Slimebound:TagTeam","Slimebound:GoopTackle+1","Slimebound:SlimeTap+1","Slimebound:MinionMaster","Slimebound:OozeBath","Slimebound:OneTwoCombo+1","Slimebound:AcidTongue","downfall:Bewildered","Slimebound:LeadByExample","Slimebound:GrowthPunch","Slimebound:DisruptingSlam"],"relics":["Slimebound:AbsorbEndCombat","War Paint","MawBank","bronze:DecasWashers","downfall:HeartBlessingGreen","downfall:BrokenWingStatue","Slimebound:TarBlob","champ:Barbells","Blood Vial","sneckomod:BabySnecko","downfall:HeartBlessingBlue","downfall:HeartBlessingRed","Oddly Smooth Stone"],"acts_visited":["Exordium","TheCity"],"potions_floor_usage":[16,16,23,30,30,30,32],"damage_taken":[{"damage":0,"enemies":"Cultist","floor":2,"turns":4},{"damage":10,"enemies":"Small Slimes","floor":3,"turns":4},{"damage":0,"enemies":"downfall:FleeingMerchant","floor":5,"turns":4},{"damage":0,"enemies":"Jaw Worm","floor":6,"turns":4},{"damage":4,"enemies":"Blue Slaver","floor":8,"turns":5},{"damage":41,"enemies":"Gremlin Nob","floor":9,"turns":6},{"damage":4,"enemies":"downfall:Heads","floor":10,"turns":5},{"damage":10,"enemies":"Exordium Wildlife","floor":11,"turns":5},{"damage":5,"enemies":"Lots of Slimes","floor":15,"turns":4},{"damage":27,"enemies":"WA_ARCHETYPE_RETAIN","floor":16,"turns":7},{"damage":1,"enemies":"Spheric Guardian","floor":19,"turns":3},{"damage":11,"enemies":"Shell Parasite","floor":20,"turns":3},{"damage":3,"enemies":"downfall:FleeingMerchant","floor":21,"turns":4},{"damage":24,"enemies":"Snake Plant","floor":22,"turns":3},{"damage":20,"enemies":"Book of Stabbing","floor":23,"turns":5},{"damage":16,"enemies":"Snecko","floor":25,"turns":3},{"damage":46,"enemies":"Slavers","floor":28,"turns":4},{"damage":0,"enemies":"downfall:FleeingMerchant","floor":30,"turns":4},{"damage":14,"enemies":"Shelled Parasite and Fungi","floor":31,"turns":3},{"damage":14,"enemies":"Snake Plant","floor":32,"turns":3},{"damage":59,"enemies":"DF_ARCHETYPE_CLAW","floor":33,"turns":6}],"seed_played":"625036849669156072","potions_obtained":[{"floor":9,"key":"SteroidPotion"},{"floor":10,"key":"DuplicationPotion"},{"floor":11,"key":"LiquidBronze"},{"floor":16,"key":"CultistPotion"},{"floor":19,"key":"DuplicationPotion"},{"floor":23,"key":"LiquidBronze"},{"floor":31,"key":"Swift Potion"}],"is_trial":false,"path_per_floor":["R","M","M","T","$","M","T","M","E","?","M","R","?","?","M","B",null,"R","M","M","$","M","E","T","M","?","R","E","R","$","M","M","B"],"character_chosen":"SLIMEBOUND","items_purchased":["Slimebound:SlimeBarrage","Slimebound:SplitLeeching","champ:Barbells","Slimebound:OozeBath"],"campfire_rested":1,"item_purchase_floors":[5,5,21,21],"current_hp_per_floor":[59,65,59,59,63,65,65,63,30,34,34,34,34,34,39,28,56,56,63,56,65,54,58,58,50,50,60,28,50,54,57,49,0,0,0],"gold":41,"neow_bonus":"RANDOM_COLORLESS","is_daily":false,"chose_seed":false,"campfire_upgraded":3,"win_rate":0.0,"timestamp":1612394871,"path_taken":["R","M","M","?","$","M","T","M","E","?","?","R","?","?","M","BOSS","R","M","M","$","M","E","T","M","?","R","E","R","$","M","M","BOSS"],"items_purchased_type":["Card","Card","Relic","Card"],"build_version":"2020-12-22","purchased_purges":1,"victory":false,"max_hp_per_floor":[65,65,65,65,65,65,65,65,65,65,65,65,65,65,65,65,65,65,65,65,65,65,65,65,65,65,75,75,75,75,75,75,75,75,75],"relic_stats":{"Blood Vial":12,"counters":[21,87],"War Paint":["Slimebound:CorrosiveSpit","Slimebound:Defend_Slimebound"],"MawBank":168,"obtain_stats":[{"champ:Barbells":21,"downfall:HeartBlessingRed":27,"bronze:DecasWashers":9,"Oddly Smooth Stone":28,"downfall:HeartBlessingGreen":12,"War Paint":4,"MawBank":7,"Slimebound:TarBlob":17,"Blood Vial":23,"sneckomod:BabySnecko":26,"downfall:BrokenWingStatue":13,"downfall:HeartBlessingBlue":27,"Slimebound:AbsorbEndCombat":0},{"champ:Barbells":13,"downfall:HeartBlessingRed":16,"bronze:DecasWashers":6,"Oddly Smooth Stone":17,"downfall:HeartBlessingGreen":8,"War Paint":2,"MawBank":4,"Slimebound:TarBlob":10,"Blood Vial":15,"sneckomod:BabySnecko":16,"downfall:BrokenWingStatue":8,"downfall:HeartBlessingBlue":16,"Slimebound:AbsorbEndCombat":0},{"champ:Barbells":57,"downfall:HeartBlessingRed":68,"bronze:DecasWashers":26,"Oddly Smooth Stone":71,"downfall:HeartBlessingGreen":36,"War Paint":8,"MawBank":16,"Slimebound:TarBlob":47,"Blood Vial":65,"sneckomod:BabySnecko":68,"downfall:BrokenWingStatue":36,"downfall:HeartBlessingBlue":68,"Slimebound:AbsorbEndCombat":0}]},"card_choices":[{"not_picked":["Madness","Bandage Up"],"picked":"Panacea","floor":0},{"not_picked":["Slimebound:LivingWall","Slimebound:SamplingLick"],"picked":"Slimebound:LeechingTouch","floor":2},{"not_picked":["Slimebound:Replication","Slimebound:TongueLash"],"picked":"Slimebound:SlimeSpikes","floor":3},{"not_picked":["Slimebound:FinishingTackle","Slimebound:HungryTackle"],"picked":"Slimebound:Recollect","floor":5},{"not_picked":["Slimebound:SlimeBrawl","Slimebound:LeechingTouch"],"picked":"Slimebound:RollThrough","floor":6},{"not_picked":["Slimebound:Grow","Slimebound:Schlurp"],"picked":"Slimebound:Nibble","floor":8},{"not_picked":["Slimebound:Dissolve","Slimebound:SlimeTap"],"picked":"Slimebound:LeechLife","floor":9},{"not_picked":["Slimebound:SlimeSpikes","Slimebound:RainOfGoop"],"picked":"Slimebound:PressTheAttack","floor":10},{"not_picked":["Slimebound:Replication","Slimebound:RejuvenatingLick"],"picked":"Slimebound:PressTheAttack","floor":11},{"not_picked":["Slimebound:SplitAcid","Slimebound:HauntingLick"],"picked":"Slimebound:PrepareCrush","floor":15},{"not_picked":["Slimebound:Overexert","Slimebound:MinionMaster"],"picked":"Slimebound:TagTeam","floor":16},{"not_picked":["Slimebound:ProtectTheBoss","Slimebound:LeechingTouch"],"picked":"Slimebound:GoopTackle+1","floor":19},{"not_picked":["Slimebound:Schlurp","Slimebound:HungryTackle"],"picked":"Slimebound:SlimeTap+1","floor":20},{"not_picked":["Slimebound:SplitMire","Slimebound:ViciousTackle"],"picked":"Slimebound:MinionMaster","floor":21},{"not_picked":["Slimebound:ItLooksTasty","Slimebound:LeechingTouch","Slimebound:GoopTackle"],"picked":"SKIP","floor":22},{"not_picked":["Slimebound:SplitBruiser","Slimebound:LeechEnergy"],"picked":"Slimebound:OneTwoCombo","floor":23},{"not_picked":["Slimebound:Nibble","Slimebound:ComboTackle"],"picked":"Slimebound:AcidTongue","floor":25},{"not_picked":["Slimebound:Schlurp","Slimebound:GoopSpray+1"],"picked":"Slimebound:LeadByExample","floor":28},{"not_picked":["Slimebound:SplitLeeching","Slimebound:ServeAndProtect","Slimebound:GoopTackle+1"],"picked":"SKIP","floor":30},{"not_picked":["Slimebound:SplitBruiser","Slimebound:RollThrough"],"picked":"Slimebound:GrowthPunch","floor":31},{"not_picked":["Slimebound:SlimeSpikes","Slimebound:SplitLeeching"],"picked":"Slimebound:DisruptingSlam","floor":32}],"player_experience":1129628,"relics_obtained":[{"floor":4,"key":"War Paint"},{"floor":7,"key":"MawBank"},{"floor":9,"key":"bronze:DecasWashers"},{"floor":23,"key":"Blood Vial"},{"floor":28,"key":"Oddly Smooth Stone"}],"event_choices":[],"is_beta":false,"boss_relics":[{"not_picked":["Runic Dome","SlaversCollar"],"picked":"Slimebound:TarBlob"}],"items_purged_floors":[21],"is_endless":false,"potions_floor_spawned":[9,10,11,16,19,20,23,28,31],"killed_by":"DF_ARCHETYPE_CLAW","ascension_level":7}}