{"host":"e8rlfedn69rz2s07","time":1612352189,"event":{"mods":["Act Like it!","BaseMod","Conspire","Hubris","Infinite Spire","Minty Spire (QoL Compilation)","Permanent Neow","Relic Stats","Replay The Spire","Shop Mod","StSLib","The Jungle"],"gold_per_floor":[112,130,145,161,181,181,213,213,213,213,230,262,19,36,36,108,108,126,46,58,58,71,103,103,135,135,135,135],"floor_reached":27,"language":"ENG","playtime":1414,"items_purged":[],"score":580,"play_id":"0ebb605c-c6af-419a-a04b-79b8218be24a","local_time":"20210203133629","is_ascension_mode":true,"campfire_choices":[{"data":"Mirror Shield","floor":6,"key":"SMITH"},{"floor":8,"key":"REST"},{"data":"Electrodynamics","floor":10,"key":"SMITH"},{"data":"FIFO Queue","floor":15,"key":"SMITH"},{"floor":24,"key":"REST"}],"circlet_count":0,"master_deck":["AscendersBane","Strike_B","Strike_B","Strike_B","Strike_B","Defend_B","Defend_B","Defend_B","Defend_B","Zap","Dualcast","Mirror Shield+1","Self Repair","Gash","Gash","Gash","FIFO Queue+1","Electrodynamics+1","Cold Snap","Auto Shields","Fission+1","Coolheaded","Defragment","Leap","Panic Button","Coolheaded"],"relics":["Cracked Core","PreservedInsect","Singing Bowl","hubris:TenFootPole","Juzu Bracelet","Black Star","Bird Faced Urn","Akabeko","Replay:Mystery Machine","Bottled Flame","Eternal Feather"],"acts_visited":["Exordium","TheCity"],"potions_floor_usage":[23],"damage_taken":[{"damage":8,"enemies":"infinitespire:Voidling","floor":1,"turns":4},{"damage":0,"enemies":"conspire:RoseBush","floor":2,"turns":3},{"damage":7,"enemies":"Small Slimes","floor":3,"turns":3},{"damage":7,"enemies":"Looter","floor":4,"turns":3},{"damage":12,"enemies":"Blue Slaver","floor":5,"turns":4},{"damage":19,"enemies":"Replay:BlueRogue","floor":7,"turns":8},{"damage":12,"enemies":"Large Slime","floor":11,"turns":4},{"damage":0,"enemies":"Gremlin Nob","floor":12,"turns":3},{"damage":0,"enemies":"Looter","floor":14,"turns":3},{"damage":29,"enemies":"Hexaghost","floor":16,"turns":10},{"damage":7,"enemies":"3 Byrds","floor":18,"turns":2},{"damage":30,"enemies":"Shell Parasite","floor":20,"turns":7},{"damage":31,"enemies":"Centurion and Healer","floor":22,"turns":8},{"damage":31,"enemies":"Slavers","floor":23,"turns":6},{"damage":48,"enemies":"Replay:Snechameleon","floor":25,"turns":10},{"damage":23,"enemies":"3 Cultists","floor":27,"turns":3}],"seed_played":"-1022051697881870977","potions_obtained":[{"floor":1,"key":"FairyPotion"},{"floor":4,"key":"Energy Potion"},{"floor":22,"key":"Block Potion"}],"is_trial":false,"path_per_floor":["M","M","M","M","M","R","E","R","T","R","M","E","$","M","R","B",null,"M","$","M","?","M","E","R","E","T","M"],"character_chosen":"DEFECT","items_purchased":["Juzu Bracelet","Auto Shields","Defragment"],"campfire_rested":2,"item_purchase_floors":[13,13,19],"current_hp_per_floor":[38,45,45,45,40,40,28,49,49,49,44,46,46,48,48,26,63,56,56,33,33,11,22,45,12,12,0,0],"gold":135,"neow_bonus":"THREE_RARE_CARDS","is_daily":false,"chose_seed":false,"campfire_upgraded":3,"win_rate":0.0,"timestamp":1612352189,"path_taken":["M","?","M","M","M","R","E","R","T","R","M","E","$","M","R","BOSS","M","$","M","?","M","E","R","E","T","M"],"items_purchased_type":["Relic","Card","Card"],"build_version":"2020-12-22","purchased_purges":0,"victory":false,"max_hp_per_floor":[71,71,71,71,71,71,71,71,71,71,71,73,73,75,75,75,75,75,75,75,75,77,77,77,77,77,77,77],"relic_stats":{"Singing Bowl":6,"counters":[16,81],"Bird Faced Urn":[12],"Eternal Feather":0,"PreservedInsect":110,"Juzu Bracelet":0,"Black Star":2,"obtain_stats":[{"Bottled Flame":25,"Singing Bowl":9,"Bird Faced Urn":23,"Eternal Feather":26,"PreservedInsect":7,"hubris:TenFootPole":12,"Juzu Bracelet":13,"Black Star":17,"Replay:Mystery Machine":25,"Cracked Core":0,"Akabeko":23},{"Bottled Flame":15,"Singing Bowl":6,"Bird Faced Urn":14,"Eternal Feather":15,"PreservedInsect":6,"hubris:TenFootPole":8,"Juzu Bracelet":8,"Black Star":10,"Replay:Mystery Machine":15,"Cracked Core":0,"Akabeko":14},{"Bottled Flame":78,"Singing Bowl":25,"Bird Faced Urn":68,"Eternal Feather":78,"PreservedInsect":25,"hubris:TenFootPole":32,"Juzu Bracelet":32,"Black Star":45,"Replay:Mystery Machine":78,"Cracked Core":0,"Akabeko":68}]},"card_choices":[{"not_picked":["hubris:Prefetch","Amplify"],"picked":"Mirror Shield","floor":0},{"not_picked":["Steam","Compile Driver"],"picked":"Self Repair","floor":1},{"not_picked":["Darkness","Cold Snap"],"picked":"Gash","floor":2},{"not_picked":["Coolheaded","Sweeping Beam"],"picked":"Gash","floor":3},{"not_picked":["Streamline","Coolheaded"],"picked":"Gash","floor":4},{"not_picked":["Compile Driver","Barrage"],"picked":"FIFO Queue","floor":5},{"not_picked":["Crystallizer","Chaos"],"picked":"Electrodynamics","floor":7},{"not_picked":["Static Discharge","White Noise"],"picked":"Cold Snap","floor":11},{"not_picked":["Beam Cell","Sweeping Beam","Capacitor"],"picked":"Singing Bowl","floor":12},{"not_picked":["Sweeping Beam","Sunder","ReplayTheSpireMod:System Scan"],"picked":"Singing Bowl","floor":14},{"not_picked":["hubris:Prefetch","Mirror Shield"],"picked":"Fission","floor":16},{"not_picked":["Compile Driver+1","ReplayTheSpireMod:Reroute Power"],"picked":"Coolheaded","floor":18},{"not_picked":["Turbo","Chaos"],"picked":"Leap","floor":20},{"not_picked":["Sunder","Coolheaded","Rebound"],"picked":"Singing Bowl","floor":22},{"not_picked":["Redo","Sweeping Beam"],"picked":"Panic Button","floor":23},{"not_picked":["conspire:SharedLibrary","Electrodynamics"],"picked":"Coolheaded","floor":25}],"player_experience":1013082,"relics_obtained":[{"floor":7,"key":"PreservedInsect"},{"floor":9,"key":"Singing Bowl"},{"floor":12,"key":"hubris:TenFootPole"},{"floor":23,"key":"Bird Faced Urn"},{"floor":23,"key":"Akabeko"},{"floor":25,"key":"Replay:Mystery Machine"},{"floor":25,"key":"Bottled Flame"},{"floor":26,"key":"Eternal Feather"}],"event_choices":[],"is_beta":false,"boss_relics":[{"not_picked":["hubris:ScarierMask","Busted Crown"],"picked":"Black Star"}],"items_purged_floors":[],"is_endless":false,"potions_floor_spawned":[1,4,11,20,22],"killed_by":"3 Cultists","ascension_level":20}}