{"host":"aas8f8jvicx6tcxp","time":1612362241,"event":{"mods":["BaseMod","Better Third Choice","BetterRewards","Clockwork Mod","Downfall","Minty Spire (QoL Compilation)","Shop Mod","StSLib","The Cursed"],"gold_per_floor":[0,12,85,99,10,22,45,76,94,94,94,94,38,113,129,228,228,228,228,63,79,96,96,96,96],"floor_reached":23,"language":"ENG","playtime":1892,"items_purged":[],"score":239,"play_id":"1a3f36b0-b4e8-4d7c-ab5f-2cb5a0725db2","local_time":"20210203082401","is_ascension_mode":false,"campfire_choices":[{"data":"Thinking Ahead","floor":1,"key":"SMITH"},{"floor":10,"key":"REST"},{"data":"sneckomod:Restock","floor":18,"key":"SMITH"}],"circlet_count":0,"master_deck":["sneckomod:Strike","sneckomod:Strike","sneckomod:Defend","sneckomod:Defend","sneckomod:Defend","sneckomod:TailWhip","sneckomod:SnekBite","sneckomod:Unknown","sneckomod:Unknown","Thinking Ahead+1","sneckomod:PureSnecko","sneckomod:SoulDraw","sneckomod:UnknownDraw","sneckomod:UnknownUncommonAttack","sneckomod:SlitherStrike","sneckomod:UnknownClassGREEN","sneckomod:UnknownBlock","sneckomod:UnknownCommonSkill","sneckomod:Unknown3Cost","sneckomod:UnknownDraw","sneckomod:SnakeSap","sneckomod:QuickBite","sneckomod:Restock+1","sneckomod:UnknownClassGREEN","sneckomod:UnknownClassGREEN","sneckomod:UnknownClassGREEN","sneckomod:UnknownClassGREEN","sneckomod:UnknownClassGREEN","Thinking Ahead+1","sneckomod:UnknownUncommonPower","sneckomod:UnendingSupply","sneckomod:SlitherStrike","Tools of the Trade","sneckomod:UnknownDexterity","sneckomod:SnekBeam+1"],"relics":["sneckomod:SneckoSoul","sneckomod:SneckoCommon","Happy Flower","sneckomod:SneckoBoss"],"acts_visited":["Exordium","TheCity"],"potions_floor_usage":[15,15,16,16,21,21],"damage_taken":[{"damage":0,"enemies":"Small Slimes","floor":2,"turns":2},{"damage":3,"enemies":"Jaw Worm","floor":4,"turns":3},{"damage":0,"enemies":"downfall:FleeingMerchant","floor":5,"turns":4},{"damage":5,"enemies":"2 Louse","floor":6,"turns":2},{"damage":44,"enemies":"Lagavulin","floor":8,"turns":8},{"damage":0,"enemies":"Looter","floor":9,"turns":3},{"damage":4,"enemies":"downfall:FleeingMerchant","floor":13,"turns":4},{"damage":0,"enemies":"Large Slime","floor":15,"turns":4},{"damage":30,"enemies":"Hexaghost","floor":16,"turns":7},{"damage":0,"enemies":"downfall:FleeingMerchant","floor":20,"turns":4},{"damage":34,"enemies":"Shell Parasite","floor":21,"turns":6},{"damage":42,"enemies":"Snake Plant","floor":22,"turns":4},{"damage":20,"enemies":"Centurion and Healer","floor":23,"turns":1}],"seed_played":"4829555785301431544","potions_obtained":[{"floor":4,"key":"sneckomod:DiceRollPotion"},{"floor":6,"key":"Strength Potion"},{"floor":9,"key":"SkillPotion"},{"floor":15,"key":"AttackPotion"},{"floor":16,"key":"Regen Potion"}],"is_trial":false,"path_per_floor":["R","M","?","M","$","M","T","E","M","R","?","?","$","?","M","B",null,"R","?","$","M","M","M"],"character_chosen":"THE_SNECKO","items_purchased":["sneckomod:UnknownUncommonAttack","sneckomod:SnakeSap","sneckomod:UnendingSupply","sneckomod:SlitherStrike"],"campfire_rested":1,"item_purchase_floors":[5,13,20,20],"current_hp_per_floor":[90,90,90,87,87,82,82,38,38,65,65,65,61,50,50,20,90,90,90,90,61,19,0,0,0],"gold":96,"neow_bonus":"RANDOM_COLORLESS_2","is_daily":false,"chose_seed":false,"campfire_upgraded":2,"win_rate":0.0,"timestamp":1612362241,"path_taken":["R","M","?","M","$","M","T","E","M","R","?","?","$","?","M","BOSS","R","?","$","M","?","M"],"items_purchased_type":["Card","Card","Card","Card"],"build_version":"2020-12-22","purchased_purges":0,"victory":false,"max_hp_per_floor":[90,90,90,90,90,90,90,90,90,90,90,90,90,90,90,90,90,90,90,90,90,90,90,90,90],"card_choices":[{"not_picked":["Violence","The Bomb"],"picked":"Thinking Ahead","floor":0},{"not_picked":["sneckomod:UnknownDraw","sneckomod:RainOfDice"],"picked":"sneckomod:PureSnecko","floor":2},{"not_picked":["sneckomod:UnknownDraw","sneckomod:DiceCrush"],"picked":"sneckomod:SoulDraw","floor":4},{"not_picked":["sneckomod:Memorize","sneckomod:Nope"],"picked":"sneckomod:UnknownDraw","floor":5},{"not_picked":["sneckomod:Unknown2Cost","sneckomod:TrashToTreasure"],"picked":"sneckomod:SlitherStrike","floor":6},{"not_picked":["sneckomod:UnknownWeak","sneckomod:SoulCleanse"],"picked":"sneckomod:UnknownBlock","floor":8},{"not_picked":["sneckomod:DiceBlock","sneckomod:IronFang"],"picked":"sneckomod:UnknownCommonSkill","floor":9},{"not_picked":["sneckomod:RainOfDice","sneckomod:DangerNoodle"],"picked":"sneckomod:UnknownDraw","floor":13},{"not_picked":["sneckomod:SoulDraw","sneckomod:IronFang"],"picked":"sneckomod:QuickBite","floor":15},{"not_picked":["sneckomod:Cheat","sneckomod:SoulExchange"],"picked":"sneckomod:Restock","floor":16},{"not_picked":["sneckomod:SlitherStrike","sneckomod:DiceCrush"],"picked":"sneckomod:UnknownUncommonPower","floor":20},{"not_picked":["Reflex","Caltrops"],"picked":"Tools of the Trade","floor":21},{"not_picked":["sneckomod:Unknown2Cost","sneckomod:UnknownClassHEXA_GHOST_PURPLE+1"],"picked":"sneckomod:UnknownDexterity","floor":21},{"not_picked":["sneckomod:QuickMove","sneckomod:UnknownClassGREEN"],"picked":"sneckomod:SnekBeam+1","floor":22}],"player_experience":358981,"relics_obtained":[{"floor":7,"key":"sneckomod:SneckoCommon"},{"floor":8,"key":"Happy Flower"}],"event_choices":[{"damage_healed":0,"gold_gain":73,"player_choice":"Gained Gold","damage_taken":0,"max_hp_gain":0,"max_hp_loss":0,"event_name":"Golden Wing","floor":3,"gold_loss":0},{"damage_healed":0,"gold_gain":0,"player_choice":"Searched \u00271\u0027 times","damage_taken":0,"max_hp_gain":0,"max_hp_loss":0,"event_name":"Dead Adventurer","floor":11,"gold_loss":0},{"damage_healed":0,"gold_gain":0,"cards_transformed":["sneckomod:Strike"],"player_choice":"Change","damage_taken":0,"max_hp_gain":0,"max_hp_loss":0,"event_name":"Living Wall","floor":12,"gold_loss":0,"cards_obtained":["sneckomod:Unknown3Cost"]},{"damage_healed":0,"gold_gain":75,"player_choice":"Gold","damage_taken":11,"max_hp_gain":0,"max_hp_loss":0,"event_name":"betterThird:BetterGoop","floor":14,"gold_loss":0}],"is_beta":false,"boss_relics":[{"not_picked":["Busted Crown","bronze:MakeshiftBattery"],"picked":"sneckomod:SneckoBoss"}],"items_purged_floors":[],"is_endless":false,"potions_floor_spawned":[4,6,9,15,16],"killed_by":"Centurion and Healer","ascension_level":0}}