{"host":"wlvcwrw6wop6neo7","time":1612334044,"event":{"mods":["2.2 Compatiblity","AchievementEnabler","Act Like it!","Aspiration","BaseMod","Better Third Choice","Challenge The Spire","Colored Map","Conspire","DeckTracker","Defuse TimeMaze Blight","Downfall","GifTheSpireLib","Halation","Hermit","Hubris","Infinite Spire","Jedi Mod","Minty Spire (QoL Compilation)","Quick Restart","Relic Stats","Replay The Spire","StSLib","TestMod","The Jungle"],"gold_per_floor":[99,99,99,99,99,134,181,181,197,209,219,234,234,17,37,135,135,135,155,155,173,173,173,200,0,0,0,19,19,50,61,79,177,177,177,190,206,26,45,45,123,123,138,155,166,23,23,23,40,40,40,40],"floor_reached":50,"language":"ENG","playtime":2924,"items_purged":[],"score":514,"play_id":"c2c6c8f2-1bc5-4bed-ba13-3c50dc4529b8","local_time":"20210203073404","is_ascension_mode":false,"campfire_choices":[{"data":"Slimebound:Split","floor":1,"key":"SMITH"},{"data":"Slimebound:PressTheAttack","floor":13,"key":"SMITH"},{"data":"Slimebound:GoopSpray","floor":18,"key":"SMITH"},{"floor":23,"key":"REST"},{"data":"Slimebound:CheckThePlaybook","floor":29,"key":"SMITH"},{"floor":35,"key":"REST"},{"floor":40,"key":"REST"},{"floor":42,"key":"RECALL"},{"floor":47,"key":"REST"}],"circlet_count":0,"master_deck":["Slimebound:Strike_Slimebound","Slimebound:Strike_Slimebound","Slimebound:Strike_Slimebound","Slimebound:Tackle","Slimebound:Defend_Slimebound","Slimebound:Defend_Slimebound","Slimebound:Defend_Slimebound","Slimebound:Defend_Slimebound","Slimebound:Split+1","Slimebound:CorrosiveSpit","Slimebound:SplitAcid","Slimebound:LeechingTouch","Slimebound:RollThrough","Slimebound:GoopTackle","Slimebound:PressTheAttack+1","Slimebound:ComboTackle","Slimebound:HauntingLick","Slimebound:HauntingLick","Slimebound:LeechEnergy","Slimebound:GoopSpray+1","expansioncontent:Chronoboost","Slimebound:GoopSpray","Slimebound:OozeBath+1","Slimebound:Prepare","Slimebound:SplitMire+1","Slimebound:CheckThePlaybook+1","Slimebound:GoopSpray+1","Slimebound:Equalize","Slimebound:RejuvenatingLick","Slimebound:SplitLeeching+1","Slimebound:SelfFormingGoo","Slimebound:OneTwoCombo+1","Slimebound:Nibble","Slimebound:SamplingLick","Slimebound:SamplingLick","Slimebound:HauntingLick+1","Slimebound:ItLooksTasty+1","Slimebound:ItLooksTasty","Slimebound:Schlurp","Slimebound:OozeBath"],"relics":["Slimebound:AbsorbEndCombat","downfall:HeartsMalice","Juzu Bracelet","Meat on the Bone","Regal Pillow","BargainBundle","testmod-IncinerationGenerator","Membership Card","Nloth\u0027s Gift","infinitespire:Satchel","Fusion Hammer","Guide Book","infinitespire:PuzzleCube","jedi:archwizardhat","testmod-AssaultLearning","halation:PeacePiece","hubris:Icosahedron"],"acts_visited":["Exordium","TheCity","TheBeyond"],"potions_floor_usage":[33,50],"damage_taken":[{"damage":0,"enemies":"Cultist","floor":3,"turns":1},{"damage":0,"enemies":"Lagavulin","floor":6,"turns":1},{"damage":0,"enemies":"2 Louse","floor":8,"turns":1},{"damage":6,"enemies":"Jaw Worm","floor":9,"turns":3},{"damage":4,"enemies":"Exordium Thugs","floor":10,"turns":3},{"damage":2,"enemies":"conspire:2 RoseBushes","floor":11,"turns":5},{"damage":17,"enemies":"Large Slime","floor":12,"turns":4},{"damage":5,"enemies":"downfall:FleeingMerchant","floor":14,"turns":4},{"damage":2,"enemies":"2 Fungi Beasts","floor":15,"turns":3},{"damage":35,"enemies":"DF_ARCHETYPE_STREAMLINE","floor":16,"turns":11},{"damage":5,"enemies":"3 Byrds","floor":19,"turns":4},{"damage":25,"enemies":"conspire:FuzzyDice","floor":21,"turns":5},{"damage":10,"enemies":"downfall:FleeingMerchant","floor":26,"turns":4},{"damage":0,"enemies":"Snecko","floor":28,"turns":3},{"damage":26,"enemies":"Book of Stabbing","floor":30,"turns":4},{"damage":15,"enemies":"Cultist and Chosen","floor":31,"turns":4},{"damage":34,"enemies":"conspire:HollyBat","floor":32,"turns":8},{"damage":59,"enemies":"IC_MUSHROOM_ARCHETYPE","floor":33,"turns":10},{"damage":25,"enemies":"Orb Walker","floor":36,"turns":3},{"damage":17,"enemies":"3 Shapes","floor":37,"turns":5},{"damage":15,"enemies":"downfall:FleeingMerchant","floor":38,"turns":4},{"damage":19,"enemies":"Jaw Worm Horde","floor":39,"turns":4},{"damage":11,"enemies":"Transient","floor":43,"turns":5},{"damage":3,"enemies":"Maw","floor":44,"turns":7},{"damage":59,"enemies":"Sphere and 2 Shapes","floor":45,"turns":6},{"damage":21,"enemies":"downfall:FleeingMerchant","floor":46,"turns":4},{"damage":22,"enemies":"4 Shapes","floor":49,"turns":4},{"damage":71,"enemies":"WA_ARCHETYPE_DIVINITY","floor":50,"turns":5}],"seed_played":"-7616763486190286177","potions_obtained":[{"floor":9,"key":"LiquidMemories"},{"floor":10,"key":"DistilledChaos"},{"floor":12,"key":"FairyPotion"},{"floor":19,"key":"SkillPotion"},{"floor":33,"key":"Elixir"},{"floor":37,"key":"Ancient Potion"},{"floor":49,"key":"Milkshake"}],"is_trial":false,"path_per_floor":["R","?","M","?","?","E","T","M","M","M","M","M","R","$","M","B",null,"R","M","?","M","?","R","T","?","$","?","M","R","E","M","M","B",null,"R","M","M","$","M","R","T","R","M","M","M","$","R","?","M","B"],"character_chosen":"SLIMEBOUND","items_purchased":["BargainBundle","Slimebound:LeechEnergy","Slimebound:GoopSpray","expansioncontent:Chronoboost","Guide Book","Slimebound:SamplingLick","infinitespire:PuzzleCube","testmod-AssaultLearning","halation:PeacePiece"],"campfire_rested":4,"item_purchase_floors":[14,14,14,14,38,38,38,46,46],"current_hp_per_floor":[65,70,70,70,70,70,70,70,66,64,64,49,49,44,46,31,70,70,65,70,48,48,63,63,63,53,53,59,59,41,32,26,19,63,63,50,49,38,35,63,63,63,53,60,22,15,48,48,34,0,0,0],"gold":40,"neow_bonus":"THREE_ENEMY_KILL","is_daily":false,"chose_seed":false,"campfire_upgraded":4,"win_rate":0.0,"timestamp":1612334044,"path_taken":["R","?","M","?","?","E","T","M","M","M","M","M","R","?","M","BOSS","R","M","?","M","?","R","T","?","$","?","M","R","E","M","M","BOSS","R","M","M","$","M","R","T","R","M","M","M","?","R","?","M","BOSS"],"items_purchased_type":["Relic","Card","Card","Card","Relic","Card","Relic","Relic","Relic"],"build_version":"2020-12-22","purchased_purges":0,"victory":false,"max_hp_per_floor":[65,70,70,70,70,70,70,70,70,70,70,70,70,70,70,70,70,70,70,70,70,63,63,63,63,63,63,63,63,63,63,63,63,63,63,63,63,63,63,63,63,63,63,63,63,63,63,63,63,63,63,63],"relic_stats":{"Regal Pillow":25,"counters":[28,118],"Juzu Bracelet":2,"Nloth\u0027s Gift":3,"obtain_stats":[{"Regal Pillow":7,"BargainBundle":14,"testmod-TestBox":0,"Guide Book":38,"downfall:HeartsMalice":0,"testmod-IncinerationGenerator":17,"Juzu Bracelet":4,"jedi:archwizardhat":41,"Smiling Mask":24,"hubris:Icosahedron":48,"testmod-AssaultLearning":46,"infinitespire:Satchel":30,"Fusion Hammer":34,"Slimebound:AbsorbEndCombat":0,"Nloth\u0027s Gift":27,"Membership Card":25,"jedi:command_shop":25,"infinitespire:PuzzleCube":38,"halation:PeacePiece":46,"Meat on the Bone":6},{"Regal Pillow":2,"BargainBundle":8,"testmod-TestBox":0,"Guide Book":21,"downfall:HeartsMalice":0,"testmod-IncinerationGenerator":10,"Juzu Bracelet":1,"jedi:archwizardhat":22,"Smiling Mask":12,"hubris:Icosahedron":26,"testmod-AssaultLearning":26,"infinitespire:Satchel":15,"Fusion Hammer":18,"Slimebound:AbsorbEndCombat":0,"Nloth\u0027s Gift":13,"Membership Card":12,"jedi:command_shop":12,"infinitespire:PuzzleCube":21,"halation:PeacePiece":26,"Meat on the Bone":2},{"Regal Pillow":0,"BargainBundle":18,"testmod-TestBox":0,"Guide Book":84,"downfall:HeartsMalice":0,"testmod-IncinerationGenerator":32,"Juzu Bracelet":0,"jedi:archwizardhat":88,"Smiling Mask":40,"hubris:Icosahedron":109,"testmod-AssaultLearning":109,"infinitespire:Satchel":51,"Fusion Hammer":72,"Slimebound:AbsorbEndCombat":0,"Nloth\u0027s Gift":44,"Membership Card":40,"jedi:command_shop":40,"infinitespire:PuzzleCube":84,"halation:PeacePiece":109,"Meat on the Bone":0}],"Meat on the Bone":60},"card_choices":[{"not_picked":["Slimebound:LevelUp","Slimebound:SpikyOuterGoop"],"picked":"Slimebound:SplitAcid","floor":3},{"not_picked":["Slimebound:Gluttony","Slimebound:FlameTackle"],"picked":"Slimebound:LeechingTouch","floor":6},{"not_picked":["Slimebound:LivingWall","Slimebound:SplitBruiser"],"picked":"Slimebound:RollThrough","floor":8},{"not_picked":["Slimebound:FinishingTackle","Slimebound:FormOfPuddle"],"picked":"Slimebound:GoopTackle","floor":9},{"not_picked":["Slimebound:FormOfPuddle","Slimebound:ComboTackle"],"picked":"Slimebound:PressTheAttack","floor":10},{"not_picked":["Slimebound:Replication","Slimebound:SpikyOuterGoop"],"picked":"Slimebound:ComboTackle","floor":11},{"not_picked":["Slimebound:Schlurp","Slimebound:Replication"],"picked":"Slimebound:HauntingLick","floor":12},{"not_picked":["Slimebound:RollThrough","Slimebound:FormOfPuddle"],"picked":"Slimebound:HauntingLick","floor":14},{"not_picked":["Slimebound:FirmFortitude","Slimebound:GrowthPunch"],"picked":"Slimebound:GoopSpray","floor":15},{"not_picked":["Slimebound:MinionMaster","Slimebound:DuplicatedForm"],"picked":"Slimebound:OozeBath","floor":16},{"not_picked":["Slimebound:SplitAcid","Slimebound:PressTheAttack"],"picked":"Slimebound:Prepare","floor":19},{"not_picked":["Slimebound:LeadByExample+1","Slimebound:SlimeSpikes"],"picked":"Slimebound:SplitMire+1","floor":21},{"not_picked":["Slimebound:LivingWall","Slimebound:SlimeSpikes"],"picked":"Slimebound:GoopSpray+1","floor":26},{"not_picked":["Slimebound:Teamwork","Slimebound:SlimeBrawl","Slimebound:Dissolve"],"picked":"SKIP","floor":28},{"not_picked":["Slimebound:SplitBruiser","Slimebound:WasteNot"],"picked":"Slimebound:Equalize","floor":30},{"not_picked":["Slimebound:GrowthPunch+1","Slimebound:SlimeBarrage"],"picked":"Slimebound:RejuvenatingLick","floor":31},{"not_picked":["Slimebound:FlameTackle+1","Slimebound:Prepare+1"],"picked":"Slimebound:SplitLeeching+1","floor":32},{"not_picked":["Slimebound:DuplicatedForm","Slimebound:FirmFortitude"],"picked":"Slimebound:SelfFormingGoo","floor":33},{"not_picked":["Slimebound:SpikyOuterGoop+1","Slimebound:ComboTackle"],"picked":"Slimebound:OneTwoCombo","floor":36},{"not_picked":["Slimebound:LeadByExample","Slimebound:Prepare","Slimebound:Dissolve+1"],"picked":"SKIP","floor":37},{"not_picked":["Slimebound:SplitMire","Slimebound:GoopTackle"],"picked":"Slimebound:Nibble","floor":38},{"not_picked":["Slimebound:FlameTackle","Slimebound:LeechingTouch"],"picked":"Slimebound:HauntingLick+1","floor":39},{"not_picked":["Slimebound:Prepare+1","Slimebound:GoopSpray"],"picked":"Slimebound:ItLooksTasty+1","floor":43},{"not_picked":["Slimebound:SpikyOuterGoop","Slimebound:GoopTackle+1"],"picked":"Slimebound:ItLooksTasty","floor":44},{"not_picked":["Slimebound:SplitLeeching+1","Slimebound:SplitBruiser","Slimebound:SlimeSpikes+1"],"picked":"SKIP","floor":45},{"not_picked":["Slimebound:LeechingTouch+1","Slimebound:SplitAcid+1"],"picked":"Slimebound:Schlurp","floor":46},{"not_picked":["Slimebound:Prepare","Slimebound:LivingWall+1"],"picked":"Slimebound:OozeBath","floor":49}],"player_experience":106151,"relics_obtained":[{"floor":6,"key":"Meat on the Bone"},{"floor":7,"key":"Regal Pillow"},{"floor":24,"key":"Smiling Mask"},{"floor":30,"key":"infinitespire:Satchel"},{"floor":41,"key":"jedi:archwizardhat"}],"event_choices":[{"damage_healed":0,"gold_gain":0,"player_choice":"Donut","damage_taken":0,"max_hp_gain":5,"max_hp_loss":0,"event_name":"Big Fish","floor":2,"gold_loss":0},{"damage_healed":0,"gold_gain":0,"player_choice":"Swap Relic","damage_taken":0,"relics_obtained":["Juzu Bracelet"],"max_hp_gain":0,"max_hp_loss":0,"event_name":"Box For Yourself","floor":4,"relics_lost":["testmod-TestBox"],"gold_loss":0},{"damage_healed":23,"gold_gain":0,"player_choice":"Heal","damage_taken":0,"max_hp_gain":0,"max_hp_loss":0,"event_name":"The Library","floor":20,"gold_loss":0}],"is_beta":false,"boss_relics":[{"not_picked":["hubris:Stopwatch","Cursed Key"],"picked":"testmod-IncinerationGenerator"},{"not_picked":["halation:HeavySnake","hubris:HollowSoul"],"picked":"Fusion Hammer"}],"items_purged_floors":[],"is_endless":false,"potions_floor_spawned":[9,10,12,16,19,28,30,33,37,39,44,45,49],"killed_by":"WA_ARCHETYPE_DIVINITY","ascension_level":0}}