{"host":"r53pw7z744tg3fxg","time":1612362045,"event":{"mods":["AchievementEnabler","BaseMod","Colored Map","Colored Powertips","Highlight Path","Minty Spire (QoL Compilation)","Quick Restart","Transform Curses"],"gold_per_floor":[115,129,149,61,77,77,88,88,88,108,133,151,151,25,25,101,101,114,133,133,133,133,133,168,168,168,168,168],"floor_reached":27,"language":"ENG","playtime":827,"items_purged":[],"score":443,"play_id":"7ba19ebb-8c8e-4694-8586-0da12defb0e1","local_time":"20210203072045","is_ascension_mode":true,"campfire_choices":[{"floor":6,"key":"REST"},{"floor":8,"key":"REST"},{"floor":13,"key":"REST"},{"floor":15,"key":"REST"},{"floor":23,"key":"REST"},{"floor":25,"key":"REST"}],"circlet_count":0,"master_deck":["AscendersBane","Strike_P","Strike_P","Strike_P","Strike_P","Defend_P","Defend_P","Defend_P","Defend_P","Eruption","Vigilance","Conclude","FlurryOfBlows","CutThroughFate","LikeWater","Establishment","TalkToTheHand","ReachHeaven","FearNoEvil","LessonLearned","BowlingBash","WindmillStrike","Wallop+1","RitualDagger"],"relics":["PureWater","Bag of Marbles","Potion Belt","Snecko Eye","White Beast Statue","Dead Branch"],"acts_visited":["Exordium","TheCity"],"potions_floor_usage":[5,16,18,24,27],"damage_taken":[{"damage":0,"enemies":"2 Louse","floor":1,"turns":2},{"damage":8,"enemies":"Small Slimes","floor":2,"turns":3},{"damage":0,"enemies":"Cultist","floor":3,"turns":3},{"damage":12,"enemies":"Exordium Thugs","floor":5,"turns":3},{"damage":17,"enemies":"Gremlin Gang","floor":7,"turns":2},{"damage":0,"enemies":"2 Fungi Beasts","floor":10,"turns":2},{"damage":40,"enemies":"Lagavulin","floor":11,"turns":3},{"damage":8,"enemies":"Blue Slaver","floor":12,"turns":2},{"damage":33,"enemies":"The Guardian","floor":16,"turns":11},{"damage":21,"enemies":"3 Byrds","floor":18,"turns":6},{"damage":6,"enemies":"Spheric Guardian","floor":19,"turns":3},{"damage":34,"enemies":"Slavers","floor":24,"turns":4},{"damage":34,"enemies":"Book of Stabbing","floor":27,"turns":5}],"seed_played":"-9183110391296759482","potions_obtained":[{"floor":2,"key":"SneckoOil"},{"floor":11,"key":"Weak Potion"},{"floor":16,"key":"Energy Potion"},{"floor":18,"key":"BlessingOfTheForge"},{"floor":19,"key":"Weak Potion"}],"is_trial":false,"path_per_floor":["M","M","M","$","M","R","M","R","T","M","E","M","R","$","R","B",null,"M","M","?","?","?","R","E","R","T","E"],"character_chosen":"WATCHER","items_purchased":["Establishment","LessonLearned","BowlingBash"],"campfire_rested":6,"item_purchase_floors":[4,14,14],"current_hp_per_floor":[61,53,53,53,41,61,44,64,64,64,24,16,36,36,56,23,57,36,30,24,24,24,44,10,30,30,0,0],"gold":168,"neow_bonus":"THREE_CARDS","is_daily":false,"chose_seed":false,"campfire_upgraded":0,"win_rate":0.0,"timestamp":1612362045,"path_taken":["M","M","M","$","M","R","M","R","T","M","E","M","R","$","R","BOSS","M","M","?","?","?","R","E","R","T","E"],"items_purchased_type":["Card","Card","Card"],"build_version":"2020-12-22","purchased_purges":0,"victory":false,"max_hp_per_floor":[68,68,68,68,68,68,68,68,68,68,68,68,68,68,68,68,68,68,68,68,68,68,68,68,68,68,68,68],"card_choices":[{"not_picked":["ClearTheMind","WreathOfFlame"],"picked":"Conclude","floor":0},{"not_picked":["Prostrate","ClearTheMind"],"picked":"FlurryOfBlows","floor":1},{"not_picked":["Weave","ThirdEye"],"picked":"CutThroughFate","floor":2},{"not_picked":["Halt","SashWhip"],"picked":"LikeWater","floor":3},{"not_picked":["FlurryOfBlows","ClearTheMind"],"picked":"TalkToTheHand","floor":5},{"not_picked":["BattleHymn","CutThroughFate"],"picked":"ReachHeaven","floor":7},{"not_picked":["CutThroughFate","Consecrate","Scrawl"],"picked":"SKIP","floor":10},{"not_picked":["FollowUp","ClearTheMind"],"picked":"FearNoEvil","floor":11},{"not_picked":["WaveOfTheHand","Halt","Fasting2"],"picked":"SKIP","floor":12},{"not_picked":["Worship","LikeWater"],"picked":"WindmillStrike","floor":18},{"not_picked":["ForeignInfluence","Collect"],"picked":"Wallop+1","floor":19},{"not_picked":["CrushJoints","FlurryOfBlows","Scrawl"],"picked":"SKIP","floor":24}],"player_experience":1430255,"relics_obtained":[{"floor":9,"key":"Bag of Marbles"},{"floor":11,"key":"Potion Belt"},{"floor":24,"key":"White Beast Statue"},{"floor":26,"key":"Dead Branch"}],"event_choices":[{"damage_healed":0,"gold_gain":0,"player_choice":"Joined the Cult","damage_taken":6,"max_hp_gain":0,"max_hp_loss":0,"event_name":"Nest","floor":20,"gold_loss":0,"cards_obtained":["RitualDagger"]},{"damage_healed":0,"gold_gain":0,"player_choice":"Ignored","damage_taken":0,"max_hp_gain":0,"max_hp_loss":0,"event_name":"Ghosts","floor":21,"gold_loss":0},{"damage_healed":0,"gold_gain":0,"player_choice":"Ignored","damage_taken":0,"max_hp_gain":0,"max_hp_loss":0,"event_name":"Cursed Tome","floor":22,"gold_loss":0}],"is_beta":false,"boss_relics":[{"not_picked":["Sozu","Cursed Key"],"picked":"Snecko Eye"}],"items_purged_floors":[],"is_endless":false,"potions_floor_spawned":[2,11,16,18,19],"killed_by":"Book of Stabbing","ascension_level":18}}