{"host":"zf1gvustpgbojd4t","time":1612377222,"event":{"mods":["Act Like it!","BaseMod","Downfall","Hallownest","Map Debug Mod","Minty Spire (QoL Compilation)","MostiFishMod","Replay The Spire","StSLib"],"gold_per_floor":[99,117,130,37,37,37,37,55,72,72,95,125,135,146,162,260,260,60,79,64,78,78,110,110,110,145,247,260,275,375,389,406,507,507,407,423,441,293,305,305,332,347,357,367,379,394,394,61,77,77,77,110,10,10,10,10,10,10],"floor_reached":56,"language":"ZHS","playtime":2906,"items_purged":["Slimebound:Defend_Slimebound","Slimebound:CorrosiveSpit"],"score":849,"play_id":"89858a50-0979-4572-9283-f6a6a6eae586","local_time":"20210204023342","is_ascension_mode":false,"campfire_choices":[{"floor":1,"key":"DIG"},{"floor":10,"key":"RECALL"},{"data":"Slimebound:DouseInSlime","floor":18,"key":"SMITH"},{"data":"Slimebound:Split","floor":35,"key":"SMITH"},{"floor":47,"key":"REST"},{"floor":54,"key":"REST"}],"circlet_count":0,"master_deck":["Slimebound:Strike_Slimebound","Slimebound:Strike_Slimebound","Slimebound:Strike_Slimebound","Slimebound:Tackle","Slimebound:Defend_Slimebound","Slimebound:Defend_Slimebound","Slimebound:Split+1","MostiFishMod:EE1D","MostiFishMod:EE1D","MostiFishMod:EE1D","Slimebound:GoopSpray","Slimebound:SplitMire","Slimebound:SplitAcid","Slimebound:SpikyOuterGoop+1","Slimebound:SlimeSlap+1","Slimebound:Schlurp","Slimebound:ItLooksTasty","Slimebound:HauntingLick","Slimebound:SplitLeeching","Slimebound:Gluttony+1","Slimebound:DouseInSlime+1","Slimebound:SlimeSpikes","Slimebound:SplitBruiser","Slimebound:AcidTongue+1","Slimebound:Gluttony+1","Slimebound:MegaLick","Slimebound:RainOfGoop","Slimebound:LivingWall","Slimebound:ServeAndProtect","Slimebound:Split","Slimebound:LivingWall","Slimebound:ProtectTheBoss","Slimebound:SelfFormingGoo","Replay:Sssssssssstrike","Overencumbered","Slimebound:SpikyOuterGoop","Slimebound:LevelUp+1","Slimebound:LeechLife","Slimebound:Nibble+1","Slimebound:GrowthPunch","Slimebound:Equalize","Slimebound:PressTheAttack+1","Iron Wave","Slimebound:ComboTackle","Slimebound:ViciousTackle","Slimebound:ComboTackle","Slimebound:LeadByExample","Slimebound:ComboTackle","Slimebound:LeadByExample+1"],"relics":["DaveBox","FeatherPendant","EE1DDrone","Blood Vial","Lantern","Replay:Baseball","RhineCircuit","downfall:HeartBlessingBlue","downfall:HeartBlessingRed","ReplayTheSpireMod:TigerMarble","ImprovedEquipment","Simple Rune","Vajra","Guide Book","downfall:GremlinSack","ChewingGum","downfall:HeartBlessingGreen","Juzu Bracelet","Replay:Rubber Ducky"],"acts_visited":["Exordium","TheCity","TheBeyond","TheEnding"],"potions_floor_usage":[16,23,23,23,23,23,23,33,33,33,42,55],"damage_taken":[{"damage":0,"enemies":"2 Louse","floor":2,"turns":6},{"damage":0,"enemies":"Jaw Worm","floor":3,"turns":4},{"damage":0,"enemies":"downfall:FleeingMerchant","floor":4,"turns":6},{"damage":0,"enemies":"Cultist","floor":8,"turns":2},{"damage":14,"enemies":"Blue Slaver","floor":9,"turns":3},{"damage":0,"enemies":"Lagavulin","floor":12,"turns":5},{"damage":0,"enemies":"Exordium Thugs","floor":13,"turns":3},{"damage":0,"enemies":"Exordium Wildlife","floor":14,"turns":4},{"damage":0,"enemies":"2 Fungi Beasts","floor":15,"turns":2},{"damage":8,"enemies":"DF_ARCHETYPE_STREAMLINE","floor":16,"turns":6},{"damage":0,"enemies":"Shell Parasite","floor":19,"turns":2},{"damage":1,"enemies":"downfall:FleeingMerchant","floor":20,"turns":4},{"damage":0,"enemies":"Spheric Guardian","floor":21,"turns":3},{"damage":26,"enemies":"Slavers","floor":23,"turns":5},{"damage":0,"enemies":"Book of Stabbing","floor":26,"turns":4},{"damage":3,"enemies":"downfall:FleeingMerchant","floor":27,"turns":1},{"damage":31,"enemies":"3 Cultists","floor":28,"turns":7},{"damage":5,"enemies":"Centurion and Healer","floor":29,"turns":5},{"damage":0,"enemies":"Centurion and Healer","floor":30,"turns":3},{"damage":0,"enemies":"Snecko","floor":31,"turns":3},{"damage":0,"enemies":"Snake Plant","floor":32,"turns":2},{"damage":19,"enemies":"SI_MIRROR_ARCHETYPE","floor":33,"turns":10},{"damage":10,"enemies":"Orb Walker","floor":36,"turns":4},{"damage":14,"enemies":"3 Darklings","floor":37,"turns":4},{"damage":32,"enemies":"4 Shapes","floor":39,"turns":5},{"damage":14,"enemies":"Spire Growth","floor":42,"turns":3},{"damage":20,"enemies":"Sphere and 2 Shapes","floor":43,"turns":4},{"damage":14,"enemies":"Transient","floor":44,"turns":5},{"damage":34,"enemies":"4 Shapes","floor":45,"turns":4},{"damage":42,"enemies":"Spire Growth","floor":46,"turns":4},{"damage":19,"enemies":"Writhing Mass","floor":49,"turns":5},{"damage":21,"enemies":"WA_ARCHETYPE_DIVINITY","floor":50,"turns":4},{"damage":81,"enemies":"downfall:CharBossMerchant","floor":52,"turns":7},{"damage":7,"enemies":"downfall:NeowBoss","floor":55,"turns":14},{"damage":52,"enemies":"downfall:NeowBossFinal","floor":56,"turns":2}],"seed_played":"-748270253871022268","potions_obtained":[{"floor":12,"key":"Swift Potion"},{"floor":13,"key":"Fire Potion"},{"floor":14,"key":"Fire Potion"},{"floor":16,"key":"EntropicBrew"},{"floor":26,"key":"Languid Potion"},{"floor":28,"key":"Elixir"},{"floor":29,"key":"DuplicationPotion"},{"floor":36,"key":"SpeedPotion"},{"floor":39,"key":"Toxic Potion"}],"is_trial":false,"path_per_floor":["R","M","M","$","?","?","T","M","M","R","T","E","M","M","M","B",null,"R","M","$","M","?","E","T","T","E","$","M","M","?","M","M","B",null,"R","M","M","$","M","?","T","M","M","M","M","M","R","?","M","B",null,"E","$","R","B","B"],"character_chosen":"SLIMEBOUND","items_purchased":["Slimebound:SpikyOuterGoop","Slimebound:RainOfGoop","Guide Book","Slimebound:Equalize"],"campfire_rested":2,"item_purchase_floors":[4,27,27,38],"current_hp_per_floor":[65,65,65,65,70,70,70,70,56,56,56,58,60,62,64,58,70,80,80,79,80,80,54,54,54,56,55,26,23,25,35,37,20,80,80,70,58,58,52,52,52,40,60,66,42,30,54,90,71,90,90,9,9,36,43,0,0,0],"gold":10,"neow_bonus":"BOSS_RELIC","is_daily":false,"chose_seed":false,"campfire_upgraded":2,"win_rate":0.0,"timestamp":1612377222,"path_taken":["R","M","M","$","?","?","T","M","M","R","?","E","M","?","M","BOSS","R","M","$","M","?","E","T","?","E","?","M","M","?","M","M","BOSS","R","M","M","$","M","?","T","M","M","M","M","M","R","?","M","BOSS","E","$","R","BOSS","BOSS"],"items_purchased_type":["Card","Card","Relic","Card"],"build_version":"2020-12-22","purchased_purges":2,"victory":false,"max_hp_per_floor":[65,65,65,65,70,70,70,70,70,70,70,70,70,70,70,70,70,80,80,80,80,80,80,80,80,80,80,80,80,80,80,80,80,80,80,80,80,80,80,80,80,80,80,80,80,80,80,90,90,90,90,90,90,90,90,90,90,90],"card_choices":[{"not_picked":["Slimebound:LeechEnergy","Slimebound:SplitMire"],"picked":"Slimebound:GoopSpray","floor":2},{"not_picked":["Slimebound:LeadByExample","Slimebound:GoopTackle"],"picked":"Slimebound:SplitMire","floor":3},{"not_picked":["Slimebound:LeechEnergy","Slimebound:DivideAndConquer"],"picked":"Slimebound:SplitAcid","floor":4},{"not_picked":["Slimebound:GoopTackle","Slimebound:SlimeTap","Slimebound:RollThrough"],"picked":"SKIP","floor":8},{"not_picked":["Slimebound:HauntingLick","Slimebound:SlimeSpikes"],"picked":"Slimebound:Schlurp","floor":9},{"not_picked":["Slimebound:MassRepurpose","Slimebound:LeechEnergy"],"picked":"Slimebound:ItLooksTasty","floor":12},{"not_picked":["Slimebound:LeechingTouch","Slimebound:SplitMire"],"picked":"Slimebound:HauntingLick","floor":13},{"not_picked":["Slimebound:ServeAndProtect","Slimebound:LivingWall"],"picked":"Slimebound:SplitLeeching","floor":14},{"not_picked":["Slimebound:SlimeSpikes","Slimebound:SplitLeeching"],"picked":"Slimebound:Gluttony","floor":15},{"not_picked":["Slimebound:RallyTheTroops","Slimebound:LeechLife"],"picked":"Slimebound:DouseInSlime","floor":16},{"not_picked":["Slimebound:SplitBruiser","Slimebound:FinishingTackle+1"],"picked":"Slimebound:SlimeSpikes","floor":19},{"not_picked":["Slimebound:Teamwork","Slimebound:BestDefense+1"],"picked":"Slimebound:SamplingLick","floor":20},{"not_picked":["Slimebound:Replication","Slimebound:RollThrough"],"picked":"Slimebound:SplitBruiser","floor":21},{"not_picked":["Slimebound:SlimeTap","Slimebound:ItLooksTasty"],"picked":"Slimebound:AcidTongue+1","floor":23},{"not_picked":["Slimebound:GrowthPunch+1","Slimebound:SplitAcid"],"picked":"Slimebound:Gluttony+1","floor":26},{"not_picked":["Slimebound:Prepare","Slimebound:GoopTackle+1"],"picked":"Slimebound:MegaLick","floor":27},{"not_picked":["Slimebound:Teamwork","Slimebound:HauntingLick"],"picked":"Slimebound:LivingWall","floor":28},{"not_picked":["Slimebound:Gluttony+1","Slimebound:Prepare"],"picked":"Slimebound:ServeAndProtect","floor":29},{"not_picked":["Slimebound:PressTheAttack","Slimebound:Prepare"],"picked":"Slimebound:SpikyOuterGoop","floor":30},{"not_picked":["Slimebound:SplitAcid","Slimebound:Chomp+1","Slimebound:SamplingLick"],"picked":"SKIP","floor":31},{"not_picked":["Slimebound:SplitBruiser","Slimebound:LeechingTouch"],"picked":"Slimebound:LevelUp+1","floor":32},{"not_picked":["Slimebound:PrepareCrush","Slimebound:SelfFormingGoo"],"picked":"Slimebound:LeechLife","floor":33},{"not_picked":["Slimebound:RollThrough+1","Slimebound:LevelUp+1"],"picked":"Slimebound:Nibble+1","floor":36},{"not_picked":["Slimebound:Schlurp","Slimebound:SlimeBarrage+1"],"picked":"Slimebound:GrowthPunch","floor":37},{"not_picked":["Slimebound:ComboTackle","Slimebound:FinishingTackle+1"],"picked":"Slimebound:PressTheAttack+1","floor":39},{"not_picked":["Slimebound:SlimeSpikes+1","Slimebound:SamplingLick"],"picked":"Slimebound:ComboTackle","floor":42},{"not_picked":["Slimebound:LeechingTouch","Slimebound:FlameTackle+1","Slimebound:SplitAcid"],"picked":"SKIP","floor":43},{"not_picked":["Slimebound:GoopSpray+1","Slimebound:FormOfPuddle"],"picked":"Slimebound:ViciousTackle","floor":44},{"not_picked":["Slimebound:RollThrough+1","Slimebound:Schlurp+1"],"picked":"Slimebound:ComboTackle","floor":45},{"not_picked":["Slimebound:SlimeSpikes+1","Slimebound:RollThrough+1"],"picked":"Slimebound:LeadByExample","floor":46},{"not_picked":["Slimebound:Grow+1","Slimebound:Schlurp+1"],"picked":"Slimebound:ComboTackle","floor":49},{"not_picked":["Slimebound:GrowthPunch+1","Slimebound:FormOfPuddle"],"picked":"Slimebound:LeadByExample+1","floor":52}],"player_experience":84234,"relics_obtained":[{"floor":1,"key":"Blood Vial"},{"floor":11,"key":"Lantern"},{"floor":12,"key":"Replay:Baseball"},{"floor":23,"key":"ReplayTheSpireMod:TigerMarble"},{"floor":24,"key":"ImprovedEquipment"},{"floor":25,"key":"Simple Rune"},{"floor":26,"key":"Vajra"},{"floor":30,"key":"downfall:GremlinSack"},{"floor":41,"key":"Juzu Bracelet"},{"floor":52,"key":"Replay:Rubber Ducky"}],"event_choices":[{"damage_healed":0,"gold_gain":0,"player_choice":"Donut","damage_taken":0,"max_hp_gain":5,"max_hp_loss":0,"event_name":"Big Fish","floor":5,"gold_loss":0},{"cards_removed":["Slimebound:SamplingLick"],"damage_healed":0,"gold_gain":0,"player_choice":"Took Card","damage_taken":0,"max_hp_gain":0,"max_hp_loss":0,"event_name":"NoteForYourself","floor":40,"gold_loss":0,"cards_obtained":["Iron Wave"]}],"is_beta":false,"boss_relics":[{"not_picked":["MoonlightInvasionPlan","Runic Pyramid"],"picked":"RhineCircuit"},{"not_picked":["FixedStarFall","ReplayTheSpireMod:DimensionalGlitch"],"picked":"ChewingGum"}],"items_purged_floors":[38,53],"is_endless":false,"potions_floor_spawned":[12,13,14,16,26,28,29,30,31,32,36,39],"killed_by":"downfall:NeowBossFinal","ascension_level":0}}