{"host":"p9vmbvw2hh2n16dn","time":1612352736,"event":{"mods":["AchievementEnabler","BaseMod","Block Reminder","Minty Spire (QoL Compilation)","Relic Stats","SuperFastMode"],"gold_per_floor":[112,112,187,201,21,46,57,87,87,87,87],"floor_reached":10,"language":"ENG","playtime":247,"items_purged":["Regret"],"score":103,"play_id":"371ec00b-ca72-476f-9127-924202d5f7ac","local_time":"20210203124536","is_ascension_mode":true,"campfire_choices":[],"circlet_count":0,"master_deck":["Strike_G","Strike_G","Strike_G","Strike_G+1","Strike_G","Defend_G","Defend_G","Defend_G","Defend_G","Defend_G","Survivor","Neutralize+1","Blade Dance","Dagger Spray","Terror","Dash","Footwork"],"relics":["Philosopher\u0027s Stone","WingedGreaves","Singing Bowl","Whetstone","Mercury Hourglass"],"acts_visited":["Exordium"],"potions_floor_usage":[10],"damage_taken":[{"damage":0.0,"enemies":"Small Slimes","floor":1.0,"turns":6.0},{"damage":6.0,"enemies":"Jaw Worm","floor":4.0,"turns":4.0},{"damage":21.0,"enemies":"3 Sentries","floor":6.0,"turns":8.0},{"damage":0.0,"enemies":"Cultist","floor":7.0,"turns":2.0},{"damage":17.0,"enemies":"Gremlin Nob","floor":8.0,"turns":4.0},{"damage":8,"enemies":"Lagavulin","floor":10,"turns":3}],"seed_played":"-6358382149009965154","potions_obtained":[{"floor":8.0,"key":"FearPotion"}],"is_trial":false,"path_per_floor":["M","?","?","M","$","E","M","E","T","E"],"character_chosen":"THE_SILENT","items_purchased":["CultistPotion"],"campfire_rested":0,"item_purchase_floors":[5],"current_hp_per_floor":[63,63,52,46,46,25,25,8,8,0,0],"gold":87,"neow_bonus":"BOSS_RELIC","is_daily":false,"chose_seed":false,"campfire_upgraded":0,"win_rate":0.0,"timestamp":1612352736,"path_taken":["M","?","?","?","$","E","M","E","T","E"],"items_purchased_type":["Potion"],"build_version":"2020-12-22","purchased_purges":1,"victory":false,"max_hp_per_floor":[70,70,70,70,70,70,70,70,70,70,70],"relic_stats":{"Singing Bowl":0,"counters":[6,27],"Whetstone":["Neutralize","Strike_G"],"obtain_stats":[{"Singing Bowl":6,"Philosopher\u0027s Stone":0,"WingedGreaves":2,"Whetstone":8,"Ring of the Snake":0,"Mercury Hourglass":9},{"Singing Bowl":3,"Philosopher\u0027s Stone":0,"WingedGreaves":1,"Whetstone":5,"Ring of the Snake":0,"Mercury Hourglass":5},{"Singing Bowl":18,"Philosopher\u0027s Stone":0,"WingedGreaves":6,"Whetstone":24,"Ring of the Snake":0,"Mercury Hourglass":24}],"Mercury Hourglass":[6]},"card_choices":[{"not_picked":["Flying Knee","Slice"],"picked":"Blade Dance","floor":1.0},{"not_picked":["Flying Knee","Acrobatics"],"picked":"Dagger Spray","floor":4.0},{"not_picked":["Bouncing Flask","PiercingWail"],"picked":"Terror","floor":6.0},{"not_picked":["Expertise","Backstab"],"picked":"Dash","floor":7.0},{"not_picked":["Flying Knee","Predator"],"picked":"Footwork","floor":8.0}],"player_experience":286628,"relics_obtained":[{"floor":6.0,"key":"Singing Bowl"},{"floor":8.0,"key":"Whetstone"},{"floor":9.0,"key":"Mercury Hourglass"}],"event_choices":[{"damage_healed":0.0,"max_hp_gain":0.0,"max_hp_loss":0.0,"gold_gain":0.0,"event_name":"Big Fish","player_choice":"Box","floor":2.0,"gold_loss":0.0,"damage_taken":0.0,"relics_obtained":["WingedGreaves"],"cards_obtained":["Regret"]},{"damage_healed":0.0,"max_hp_gain":0.0,"max_hp_loss":0.0,"gold_gain":75.0,"event_name":"World of Goop","player_choice":"Gather Gold","floor":3.0,"gold_loss":0.0,"damage_taken":11.0}],"is_beta":false,"boss_relics":[],"items_purged_floors":[5],"is_endless":false,"potions_floor_spawned":[8],"killed_by":"Lagavulin","ascension_level":7}}