{"host":"1ekl8hlbnopmdapi","time":1612383426,"event":{"mods":["AchievementEnabler","BaseMod","Colored Map","Colored Powertips","DeckTracker","Downfall","Googly Eyes","Highlight Path","Minty Spire (QoL Compilation)","Relic Sorter","StSLib","Synergy Search"],"gold_per_floor":[99,116,131,147,159,159,185,195,95,113,113,138,149,162,181,181,181,181],"floor_reached":16,"language":"ENG","playtime":1231,"items_purged":[],"score":133,"play_id":"1ec757ad-55a7-430b-af5d-d947bf5da2c5","local_time":"20210203151706","is_ascension_mode":false,"campfire_choices":[{"floor":1,"key":"RECALL"},{"data":"Guardian:RefractedBeam","floor":9,"key":"SMITH"}],"circlet_count":0,"master_deck":["Guardian:Strike_Guardian","Guardian:Strike_Guardian","Guardian:Strike_Guardian","Guardian:Defend_Guardian","Guardian:Defend_Guardian","Guardian:Defend_Guardian","Guardian:Defend_Guardian","Guardian:CurlUp","Guardian:TwinSlam","Guardian:RefractedBeam+1","Guardian:Gem_Cyan","Guardian:ShieldCharger","Guardian:MultiBeam","Guardian:Reroute","Guardian:Gem_White","Guardian:ChargeCore","Guardian:SentryBeam","Guardian:BaubleBeam"],"relics":["Guardian:ModeShifter","downfall:HeartBlessingBlue","Potion Belt"],"acts_visited":["Exordium"],"potions_floor_usage":[3,16,16],"damage_taken":[{"damage":0,"enemies":"Small Slimes","floor":2,"turns":4},{"damage":0,"enemies":"2 Louse","floor":3,"turns":2},{"damage":5,"enemies":"Cultist","floor":4,"turns":4},{"damage":4,"enemies":"2 Fungi Beasts","floor":5,"turns":4},{"damage":5,"enemies":"Exordium Wildlife","floor":8,"turns":6},{"damage":10,"enemies":"Red Slaver","floor":10,"turns":3},{"damage":27,"enemies":"Lagavulin","floor":12,"turns":9},{"damage":0,"enemies":"3 Louse","floor":13,"turns":1},{"damage":6,"enemies":"Blue Slaver","floor":14,"turns":4},{"damage":6,"enemies":"Exordium Wildlife","floor":15,"turns":4},{"damage":35,"enemies":"DF_ARCHETYPE_STREAMLINE","floor":16,"turns":9}],"seed_played":"1791882097733929286","potions_obtained":[{"floor":2,"key":"Explosive Potion"},{"floor":4,"key":"Guardian:BlockOnCardUsePotion"},{"floor":13,"key":"Energy Potion"},{"floor":14,"key":"champ:CounterPotion"}],"is_trial":false,"path_per_floor":["R","M","M","M","M","?","T","M","R","M","?","E","M","M","M","B"],"character_chosen":"GUARDIAN","items_purchased":[],"campfire_rested":0,"item_purchase_floors":[],"current_hp_per_floor":[88,88,88,83,79,73,73,68,78,68,68,41,41,35,29,0,0,0],"gold":181,"neow_bonus":"TEN_PERCENT_HP_BONUS","is_daily":false,"chose_seed":false,"campfire_upgraded":1,"win_rate":0.0,"timestamp":1612383426,"path_taken":["R","M","M","M","M","?","T","M","R","M","?","E","M","M","M","BOSS"],"items_purchased_type":[],"build_version":"2020-12-22","purchased_purges":0,"victory":false,"max_hp_per_floor":[88,88,88,88,88,88,88,88,98,98,98,98,98,98,98,98,98,98],"card_choices":[{"not_picked":["Guardian:TemporalStrike","Guardian:Reroute"],"picked":"Guardian:RefractedBeam","floor":2},{"not_picked":["Guardian:TemporalStrike","Guardian:Gem_Fragmented"],"picked":"Guardian:Gem_Cyan","floor":3},{"not_picked":["Guardian:VentSteam","Guardian:Gem_Green"],"picked":"Guardian:Gem_Cyan","floor":4},{"not_picked":["Guardian:TimeCapacitor","Guardian:Gem_Purple"],"picked":"Guardian:ShieldCharger","floor":5},{"not_picked":["Guardian:Recover","Guardian:Harden"],"picked":"Guardian:MultiBeam","floor":8},{"not_picked":["Guardian:BronzeArmor","Guardian:DecasProtection"],"picked":"Guardian:Reroute","floor":10},{"not_picked":["Guardian:BronzeArmor","Guardian:ShieldSpikes"],"picked":"Guardian:Gem_White","floor":12},{"not_picked":["Guardian:Incinerate","Guardian:ShieldCharger"],"picked":"Guardian:ChargeCore","floor":13},{"not_picked":["Guardian:Gem_Fragmented","Guardian:Incinerate"],"picked":"Guardian:SentryBeam","floor":14},{"not_picked":["Guardian:BronzeOrb","Guardian:Gem_Fragmented"],"picked":"Guardian:BaubleBeam","floor":15}],"player_experience":523162,"relics_obtained":[{"floor":12,"key":"Potion Belt"}],"event_choices":[],"is_beta":false,"boss_relics":[],"items_purged_floors":[],"is_endless":false,"potions_floor_spawned":[2,4,13,14],"killed_by":"DF_ARCHETYPE_STREAMLINE","ascension_level":0}}