{"host":"mw3dmj42qtkbha4b","time":1612360960,"event":{"mods":["BaseMod","Colored Map","Colored Powertips","DeckTracker","Minty Spire (QoL Compilation)","StSLib","SuperFastMode"],"gold_per_floor":[115,115,115,128,53,80,100,100,100,100,117,129,148,148,148,148,148],"floor_reached":16,"language":"KOR","playtime":224,"items_purged":["Defend_P"],"score":274,"play_id":"635d5a5d-3e7c-4d7a-97ab-2e585cf95b9c","local_time":"20210203230240","is_ascension_mode":true,"campfire_choices":[{"data":"Eruption","floor":8.0,"key":"SMITH"},{"data":"Blasphemy","floor":15.0,"key":"SMITH"}],"circlet_count":0,"master_deck":["AscendersBane","Strike_P","Strike_P","Strike_P","Defend_P","Defend_P","Defend_P","Eruption+1","Vigilance","Brilliance","Blasphemy+1"],"relics":["PureWater","NeowsBlessing","Shuriken","Question Card","Singing Bowl"],"acts_visited":["Exordium"],"potions_floor_usage":[],"damage_taken":[{"damage":0.0,"enemies":"2 Louse","floor":1.0,"turns":1.0},{"damage":0.0,"enemies":"Cultist","floor":4.0,"turns":1.0},{"damage":0.0,"enemies":"Gremlin Nob","floor":6.0,"turns":1.0},{"damage":0.0,"enemies":"Small Slimes","floor":7.0,"turns":1.0},{"damage":3.0,"enemies":"Blue Slaver","floor":11.0,"turns":2.0},{"damage":5.0,"enemies":"3 Louse","floor":12.0,"turns":2.0},{"damage":23.0,"enemies":"Red Slaver","floor":13.0,"turns":2.0},{"damage":0.0,"enemies":"Lagavulin","floor":14.0,"turns":1.0},{"damage":99999,"enemies":"The Guardian","floor":16,"turns":3}],"seed_played":"5490807751742784431","potions_obtained":[{"floor":4.0,"key":"SteroidPotion"},{"floor":7.0,"key":"SmokeBomb"},{"floor":11.0,"key":"LiquidBronze"}],"is_trial":false,"path_per_floor":["M","$","?","M","$","E","M","R","T","?","M","M","M","E","R","B"],"character_chosen":"WATCHER","items_purchased":[],"campfire_rested":0,"item_purchase_floors":[],"current_hp_per_floor":[61,61,61,61,61,61,61,61,61,61,60,57,36,36,36,0,0],"gold":148,"neow_bonus":"THREE_ENEMY_KILL","is_daily":false,"chose_seed":false,"campfire_upgraded":2,"win_rate":0.0,"timestamp":1612360960,"path_taken":["M","$","?","?","$","E","M","R","T","?","?","M","M","E","R","BOSS"],"items_purchased_type":[],"build_version":"2020-12-22","purchased_purges":1,"victory":false,"max_hp_per_floor":[68,68,68,68,68,68,68,68,68,68,70,72,74,74,74,74,74],"card_choices":[{"not_picked":["CutThroughFate","BowlingBash","Fasting2"],"picked":"SKIP","floor":1.0},{"not_picked":["FearNoEvil","EmptyBody","Sanctity"],"picked":"SKIP","floor":4.0},{"not_picked":["EmptyFist","DevaForm"],"picked":"Brilliance","floor":6.0},{"not_picked":["BowlingBash","Protect","Halt","Crescendo"],"picked":"SKIP","floor":7.0},{"not_picked":["EmptyFist","Pray","Crescendo","SignatureMove"],"picked":"Singing Bowl","floor":11.0},{"not_picked":["Protect","SashWhip","FollowUp","FearNoEvil"],"picked":"Singing Bowl","floor":12.0},{"not_picked":["Wish","Wireheading","LikeWater","Perseverance"],"picked":"Singing Bowl","floor":13.0}],"player_experience":1798544,"relics_obtained":[{"floor":3.0,"key":"Shuriken"},{"floor":6.0,"key":"Question Card"},{"floor":9.0,"key":"Singing Bowl"}],"event_choices":[{"damage_healed":0.0,"max_hp_gain":0.0,"max_hp_loss":0.0,"gold_gain":0.0,"event_name":"Wheel of Change","player_choice":"Relic","floor":3.0,"gold_loss":0.0,"damage_taken":0.0},{"damage_healed":0.0,"max_hp_gain":0.0,"max_hp_loss":0.0,"gold_gain":0.0,"cards_transformed":["Strike_P"],"event_name":"Transmorgrifier","player_choice":"Transformed","floor":10.0,"gold_loss":0.0,"damage_taken":0.0,"cards_obtained":["Blasphemy"]}],"is_beta":false,"boss_relics":[],"items_purged_floors":[5],"is_endless":false,"potions_floor_spawned":[4,7,11,14],"killed_by":"The Guardian","ascension_level":20}}