{"host":"kda2p2afd6bvz6qo","time":1612390102,"event":{"mods":["BaseMod","Colored Map","Minty Spire (QoL Compilation)","Relic Stats"],"gold_per_floor":[112,82,32,44,58,77,93,93,93],"floor_reached":8,"language":"ENG","playtime":404,"items_purged":["Defend_G"],"score":100,"play_id":"09479f1f-a499-4c6d-863e-dc328c380ae1","local_time":"20210203220822","is_ascension_mode":true,"campfire_choices":[],"circlet_count":0,"master_deck":["AscendersBane","Strike_G","Strike_G","Strike_G","Strike_G","Strike_G","Defend_G","Defend_G","Defend_G","Defend_G","Survivor","Neutralize","CurseOfTheBell","Accuracy","Choke","Malaise","Dagger Throw","PiercingWail"],"relics":["Calling Bell","Smiling Mask","Ninja Scroll","Girya"],"acts_visited":["Exordium"],"potions_floor_usage":[6,8],"damage_taken":[{"damage":3,"enemies":"2 Louse","floor":1,"turns":3},{"damage":0,"enemies":"Cultist","floor":4,"turns":4},{"damage":3,"enemies":"Small Slimes","floor":5,"turns":2},{"damage":4,"enemies":"Looter","floor":6,"turns":4},{"damage":30,"enemies":"Exordium Thugs","floor":7,"turns":5},{"damage":22,"enemies":"Lagavulin","floor":8,"turns":8}],"seed_played":"3525563810034060671","potions_obtained":[{"floor":1,"key":"LiquidMemories"},{"floor":2,"key":"SpeedPotion"}],"is_trial":false,"path_per_floor":["M","?","$","M","M","M","M","E"],"character_chosen":"THE_SILENT","items_purchased":[],"campfire_rested":0,"item_purchase_floors":[],"current_hp_per_floor":[56,56,56,56,53,49,19,0,0],"gold":93,"neow_bonus":"BOSS_RELIC","is_daily":false,"chose_seed":false,"campfire_upgraded":0,"win_rate":0.0,"timestamp":1612390102,"path_taken":["M","?","?","?","M","M","M","E"],"items_purchased_type":[],"build_version":"2020-12-22","purchased_purges":1,"victory":false,"max_hp_per_floor":[66,66,66,66,66,66,66,66,66],"relic_stats":{"counters":[6,26],"Smiling Mask":25,"obtain_stats":[{"Calling Bell":0,"Girya":0,"Ninja Scroll":0,"Smiling Mask":0,"Ring of the Snake":0},{"Calling Bell":0,"Girya":0,"Ninja Scroll":0,"Smiling Mask":0,"Ring of the Snake":0},{"Calling Bell":0,"Girya":0,"Ninja Scroll":0,"Smiling Mask":0,"Ring of the Snake":0}]},"card_choices":[{"not_picked":["Slice","Bane"],"picked":"Accuracy","floor":1},{"not_picked":["Dagger Throw","Sucker Punch"],"picked":"Choke","floor":4},{"not_picked":["Acrobatics","Footwork"],"picked":"Malaise","floor":5},{"not_picked":["Prepared","All Out Attack"],"picked":"Dagger Throw","floor":6},{"not_picked":["Catalyst","Poisoned Stab"],"picked":"PiercingWail","floor":7}],"player_experience":196560,"relics_obtained":[{"floor":0,"key":"Smiling Mask"},{"floor":0,"key":"Ninja Scroll"},{"floor":0,"key":"Girya"}],"event_choices":[{"damage_healed":0,"gold_gain":0,"player_choice":"Bought 2 Potions","damage_taken":0,"max_hp_gain":0,"max_hp_loss":0,"event_name":"The Woman in Blue","floor":2,"gold_loss":0}],"is_beta":false,"boss_relics":[],"items_purged_floors":[3],"is_endless":false,"potions_floor_spawned":[1,4,5],"killed_by":"Lagavulin","ascension_level":20}}