{"host":"xltl1aroowo69o4n","time":1612318490,"event":{"mods":["BaseMod","Colored Map","Colored Powertips","Downfall","Minty Spire (QoL Compilation)","StSLib","The Cursed","The Hierophant","The Mystic"],"gold_per_floor":[99,114,133,152,152,217,241,241,264,264,283,298,448,462,475,475,475,475],"floor_reached":16,"language":"ENG","playtime":710,"items_purged":[],"score":94,"play_id":"daeb1972-a690-4bdb-ab24-f1e1dcbaf35e","local_time":"20210202211450","is_ascension_mode":false,"campfire_choices":[{"floor":1,"key":"RECALL"},{"floor":10,"key":"REST"}],"circlet_count":0,"master_deck":["sneckomod:Strike+1","sneckomod:Strike","sneckomod:Strike","sneckomod:Defend","sneckomod:Defend+1","sneckomod:Defend","sneckomod:TailWhip+1","sneckomod:SnekBite","sneckomod:Unknown","sneckomod:Unknown","sneckomod:DiceBoulder","sneckomod:DiceBlock","sneckomod:UnknownUncommonSkill","sneckomod:SnakeSap","sneckomod:SnekBeam","sneckomod:DangerNoodle","sneckomod:UnknownExhaust","downfall:Icky","sneckomod:UnknownWeak","sneckomod:TrashToTreasure"],"relics":["sneckomod:SneckoSoul","Gambling Chip","Odd Mushroom"],"acts_visited":["Exordium"],"potions_floor_usage":[6,14,16,16,16],"damage_taken":[{"damage":5,"enemies":"2 Louse","floor":2,"turns":3},{"damage":2,"enemies":"Small Slimes","floor":3,"turns":3},{"damage":3,"enemies":"Jaw Worm","floor":4,"turns":4},{"damage":46,"enemies":"Lagavulin Event","floor":6,"turns":8},{"damage":26,"enemies":"The Mushroom Lair","floor":9,"turns":4},{"damage":23,"enemies":"Exordium Thugs","floor":11,"turns":5},{"damage":12,"enemies":"3 Louse","floor":12,"turns":3},{"damage":0,"enemies":"Exordium Wildlife","floor":14,"turns":3},{"damage":12,"enemies":"2 Fungi Beasts","floor":15,"turns":4},{"damage":16,"enemies":"DF_ARCHETYPE_STREAMLINE","floor":16,"turns":3}],"seed_played":"6347933778451183756","potions_obtained":[{"floor":3,"key":"bronze:BurnAndBuffPotion"},{"floor":11,"key":"SpeedPotion"},{"floor":12,"key":"Explosive Potion"},{"floor":15,"key":"sneckomod:CheatPotion"}],"is_trial":false,"path_per_floor":["R","M","M","M","?","?","T","?","?","R","M","M","?","M","M","B"],"character_chosen":"THE_SNECKO","items_purchased":[],"campfire_rested":1,"item_purchase_floors":[],"current_hp_per_floor":[99,94,92,89,89,50,50,50,24,53,30,18,18,18,6,0,0,0],"gold":475,"neow_bonus":"TEN_PERCENT_HP_BONUS","is_daily":false,"chose_seed":false,"campfire_upgraded":0,"win_rate":0.0,"timestamp":1612318490,"path_taken":["R","M","M","M","?","?","T","?","?","R","M","M","?","?","M","BOSS"],"items_purchased_type":[],"build_version":"2020-12-13","purchased_purges":0,"victory":false,"max_hp_per_floor":[99,99,99,99,99,99,99,99,99,99,99,99,99,99,99,99,99,99],"card_choices":[{"not_picked":["sneckomod:IronFang","sneckomod:QuickBite"],"picked":"sneckomod:DiceBoulder","floor":2},{"not_picked":["sneckomod:UnknownCommonAttack","sneckomod:Unknown1Cost"],"picked":"sneckomod:DiceBlock","floor":3},{"not_picked":["sneckomod:SnekBeam","sneckomod:DiceBlock"],"picked":"sneckomod:UnknownUncommonSkill","floor":4},{"not_picked":["sneckomod:SoulDraw","sneckomod:Unknown0Cost"],"picked":"sneckomod:SnakeSap","floor":6},{"not_picked":["sneckomod:UnknownVulnerable","sneckomod:QuickBite"],"picked":"sneckomod:SnekBeam","floor":9},{"not_picked":["sneckomod:DiceCrush","sneckomod:WideSting"],"picked":"sneckomod:DangerNoodle","floor":11},{"not_picked":["sneckomod:DiceBoulder","sneckomod:SoulDraw"],"picked":"sneckomod:UnknownExhaust","floor":12},{"not_picked":["sneckomod:DiceBoulder","sneckomod:UnknownUncommonAttack"],"picked":"sneckomod:UnknownWeak","floor":14},{"not_picked":["sneckomod:Nope","sneckomod:RainOfDice"],"picked":"sneckomod:TrashToTreasure","floor":15}],"player_experience":111375,"relics_obtained":[{"floor":6,"key":"Gambling Chip"},{"floor":9,"key":"Odd Mushroom"}],"event_choices":[{"cards_removed":["downfall:Malfunctioning"],"damage_healed":0,"gold_gain":0,"player_choice":"Forget","damage_taken":0,"max_hp_gain":0,"max_hp_loss":0,"event_name":"Living Wall","floor":8,"gold_loss":0},{"damage_healed":0,"gold_gain":0,"player_choice":"Fought Mushrooms","damage_taken":0,"max_hp_gain":0,"max_hp_loss":0,"event_name":"Mushrooms","floor":9,"gold_loss":0}],"is_beta":false,"boss_relics":[],"items_purged_floors":[],"is_endless":false,"potions_floor_spawned":[3,11,12,15],"killed_by":"DF_ARCHETYPE_STREAMLINE","ascension_level":0}}