{"host":"e1pm3b7xpcm97e5w","time":1612375222,"event":{"mods":["BaseMod","Better Skull","Googly Eyes","Minty Spire (QoL Compilation)","Relic Stats","Shop Mod","Spicy Shops","StSLib"],"gold_per_floor":[117,67,67,79,91,91,119,119,201,221,221,236,102,113,113,184,184,195,211,211,224,258,289,289,302,302,302,302,333,253,278,278,355,355,371,371,49,69,69,69,84,101,128,350,361,39,68,68,68,68],"floor_reached":51,"language":"ENG","playtime":73184,"items_purged":["Writhe"],"score":1213,"play_id":"94505d17-be40-4df3-b7c8-c7bc5016d17d","local_time":"20210203130022","is_ascension_mode":true,"campfire_choices":[{"data":"ThirdEye","floor":6,"key":"SMITH"},{"data":"SandsOfTime","floor":8,"key":"SMITH"},{"floor":11,"key":"REST"},{"data":"Blasphemy","floor":15,"key":"SMITH"},{"floor":24,"key":"REST"},{"data":"Establishment","floor":28,"key":"SMITH"},{"floor":32,"key":"REST"},{"data":"Wireheading","floor":40,"key":"SMITH"},{"floor":49,"key":"REST"}],"circlet_count":0,"master_deck":["AscendersBane","Eruption+1","Vigilance","Evaluate","ThirdEye+1","JustLucky+1","Wallop","SandsOfTime+1","FlurryOfBlows","Blasphemy+1","CutThroughFate","LessonLearned+1","Protect+1","Weave+1","WheelKick","Establishment+1","Sanctity","SandsOfTime","TalkToTheHand+1","ThirdEye+1","Protect+1","WindmillStrike","ThirdEye","Scrawl","PathToVictory","Wireheading+1","JustLucky","TalkToTheHand"],"relics":["PureWater","Regal Pillow","InkBottle","Frozen Eye","Pandora\u0027s Box","Red Mask","Shuriken","Mummified Hand","Pantograph","TeardropLocket","Black Star","Bottled Lightning","Toolbox","Art of War","Bottled Flame","Anchor","Lantern","Incense Burner"],"acts_visited":["Exordium","TheCity","TheBeyond"],"potions_floor_usage":[16,22,33,41,42,47],"damage_taken":[{"damage":0,"enemies":"Small Slimes","floor":1,"turns":3},{"damage":5,"enemies":"2 Louse","floor":4,"turns":3},{"damage":4,"enemies":"Cultist","floor":5,"turns":3},{"damage":12,"enemies":"Gremlin Nob","floor":7,"turns":3},{"damage":9,"enemies":"Large Slime","floor":10,"turns":4},{"damage":5,"enemies":"Looter","floor":12,"turns":4},{"damage":1,"enemies":"2 Fungi Beasts","floor":14,"turns":3},{"damage":0,"enemies":"Slime Boss","floor":16,"turns":4},{"damage":0,"enemies":"Spheric Guardian","floor":18,"turns":3},{"damage":6,"enemies":"Shell Parasite","floor":19,"turns":3},{"damage":27,"enemies":"Chosen and Byrds","floor":21,"turns":5},{"damage":0,"enemies":"Masked Bandits","floor":22,"turns":3},{"damage":6,"enemies":"Book of Stabbing","floor":23,"turns":4},{"damage":11,"enemies":"Cultist and Chosen","floor":25,"turns":5},{"damage":3,"enemies":"Gremlin Leader","floor":29,"turns":3},{"damage":13,"enemies":"Book of Stabbing","floor":31,"turns":6},{"damage":6,"enemies":"Automaton","floor":33,"turns":5},{"damage":1,"enemies":"Orb Walker","floor":35,"turns":4},{"damage":0,"enemies":"3 Shapes","floor":38,"turns":3},{"damage":11,"enemies":"Spire Growth","floor":41,"turns":3},{"damage":4,"enemies":"4 Shapes","floor":42,"turns":5},{"damage":37,"enemies":"Transient","floor":45,"turns":5},{"damage":20,"enemies":"Nemesis","floor":47,"turns":5},{"damage":47,"enemies":"Time Eater","floor":50,"turns":6}],"seed_played":"-3461718666228378640","potions_obtained":[{"floor":5,"key":"Strength Potion"},{"floor":7,"key":"Energy Potion"},{"floor":16,"key":"Strength Potion"},{"floor":19,"key":"DistilledChaos"},{"floor":22,"key":"PowerPotion"},{"floor":38,"key":"Fruit Juice"},{"floor":45,"key":"Weak Potion"},{"floor":47,"key":"Ancient Potion"}],"is_trial":false,"path_per_floor":["M","?","?","M","M","R","E","R","T","M","R","M","$","M","R","B",null,"M","M","?","M","?","E","R","M","T","?","R","E","$","E","R","B",null,"M","?","$","M","$","R","M","M","T","?","M","$","E","T","R","B",null],"character_chosen":"WATCHER","items_purchased":["Frozen Eye","WindmillStrike","Bottled Lightning","Toolbox","TalkToTheHand","Bottled Flame"],"campfire_rested":4,"item_purchase_floors":[13,30,37,37,46,46],"current_hp_per_floor":[65,65,65,60,56,56,44,44,44,35,71,66,66,65,65,65,70,70,64,64,37,37,31,67,56,56,56,56,53,53,40,72,66,71,70,70,70,70,70,70,64,60,60,60,23,23,3,3,41,19],"gold":68,"neow_bonus":"TRANSFORM_CARD","is_daily":false,"chose_seed":false,"campfire_upgraded":5,"win_rate":0.0,"timestamp":1612375222,"path_taken":["M","?","?","?","M","R","E","R","T","M","R","M","$","M","R","BOSS","M","M","?","M","?","E","R","M","T","?","R","E","$","E","R","BOSS","M","?","$","?","$","R","M","M","T","?","M","$","E","?","R","BOSS"],"items_purchased_type":["Relic","Card","Relic","Relic","Card","Relic"],"build_version":"2020-12-22","purchased_purges":1,"victory":true,"max_hp_per_floor":[72,72,72,72,72,72,72,72,72,72,72,72,72,72,72,72,72,72,72,72,72,72,72,72,72,72,72,72,72,72,72,72,72,72,72,72,72,72,72,72,77,77,77,77,77,77,77,77,77,77],"relic_stats":{"Regal Pillow":56,"counters":[24,95],"Shuriken":[33],"Mummified Hand":[27],"Pantograph":25,"Pandora\u0027s Box":["Protect","Weave","WheelKick","Establishment","Sanctity","SandsOfTime"],"Black Star":1,"Art of War":[0],"obtain_stats":[{"Regal Pillow":7,"Lantern":47,"Incense Burner":48,"TeardropLocket":31,"Frozen Eye":13,"Bottled Flame":46,"Anchor":47,"Shuriken":23,"Mummified Hand":26,"Pantograph":29,"Toolbox":37,"Pandora\u0027s Box":17,"Red Mask":22,"Black Star":34,"Art of War":43,"Bottled Lightning":37,"PureWater":0,"InkBottle":9},{"Regal Pillow":4,"Lantern":23,"Incense Burner":23,"TeardropLocket":16,"Frozen Eye":6,"Bottled Flame":22,"Anchor":23,"Shuriken":13,"Mummified Hand":14,"Pantograph":15,"Toolbox":18,"Pandora\u0027s Box":8,"Red Mask":12,"Black Star":17,"Art of War":21,"Bottled Lightning":18,"PureWater":0,"InkBottle":4},{"Regal Pillow":12,"Lantern":89,"Incense Burner":89,"TeardropLocket":59,"Frozen Eye":20,"Bottled Flame":84,"Anchor":89,"Shuriken":45,"Mummified Hand":50,"Pantograph":53,"Toolbox":68,"Pandora\u0027s Box":27,"Red Mask":41,"Black Star":64,"Art of War":79,"Bottled Lightning":68,"PureWater":0,"InkBottle":12}],"InkBottle":[38]},"card_choices":[{"not_picked":["Evaluate","InnerPeace"],"picked":"ThirdEye","floor":1},{"not_picked":["WaveOfTheHand","FlyingSleeves"],"picked":"JustLucky","floor":4},{"not_picked":["FlurryOfBlows","Study"],"picked":"Wallop","floor":5},{"not_picked":["WreathOfFlame","CrushJoints"],"picked":"SandsOfTime","floor":7},{"not_picked":["SandsOfTime","Prostrate"],"picked":"FlurryOfBlows","floor":10},{"not_picked":["CutThroughFate","Crescendo"],"picked":"Blasphemy","floor":12},{"not_picked":["ForeignInfluence","JustLucky"],"picked":"CutThroughFate","floor":14},{"not_picked":["DeusExMachina","DevaForm"],"picked":"LessonLearned","floor":16},{"not_picked":["Prostrate","Halt","FlyingSleeves"],"picked":"SKIP","floor":18},{"not_picked":["FlyingSleeves","EmptyBody","BowlingBash"],"picked":"SKIP","floor":19},{"not_picked":["Worship","JustLucky","WheelKick"],"picked":"SKIP","floor":21},{"not_picked":["CrushJoints","WheelKick"],"picked":"TalkToTheHand","floor":22},{"not_picked":["FlurryOfBlows","EmptyBody"],"picked":"ThirdEye","floor":23},{"not_picked":["Prostrate","FlyingSleeves"],"picked":"Protect","floor":25},{"not_picked":["EmptyBody","BowlingBash","Crescendo"],"picked":"SKIP","floor":29},{"not_picked":["Pray","Sanctity"],"picked":"ThirdEye","floor":31},{"not_picked":["ConjureBlade","MasterReality"],"picked":"Scrawl","floor":33},{"not_picked":["Consecrate","Indignation"],"picked":"PathToVictory","floor":35},{"not_picked":["InnerPeace","FlurryOfBlows"],"picked":"Wireheading","floor":38},{"not_picked":["Consecrate","FlyingSleeves"],"picked":"JustLucky","floor":41},{"not_picked":["DeceiveReality","FlurryOfBlows","Sanctity"],"picked":"SKIP","floor":42},{"not_picked":["CrushJoints+1","Scrawl","EmptyFist"],"picked":"SKIP","floor":45},{"not_picked":["FlyingSleeves","FlurryOfBlows","Halt"],"picked":"SKIP","floor":47}],"player_experience":621547,"relics_obtained":[{"floor":7,"key":"Regal Pillow"},{"floor":9,"key":"InkBottle"},{"floor":22,"key":"Red Mask"},{"floor":23,"key":"Shuriken"},{"floor":26,"key":"Mummified Hand"},{"floor":29,"key":"Pantograph"},{"floor":31,"key":"TeardropLocket"},{"floor":43,"key":"Art of War"},{"floor":47,"key":"Anchor"},{"floor":47,"key":"Lantern"},{"floor":48,"key":"Incense Burner"}],"event_choices":[{"cards_removed":["Strike_P"],"damage_healed":0,"gold_gain":0,"player_choice":"Card Removal","damage_taken":0,"max_hp_gain":0,"max_hp_loss":0,"event_name":"The Cleric","floor":2,"gold_loss":50},{"damage_healed":0,"gold_gain":0,"player_choice":"Forge","damage_taken":0,"max_hp_gain":0,"max_hp_loss":0,"event_name":"Accursed Blacksmith","floor":3,"gold_loss":0,"cards_upgraded":["Eruption"]},{"damage_healed":0,"gold_gain":0,"player_choice":"Ignored","damage_taken":0,"max_hp_gain":0,"max_hp_loss":0,"event_name":"Ghosts","floor":20,"gold_loss":0},{"damage_healed":0,"gold_gain":0,"player_choice":"Fought Bandits","damage_taken":0,"max_hp_gain":0,"max_hp_loss":0,"event_name":"Masked Bandits","floor":22,"gold_loss":0},{"damage_healed":0,"gold_gain":0,"player_choice":"Ignored","damage_taken":0,"max_hp_gain":0,"max_hp_loss":0,"event_name":"Vampires","floor":27,"gold_loss":0},{"damage_healed":0,"gold_gain":0,"player_choice":"0 cards matched","damage_taken":0,"max_hp_gain":0,"max_hp_loss":0,"event_name":"Match and Keep!","floor":36,"gold_loss":0,"cards_obtained":[]},{"damage_healed":0,"gold_gain":222,"player_choice":"Wore Mask","damage_taken":0,"max_hp_gain":0,"max_hp_loss":0,"event_name":"Tomb of Lord Red Mask","floor":44,"gold_loss":0}],"is_beta":false,"boss_relics":[{"not_picked":["Busted Crown","Velvet Choker"],"picked":"Pandora\u0027s Box"},{"not_picked":["VioletLotus","Cursed Key"],"picked":"Black Star"}],"items_purged_floors":[13],"is_endless":false,"potions_floor_spawned":[5,7,10,16,19,21,22,31,38,45,47],"ascension_level":13}}