{"host":"pgm1p3lvdjflie30","time":1612349760,"event":{"mods":["ATMod(阿瑾Mod)","AchievementEnabler","Aspiration","BaseMod","Challenge The Spire","Colored Map","Colored Powertips","Conspire","Dark Map","Dota2Spire","Downfall","Energized Spire","GungeonMod","Hermit","Highlight Path","HornydragonMod","Minty Spire (QoL Compilation)","MostiFishMod","Quarter Circle Forward PUNCH!","Quick Restart","Reimu（博???）","Relic Stats","Replay The Spire","Robot Space Explorer","Spicy Shops","StSLib","TestMod","The Blackbeard","The Bug Knight","The Cursed","The Hayseed","The IronCluck","The Jungle","The Runesmith","Waifu the Spire","Yakumo Yukari mod","【?物卡牌】REMEMod","篝火指南"],"gold_per_floor":[109,109,129,129,145,174,174,209,209,209,234,234,245,35,35,35,35],"floor_reached":16,"language":"ZHS","playtime":1046,"items_purged":["Normality"],"score":142,"play_id":"bbe5fd91-d485-4f4f-aee0-ee683aa620e1","local_time":"20210203185600","is_ascension_mode":true,"campfire_choices":[{"floor":7,"key":"RECALL"},{"data":"DemoMod:BalloonGun","floor":10,"key":"SMITH"},{"data":"Seeing Red","floor":12,"key":"SMITH"},{"data":"Capacitor","floor":15,"key":"SMITH"}],"circlet_count":0,"master_deck":["DemoMod:Strike_Huntress","DemoMod:Strike_Huntress","DemoMod:Strike_Huntress+1","DemoMod:Defend_Huntress","DemoMod:Defend_Huntress+1","DemoMod:Defend_Huntress+1","DemoMod:Defend_Huntress","DemoMod:Roll+1","DemoMod:ManualReload","DemoMod:RustySidearm","DemoMod:CrossBow","Tempest","AT_FamilyPortrait","Inflame+1","DemoMod:HuntsMan","DemoMod:BalloonGun+1","Heavy Blade+1","Pot Of Greed","Pot Of Greed","FTL","Seeing Red+1","Turbo+1","DemoMod:BattleInHaste","DemoMod:SAA","Capacitor+1","Pot Of Greed","ReplayTheSpireMod:Omega Cannon"],"relics":["DemoMod:Dog","AT_ATBox","REME_ComplimentaryCards","DaveBox","testmod-TestBox","DSteel32","testmod-HeartOfDaVinci","aspiration:Nostalgia","Iron Core","SynthV:TestCard","DemoMod:Metronome","Prayer Wheel","Grinning Jar","testmod-ArcanaOfDestiny","DemoMod:WhiteGuonStone","Raider\u0027s Mask"],"acts_visited":["Exordium"],"potions_floor_usage":[6,6],"damage_taken":[{"damage":4,"enemies":"Small Slimes","floor":1,"turns":4},{"damage":0,"enemies":"2 Louse","floor":3,"turns":2},{"damage":0,"enemies":"Cultist","floor":5,"turns":2},{"damage":23,"enemies":"3 Sentries","floor":6,"turns":7},{"damage":0,"enemies":"Gremlin Nob","floor":8,"turns":2},{"damage":0,"enemies":"3 Louse","floor":11,"turns":1},{"damage":0,"enemies":"Red Slaver","floor":13,"turns":2},{"damage":27,"enemies":"The Guardian","floor":16,"turns":4}],"seed_played":"3509033213272082565","potions_obtained":[{"floor":3,"key":"Dota2Spire:Clarity"},{"floor":5,"key":"Energy Potion"},{"floor":8,"key":"GamblersBrew"},{"floor":13,"key":"Dexterity Potion"}],"is_trial":false,"path_per_floor":["M","?","M","?","M","E","R","E","T","R","M","R","M","$","R","B"],"character_chosen":"HUNTRESS","items_purchased":["DemoMod:WhiteGuonStone","Raider\u0027s Mask"],"campfire_rested":0,"item_purchase_floors":[14,14],"current_hp_per_floor":[66,41,41,50,50,27,27,27,27,27,27,27,27,27,27,0,0],"gold":35,"neow_bonus":"NOSTALGIA","is_daily":false,"chose_seed":false,"campfire_upgraded":3,"win_rate":0.0,"timestamp":1612349760,"path_taken":["M","?","M","?","M","E","R","E","T","R","M","R","M","$","R","BOSS"],"items_purchased_type":["Relic","Relic"],"build_version":"2020-12-22","purchased_purges":1,"victory":false,"max_hp_per_floor":[70,70,70,79,79,79,79,79,79,79,79,79,79,79,79,79,79],"relic_stats":{"counters":[8,24],"Prayer Wheel":2,"obtain_stats":[{"DSteel32":0,"Iron Core":0,"AT_ATBox":0,"testmod-TestBox":0,"DemoMod:Dog":0,"DaveBox":0,"aspiration:Nostalgia":0,"DemoMod:GlassGuonStoneRelic":6,"Raider\u0027s Mask":14,"DemoMod:WhiteGuonStone":14,"SynthV:TestCard":1,"DemoMod:Metronome":2,"Prayer Wheel":6,"Grinning Jar":6,"testmod-ArcanaOfDestiny":8,"REME_ComplimentaryCards":0,"testmod-HeartOfDaVinci":0},{"DSteel32":0,"Iron Core":0,"AT_ATBox":0,"testmod-TestBox":0,"DemoMod:Dog":0,"DaveBox":0,"aspiration:Nostalgia":0,"DemoMod:GlassGuonStoneRelic":4,"Raider\u0027s Mask":7,"DemoMod:WhiteGuonStone":7,"SynthV:TestCard":1,"DemoMod:Metronome":1,"Prayer Wheel":4,"Grinning Jar":4,"testmod-ArcanaOfDestiny":5,"REME_ComplimentaryCards":0,"testmod-HeartOfDaVinci":0},{"DSteel32":0,"Iron Core":0,"AT_ATBox":0,"testmod-TestBox":0,"DemoMod:Dog":0,"DaveBox":0,"aspiration:Nostalgia":0,"DemoMod:GlassGuonStoneRelic":15,"Raider\u0027s Mask":20,"DemoMod:WhiteGuonStone":20,"SynthV:TestCard":4,"DemoMod:Metronome":4,"Prayer Wheel":9,"Grinning Jar":15,"testmod-ArcanaOfDestiny":17,"REME_ComplimentaryCards":0,"testmod-HeartOfDaVinci":0}]},"card_choices":[{"not_picked":["Recycle","Beam Cell"],"picked":"Inflame","floor":1},{"not_picked":["Body Slam","DemoMod:BattleInHaste","DemoMod:FastSwitch","DemoMod:Ejector"],"picked":"DemoMod:HuntsMan","floor":3},{"not_picked":["WeaponsOverheat","DemoMod:AC15","DemoMod:TeaPot","Beam Cell"],"picked":"DemoMod:BalloonGun","floor":5},{"not_picked":["DemoMod:ZorGun","Dual Wield","DemoMod:BoxingGlove","DemoMod:DirectionalPad"],"picked":"Heavy Blade","floor":5},{"not_picked":["DemoMod:Eureka","ReplayTheSpireMod:System Scan","DemoMod:PracticeMakesPerfect","DemoMod:Ejector"],"picked":"FTL","floor":6},{"not_picked":["DemoMod:ProbeStrike","DemoMod:Eureka","DemoMod:PotionOfGunFriendShip","DemoMod:BattleInHaste"],"picked":"Seeing Red","floor":8},{"not_picked":["DemoMod:FastSwitch","DemoMod:BattleInHaste","DemoMod:Unmoved","DemoMod:MachoBrace"],"picked":"Turbo","floor":11},{"not_picked":["DemoMod:Replace","Recycle","Steam Power","DemoMod:BalloonGun"],"picked":"DemoMod:BattleInHaste","floor":11},{"not_picked":["DemoMod:ProbeStrike","DemoMod:BattleInHaste","Defragment","DemoMod:FeignSurrender"],"picked":"DemoMod:SAA","floor":13},{"not_picked":["DemoMod:Unmoved","DemoMod:ShadowBullets","DemoMod:PotionOfGunFriendShip","Clash"],"picked":"Capacitor","floor":13}],"player_experience":369522,"relics_obtained":[{"floor":1,"key":"SynthV:TestCard"},{"floor":6,"key":"Grinning Jar"},{"floor":8,"key":"testmod-ArcanaOfDestiny"}],"event_choices":[{"damage_healed":0,"gold_gain":0,"player_choice":"Success","damage_taken":25,"relics_obtained":["DemoMod:Metronome"],"max_hp_gain":0,"max_hp_loss":0,"event_name":"Scrap Ooze","floor":2,"gold_loss":0}],"is_beta":false,"boss_relics":[],"items_purged_floors":[14],"is_endless":false,"potions_floor_spawned":[3,5,8,13],"killed_by":"The Guardian","ascension_level":1}}