{"host":"mnpd8gh7cwxsn5kh","time":1612385934,"event":{"mods":["BaseMod","Bestiary","Block Reminder","Colored Map","Colored Powertips","Highlight Path","Minty Spire (QoL Compilation)","Relic Sorter","Relic Stats"],"gold_per_floor":[18,18,18,93,43,43,78,78,78,78,78],"floor_reached":10,"language":"ENG","playtime":553,"items_purged":[],"score":87,"play_id":"319287c8-2db8-41ed-a251-00e2df63ae09","local_time":"20210203215854","is_ascension_mode":true,"campfire_choices":[{"data":"Bash","floor":6,"key":"SMITH"},{"data":"Armaments","floor":8,"key":"SMITH"}],"circlet_count":0,"master_deck":["Strike_R","Strike_R","Strike_R","Strike_R","Defend_R","Defend_R","Defend_R","Defend_R","Bash+1","Demon Form","Twin Strike","Armaments+1"],"relics":["Burning Blood","Pantograph","Boot"],"acts_visited":["Exordium"],"potions_floor_usage":[],"damage_taken":[{"damage":3,"enemies":"Jaw Worm","floor":1,"turns":6},{"damage":45,"enemies":"3 Sentries","floor":7,"turns":9},{"damage":37,"enemies":"Gremlin Nob","floor":10,"turns":3}],"seed_played":"-793123604574145277","potions_obtained":[{"floor":1,"key":"AttackPotion"},{"floor":7,"key":"Regen Potion"}],"is_trial":false,"path_per_floor":["M","?","$","?","?","R","E","R","T","E"],"character_chosen":"IRONCLAD","items_purchased":[],"campfire_rested":0,"item_purchase_floors":[],"current_hp_per_floor":[75,75,75,64,64,64,25,25,25,0,0],"gold":78,"neow_bonus":"THREE_RARE_CARDS","is_daily":false,"chose_seed":false,"campfire_upgraded":2,"win_rate":0.0,"timestamp":1612385934,"path_taken":["M","?","?","?","?","R","E","R","T","E"],"items_purchased_type":[],"build_version":"2020-12-22","purchased_purges":0,"victory":false,"max_hp_per_floor":[80,80,80,80,80,80,80,80,80,80,80],"relic_stats":{"counters":[3,18],"Pantograph":0,"Boot":[0],"obtain_stats":[{"Pantograph":2,"Boot":9,"Burning Blood":0},{"Pantograph":1,"Boot":2,"Burning Blood":0},{"Pantograph":6,"Boot":15,"Burning Blood":0}],"Burning Blood":12},"card_choices":[{"not_picked":["Corruption","Juggernaut"],"picked":"Demon Form","floor":0},{"not_picked":["Seeing Red","Thunderclap"],"picked":"Twin Strike","floor":1},{"not_picked":["Entrench","Heavy Blade"],"picked":"Armaments","floor":7}],"player_experience":276783,"relics_obtained":[{"floor":9,"key":"Boot"}],"event_choices":[{"damage_healed":0,"gold_gain":0,"player_choice":"Gave Potion","damage_taken":0,"relics_obtained":["Pantograph"],"max_hp_gain":0,"max_hp_loss":0,"event_name":"WeMeetAgain","floor":2,"gold_loss":0},{"damage_healed":0,"gold_gain":75,"player_choice":"Gather Gold","damage_taken":11,"max_hp_gain":0,"max_hp_loss":0,"event_name":"World of Goop","floor":4,"gold_loss":0},{"cards_removed":["Strike_R"],"damage_healed":0,"gold_gain":0,"player_choice":"Card Removal","damage_taken":0,"max_hp_gain":0,"max_hp_loss":0,"event_name":"The Cleric","floor":5,"gold_loss":50}],"is_beta":false,"boss_relics":[],"items_purged_floors":[],"is_endless":false,"potions_floor_spawned":[1,7],"killed_by":"Gremlin Nob","ascension_level":8}}