{"host":"p0hktren06injwdf","time":1612383911,"event":{"mods":["AchievementEnabler","BaseMod","Colored Map","DeckTracker","Minty Spire (QoL Compilation)","Permanent Neow","StSLib","SuperFastMode"],"gold_per_floor":[218,87,103,116,130,130,159,159,186,186,186],"floor_reached":10,"language":"KOR","playtime":156,"items_purged":["Defend_P"],"score":136,"play_id":"b10b354d-be7f-4076-975d-27c2f48ac0a9","local_time":"20210204052511","is_ascension_mode":true,"campfire_choices":[{"data":"Eruption","floor":6,"key":"SMITH"},{"data":"FlurryOfBlows","floor":8,"key":"SMITH"}],"circlet_count":0,"master_deck":["AscendersBane","Strike_P","Strike_P","Strike_P","Strike_P","Defend_P","Defend_P","Defend_P","Eruption+1","Vigilance","FlurryOfBlows+1","Consecrate"],"relics":["PureWater","Bag of Marbles","Juzu Bracelet"],"acts_visited":["Exordium"],"potions_floor_usage":[10],"damage_taken":[{"damage":0,"enemies":"2 Louse","floor":1,"turns":3},{"damage":4,"enemies":"Small Slimes","floor":3,"turns":2},{"damage":2,"enemies":"Jaw Worm","floor":4,"turns":2},{"damage":7,"enemies":"Looter","floor":5,"turns":4},{"damage":27,"enemies":"Lagavulin","floor":7,"turns":5},{"damage":31,"enemies":"3 Sentries","floor":10,"turns":8}],"seed_played":"-8894445346142738227","potions_obtained":[{"floor":3,"key":"Dexterity Potion"},{"floor":4,"key":"FairyPotion"}],"is_trial":false,"path_per_floor":["M","$","M","M","M","R","E","R","T","E"],"character_chosen":"WATCHER","items_purchased":["Consecrate"],"campfire_rested":0,"item_purchase_floors":[2],"current_hp_per_floor":[61,61,57,55,48,48,21,21,21,10,10],"gold":186,"neow_bonus":"HUNDRED_GOLD","is_daily":false,"chose_seed":false,"campfire_upgraded":2,"win_rate":0.0,"timestamp":1612383911,"path_taken":["M","$","M","M","M","R","E","R","T","E"],"items_purchased_type":["Card"],"build_version":"2020-12-22","purchased_purges":1,"victory":false,"max_hp_per_floor":[68,68,68,68,68,68,68,68,68,68,68],"card_choices":[{"not_picked":["Evaluate","Worship"],"picked":"FlurryOfBlows","floor":1},{"not_picked":["Collect","FlyingSleeves","WindmillStrike"],"picked":"SKIP","floor":3},{"not_picked":["Perseverance","BattleHymn","LikeWater"],"picked":"SKIP","floor":4},{"not_picked":["Protect","JustLucky","FlyingSleeves"],"picked":"SKIP","floor":5},{"not_picked":["Worship","SashWhip","CrushJoints"],"picked":"SKIP","floor":7}],"player_experience":994938,"relics_obtained":[{"floor":7,"key":"Bag of Marbles"},{"floor":9,"key":"Juzu Bracelet"}],"event_choices":[],"is_beta":false,"boss_relics":[],"items_purged_floors":[2],"is_endless":false,"potions_floor_spawned":[3,4],"killed_by":"3 Sentries","ascension_level":20}}