{"host":"lne8wiuoeo5kx55p","time":1612365252,"event":{"mods":["BaseMod","Colored Map","Colored Powertips","Googly Eyes","Minty Spire (QoL Compilation)","Replay The Spire","StSLib"],"gold_per_floor":[115,134,9388,9399,9359,9359,9374,9374,9401,9401,9411,9488,9521,9521,9521,9620,9620,9535,9535,8615,8629,7826,7861,7861,7861,7861,7881,7881,7881,7916,7926,7926,8029,8029,8043,8043,8061,7401,7401,7427,6694,6710,6757,6860,6860,6910,6910,6923,6923,6923],"floor_reached":51,"language":"ZHS","playtime":3751,"items_purged":["Strike_R","Overencumbered","Doubt","Defend_R","Defend_R"],"score":661,"play_id":"92239c2c-3b1e-478e-bf60-fe20f85b01ba","local_time":"20210203231412","is_ascension_mode":false,"campfire_choices":[{"data":"Inflame","floor":6,"key":"SMITH"},{"floor":10,"key":"REST"},{"data":"Limit Break","floor":15,"key":"SMITH"},{"data":"Inflame","floor":15,"key":"SMITH"},{"data":"Demon Form","floor":24,"key":"SMITH"},{"data":"Midas Touch","floor":24,"key":"SMITH"},{"data":"Thinking Ahead","floor":28,"key":"SMITH"},{"data":"Flex","floor":28,"key":"SMITH"},{"floor":32,"key":"REST"},{"data":"Offering","floor":45,"key":"SMITH"},{"data":"ReplayTheSpireMod:LeadingStrike","floor":45,"key":"SMITH"},{"data":"Uppercut","floor":47,"key":"SMITH"},{"data":"Pommel Strike","floor":47,"key":"SMITH"},{"floor":49,"key":"REST"}],"circlet_count":0,"master_deck":["Strike_R","Strike_R","Bash","ReplayTheSpireMod:Corrosion Curse+1","Thunderclap+1","ReplayTheSpireMod:Corrosion Curse","Dual Wield+1","Inflame+1","Inflame+1","Uppercut+1","Shrug It Off","Limit Break+1","Berserk+1","Shrug It Off+1","Blood for Blood+1","Midas Touch+1","ReplayTheSpireMod:Muscle Training+1","Flex+1","Thinking Ahead+1","Demon Form+1","Second Wind","Rampage","Defy Death","Sword Boomerang","Thunderclap+1","ReplayTheSpireMod:LeadingStrike+1","Offering+1","Pommel Strike+1","Shrug It Off","Finesse+1","Master of Strategy+1","Dual Wield+1","ReplayTheSpireMod:Uncanny Aura+1","Seeing Red+1","Massacre+1","Shrug It Off+1","Intimidate+1","Cleave","Clash+1","Infernal Blade+1"],"relics":["Burning Blood","CaptainsWheel","ReplayTheSpireMod:Lightbulb","Toy Ornithopter","DollysMirror","Lantern","ReplayTheSpireMod:Ninjato","ReplayTheSpireMod:TigerMarble","Replay:Arrowhead","Replay:Ancient Bell","Juzu Bracelet","Quantum Egg","Replay:PocketPolymizer","Vajra","Meat on the Bone","Guide Book","PreservedInsect","ReplayTheSpireMod:Spearhead","Lee\u0027s Waffle","Chameleon Ring","Replay:Towering Pillar of Hats","Replay:Kaleidoscope","Electric Blood","Strange Spoon","Strawberry","Toxic Egg 2","Replay:Baseball","War Paint","TheAbacus","Pen Nib","Torii"],"acts_visited":["Exordium","TheCity","TheBeyond"],"potions_floor_usage":[11,16,16,21,21,30,33,33,33,42,46,46,50,50,50,50,50],"damage_taken":[{"damage":13.0,"enemies":"Jaw Worm","floor":1.0,"turns":3.0},{"damage":11.0,"enemies":"Small Slimes","floor":2.0,"turns":3.0},{"damage":6,"enemies":"Cultist","floor":4,"turns":4},{"damage":14,"enemies":"Exordium Wildlife","floor":7,"turns":4},{"damage":20,"enemies":"Exordium Thugs","floor":11,"turns":4},{"damage":14,"enemies":"Gremlin Nob","floor":13,"turns":4},{"damage":16,"enemies":"Slime Boss","floor":16,"turns":5},{"damage":12,"enemies":"Chosen","floor":18,"turns":5},{"damage":18,"enemies":"3 Byrds","floor":21,"turns":4},{"damage":26,"enemies":"Replay:Snechameleon","floor":23,"turns":5},{"damage":16,"enemies":"Snecko","floor":27,"turns":4},{"damage":41,"enemies":"Slavers","floor":30,"turns":4},{"damage":28,"enemies":"3 Cultists","floor":31,"turns":5},{"damage":44,"enemies":"Collector","floor":33,"turns":5},{"damage":11,"enemies":"Orb Walker","floor":35,"turns":2},{"damage":16,"enemies":"3 Darklings","floor":37,"turns":2},{"damage":31,"enemies":"Reptomancer","floor":40,"turns":2},{"damage":4,"enemies":"Jaw Worm Horde","floor":42,"turns":1},{"damage":17,"enemies":"Mind Bloom Boss Battle","floor":46,"turns":3},{"damage":7,"enemies":"Writhing Mass","floor":48,"turns":3},{"damage":28,"enemies":"Replay:Hell Engine","floor":50,"turns":2}],"seed_played":"-7201509522969536920","potions_obtained":[{"floor":7,"key":"Block Potion"},{"floor":11,"key":"Explosive Potion"},{"floor":13,"key":"FearPotion"},{"floor":16,"key":"FearPotion"},{"floor":18,"key":"AttackPotion"},{"floor":21,"key":"Fruit Juice"},{"floor":30,"key":"CultistPotion"},{"floor":31,"key":"Block Potion"},{"floor":40,"key":"EntropicBrew"},{"floor":48,"key":"Fire Potion"}],"is_trial":false,"path_per_floor":["M","M","$","M","?","R","M","?","T","R","M","T","E","?","R","B",null,"M","?","$","M","$","E","R","?","T","M","R","?","E","M","R","B",null,"M","?","M","$","?","E","$","M","T","?","R","?","R","M","R","B",null],"character_chosen":"IRONCLAD","items_purchased":["ReplayTheSpireMod:Lightbulb","Toy Ornithopter","DollysMirror","Dual Wield","Inflame","Blood for Blood+1","Vajra","Meat on the Bone","Guide Book","ColorlessPotion","Midas Touch","PreservedInsect","ReplayTheSpireMod:Spearhead","Lee\u0027s Waffle","Flex","Thinking Ahead","Strange Spoon","Strawberry","EntropicBrew","PowerPotion","AttackPotion","ReplayTheSpireMod:Uncanny Aura+1","Replay:Baseball","War Paint","TheAbacus"],"campfire_rested":3,"item_purchase_floors":[3,3,3,3,3,20,20,20,20,20,20,22,22,22,22,22,38,38,38,38,38,41,41,41,41],"current_hp_per_floor":[49,44,44,44,44,44,36,20,20,44,35,35,27,24,24,24,80,74,74,74,72,87,67,67,67,67,71,71,71,60,50,78,55,94,89,89,79,86,81,68,68,75,75,50,50,61,61,60,90,93],"gold":6923,"neow_bonus":"ONE_RARE_RELIC","is_daily":false,"chose_seed":false,"campfire_upgraded":11,"win_rate":0.0,"timestamp":1612365252,"path_taken":["M","M","$","M","?","R","M","?","T","R","M","?","E","?","R","BOSS","M","?","$","M","$","E","R","?","T","M","R","?","E","M","R","BOSS","M","?","M","$","?","E","$","M","T","?","R","?","R","M","R","BOSS"],"items_purchased_type":["Relic","Relic","Relic","Card","Card","Card","Relic","Relic","Relic","Potion","Card","Relic","Relic","Relic","Card","Card","Relic","Relic","Potion","Potion","Potion","Card","Relic","Relic","Relic"],"build_version":"2020-12-22","purchased_purges":5,"victory":true,"max_hp_per_floor":[80,80,80,80,80,80,80,80,80,80,80,80,80,80,80,80,80,80,80,80,80,87,87,87,87,87,87,87,87,94,94,94,94,94,94,94,94,101,101,101,101,101,101,101,101,101,101,101,101,101],"card_choices":[{"not_picked":["Pommel Strike","Sword Boomerang"],"picked":"ReplayTheSpireMod:Corrosion Curse","floor":1.0},{"not_picked":["Flame Barrier","ReplayTheSpireMod:Strike From Hell"],"picked":"Thunderclap","floor":2.0},{"not_picked":["Ghostly Armor","Run Through"],"picked":"Inflame","floor":4},{"not_picked":["Dual Wield","Shrug It Off"],"picked":"Uppercut","floor":7},{"not_picked":["Thunderclap","Twin Strike"],"picked":"Shrug It Off","floor":11},{"not_picked":["ReplayTheSpireMod:Muscle Training","Reckless Charge"],"picked":"Limit Break","floor":13},{"not_picked":["Fiend Fire","Juggernaut"],"picked":"Berserk","floor":16},{"not_picked":["Writhe","Regret"],"picked":"ReplayTheSpireMod:IOU","floor":17},{"not_picked":["CurseOfTheBell","ReplayTheSpireMod:Doomed"],"picked":"Overencumbered","floor":17},{"not_picked":["Amnesia","AbeCurse"],"picked":"Doubt","floor":17},{"not_picked":["Reaper","Cleave"],"picked":"Shrug It Off+1","floor":18},{"not_picked":["Dropkick+1","Heavy Blade"],"picked":"ReplayTheSpireMod:Muscle Training+1","floor":21},{"not_picked":["Flex","True Grit"],"picked":"Demon Form","floor":23},{"not_picked":["Clash","Headbutt"],"picked":"Rampage","floor":27},{"not_picked":["Clash","Shrug It Off"],"picked":"Sword Boomerang","floor":30},{"not_picked":["Burning Pact+1","Pommel Strike"],"picked":"Thunderclap+1","floor":31},{"not_picked":["Barricade","Demonic Infusion"],"picked":"Offering","floor":33},{"not_picked":["Clothesline","Body Slam+1"],"picked":"Pommel Strike","floor":35},{"not_picked":["Anger","Run Through"],"picked":"Shrug It Off","floor":37},{"not_picked":["Impatience","PanicButton"],"picked":"Finesse","floor":39},{"not_picked":["Replay:Bootleg Shield Generator","Trip"],"picked":"Master of Strategy","floor":39},{"not_picked":["Entrench+1","Bloodletting+1"],"picked":"Dual Wield+1","floor":40},{"not_picked":["Pommel Strike","Run Through+1"],"picked":"Seeing Red+1","floor":42},{"not_picked":["Second Wind+1","ReplayTheSpireMod:Corrosion Curse+1"],"picked":"Massacre+1","floor":44},{"not_picked":["Clash","Reckless Charge+1"],"picked":"Shrug It Off+1","floor":44},{"not_picked":["Run Through+1","Anger"],"picked":"Intimidate+1","floor":44},{"not_picked":["Flame Barrier+1","True Grit+1"],"picked":"Clash+1","floor":46},{"not_picked":["ReplayTheSpireMod:Corrosion Curse+1","Armaments+1"],"picked":"Infernal Blade+1","floor":48}],"player_experience":25268,"relics_obtained":[{"floor":9,"key":"Lantern"},{"floor":12,"key":"ReplayTheSpireMod:Ninjato"},{"floor":13,"key":"ReplayTheSpireMod:TigerMarble"},{"floor":23,"key":"Chameleon Ring"},{"floor":26,"key":"Replay:Towering Pillar of Hats"},{"floor":30,"key":"Replay:Kaleidoscope"},{"floor":40,"key":"Toxic Egg 2"},{"floor":43,"key":"Pen Nib"},{"floor":46,"key":"Torii"}],"event_choices":[{"damage_healed":0,"gold_gain":0,"player_choice":"Left Gold","damage_taken":0,"max_hp_gain":0,"max_hp_loss":0,"event_name":"World of Goop","floor":5,"gold_loss":40},{"damage_healed":0,"gold_gain":0,"player_choice":"Entered Light","damage_taken":16,"max_hp_gain":0,"max_hp_loss":0,"event_name":"Shining Light","floor":8,"gold_loss":0,"cards_upgraded":["Defend_R","Thunderclap"]},{"damage_healed":0,"gold_gain":0,"player_choice":"Success","damage_taken":3,"relics_obtained":["Replay:Arrowhead"],"max_hp_gain":0,"max_hp_loss":0,"event_name":"Scrap Ooze","floor":14,"gold_loss":0},{"damage_healed":0,"gold_gain":0,"player_choice":"Ignored","damage_taken":0,"max_hp_gain":0,"max_hp_loss":0,"event_name":"Ghosts","floor":19,"gold_loss":0},{"damage_healed":0,"gold_gain":0,"player_choice":"Forge","damage_taken":0,"max_hp_gain":0,"max_hp_loss":0,"event_name":"Accursed Blacksmith","floor":29,"gold_loss":0,"cards_upgraded":["Dual Wield"]},{"damage_healed":0,"gold_gain":0,"player_choice":"Ignored","damage_taken":0,"max_hp_gain":0,"max_hp_loss":0,"event_name":"Tomb of Lord Red Mask","floor":36,"gold_loss":0},{"damage_healed":0,"gold_gain":0,"player_choice":"Memory 2","damage_taken":5,"max_hp_gain":0,"max_hp_loss":0,"event_name":"SensoryStone","floor":39,"gold_loss":0},{"damage_healed":0,"gold_gain":0,"player_choice":"Fight","damage_taken":0,"max_hp_gain":0,"max_hp_loss":0,"event_name":"MindBloom","floor":46,"gold_loss":0}],"is_beta":false,"boss_relics":[{"not_picked":["Replay:Drink Me","Mark of Pain"],"picked":"Replay:Ancient Bell"},{"not_picked":["Centennial Puzzle","Ancient Tea Set"],"picked":"Juzu Bracelet"},{"not_picked":["Replay:Bottled Snecko","Kunai"],"picked":"Quantum Egg"},{"not_picked":["Gambling Chip","Champion Belt"],"picked":"Replay:PocketPolymizer"},{"not_picked":["Coffee Dripper","Runic Cube"],"picked":"Electric Blood"}],"items_purged_floors":[3,20,22,38,41],"is_endless":false,"potions_floor_spawned":[7,11,13,16,18,21,30,31,40,48],"ascension_level":0}}