{"host":"qxfsqqkvz99y95yf","time":1612395948,"event":{"mods":["BaseMod","Infinite Spire","Minty Spire (QoL Compilation)","Replay The Spire","StSLib"],"gold_per_floor":[115,290,290,290,270,270,299,77,77,109,119,119,119,119],"floor_reached":13,"language":"ENG","playtime":423,"items_purged":["Regret"],"score":93,"play_id":"501b86db-33e2-40ea-acc7-4dd329328584","local_time":"20210203184548","is_ascension_mode":true,"campfire_choices":[{"data":"Zap","floor":6,"key":"SMITH"}],"circlet_count":0,"master_deck":["Strike_B","Strike_B","Strike_B","Strike_B","Defend_B","Defend_B","Defend_B","Defend_B","Zap+1","Dualcast","Beam Cell","Doubt","Electrodynamics","Hologram","Go for the Eyes"],"relics":["Cracked Core","Juzu Bracelet","Replay:Bottled Snecko","Strawberry","Runic Capacitor","Darkstone Periapt","Ancient Tea Set","NlothsMask"],"acts_visited":["Exordium"],"potions_floor_usage":[7,7],"damage_taken":[{"damage":0,"enemies":"Small Slimes","floor":1,"turns":2},{"damage":27,"enemies":"Lagavulin","floor":7,"turns":7},{"damage":32,"enemies":"Gremlin Nob","floor":10,"turns":5},{"damage":0,"enemies":"2 Louse","floor":11,"turns":3},{"damage":18,"enemies":"Lagavulin","floor":13,"turns":4}],"seed_played":"-1487999340752893293","potions_obtained":[{"floor":1,"key":"FearPotion"},{"floor":5,"key":"Block Potion"},{"floor":11,"key":"CultistPotion"}],"is_trial":false,"path_per_floor":["M","?","?","?","?","R","E","$","T","E","M","?","E"],"character_chosen":"DEFECT","items_purchased":["Runic Capacitor"],"campfire_rested":0,"item_purchase_floors":[8],"current_hp_per_floor":[82,82,70,70,70,70,50,50,50,18,18,18,0,0],"gold":119,"neow_bonus":"TEN_PERCENT_HP_BONUS","is_daily":false,"chose_seed":false,"campfire_upgraded":1,"win_rate":0.0,"timestamp":1612395948,"path_taken":["M","?","?","?","?","R","E","$","T","E","M","?","E"],"items_purchased_type":["Relic"],"build_version":"2020-12-22","purchased_purges":1,"victory":false,"max_hp_per_floor":[82,82,82,82,82,82,89,89,89,89,89,89,89,89],"card_choices":[{"not_picked":["Self Repair","Ball Lightning"],"picked":"Beam Cell","floor":1},{"not_picked":["Beam Cell","Ball Lightning"],"picked":"Electrodynamics","floor":7},{"not_picked":["BasicCrystalCard","Double Energy"],"picked":"Hologram","floor":10},{"not_picked":["Force Field","Barrage"],"picked":"Go for the Eyes","floor":11}],"player_experience":218827,"relics_obtained":[{"floor":7,"key":"Strawberry"},{"floor":9,"key":"Darkstone Periapt"},{"floor":10,"key":"Ancient Tea Set"}],"event_choices":[{"damage_healed":0,"gold_gain":175,"player_choice":"AGREE","damage_taken":0,"max_hp_gain":0,"max_hp_loss":0,"event_name":"Liars Game","floor":2,"gold_loss":0,"cards_obtained":["Doubt"]},{"damage_healed":0,"gold_gain":0,"player_choice":"Success","damage_taken":12,"relics_obtained":["Juzu Bracelet"],"max_hp_gain":0,"max_hp_loss":0,"event_name":"Scrap Ooze","floor":3,"gold_loss":0},{"damage_healed":0,"gold_gain":0,"player_choice":"Box","damage_taken":0,"relics_obtained":["Replay:Bottled Snecko"],"max_hp_gain":0,"max_hp_loss":0,"event_name":"Big Fish","floor":4,"gold_loss":0,"cards_obtained":["Regret"]},{"damage_healed":0,"gold_gain":0,"player_choice":"Bought 1 Potion","damage_taken":0,"max_hp_gain":0,"max_hp_loss":0,"event_name":"The Woman in Blue","floor":5,"gold_loss":0},{"damage_healed":0,"gold_gain":0,"player_choice":"Trade","damage_taken":0,"relics_obtained":["NlothsMask"],"max_hp_gain":0,"max_hp_loss":0,"event_name":"FaceTrader","floor":12,"gold_loss":0}],"is_beta":false,"boss_relics":[],"items_purged_floors":[8],"is_endless":false,"potions_floor_spawned":[1,11],"killed_by":"Lagavulin","ascension_level":1}}