{"host":"pec1bvkeldr5yzx1","time":1612361766,"event":{"mods":["ATMod(°¢èªMod)","AchievementEnabler","Act Like it!","Aspiration","BaseMod","Better Altar","Better Match","Better Sensory Stone","Better Skull","Better Vampires","BetterRewards","Conspire","Dota2Spire","Energized Spire","Friendly Minions","GifTheSpireLib","Hubris","Minty Spire (QoL Compilation)","Replay The Spire","Spicy Shops","StSLib","Stuff the Spire","SuperFastMode","óô»ðÖ¸ÄÏ"],"gold_per_floor":[117,117,132,149,149,149,149],"floor_reached":6,"language":"ZHS","playtime":163,"items_purged":[],"score":41,"play_id":"3aa25c3b-3e60-4892-b29a-15a8036702d1","local_time":"20210203221606","is_ascension_mode":true,"campfire_choices":[],"circlet_count":0,"master_deck":["Strike_G","Strike_G","Strike_G","Strike_G","Strike_G","Defend_G","Defend_G","Defend_G","Defend_G","Defend_G","Survivor","Neutralize","AT_KingSlayer","Choke","Footwork","Dagger Throw","Outmaneuver","Fluid Movement"],"relics":["Ring of the Snake","AT_ATBox","Dota2Spire:OctarineCore","Dota2Spire:AghanimScepter","Replay:Towering Pillar of Hats","Dota2Spire:DrumOfEndurance","Dota2Spire:HandOfMidas"],"acts_visited":["Exordium"],"potions_floor_usage":[],"damage_taken":[{"damage":0,"enemies":"2 Louse","floor":1,"turns":3},{"damage":0,"enemies":"Cultist","floor":3,"turns":4},{"damage":3,"enemies":"Small Slimes","floor":4,"turns":3},{"damage":5,"enemies":"Lagavulin","floor":6,"turns":3}],"seed_played":"-5356753980803341099","potions_obtained":[{"floor":1,"key":"conspire:TimeTravelPotion"}],"is_trial":false,"path_per_floor":["M","?","M","M","?","E"],"character_chosen":"THE_SILENT","items_purchased":["Dota2Spire:OctarineCore","Dota2Spire:AghanimScepter","Choke","Footwork"],"campfire_rested":0,"item_purchase_floors":[0,0,0,0],"current_hp_per_floor":[38,41,41,38,3,0,0],"gold":149,"neow_bonus":"","is_daily":false,"chose_seed":false,"campfire_upgraded":0,"win_rate":0.0,"timestamp":1612361766,"path_taken":["M","?","M","M","?","E"],"items_purchased_type":["Relic","Relic","Card","Card"],"build_version":"2020-12-22","purchased_purges":0,"victory":false,"max_hp_per_floor":[70,73,73,73,73,73,73],"card_choices":[{"not_picked":["Backflip","StuffTheSpire:Python"],"picked":"Dagger Throw","floor":1},{"not_picked":["AT_WomanClash","AT_ThistleTea"],"picked":"Outmaneuver","floor":3},{"not_picked":["Calculated Gamble","ReplayTheSpireMod:From All Sides"],"picked":"Fluid Movement","floor":4}],"player_experience":132534,"relics_obtained":[],"event_choices":[{"damage_healed":0,"gold_gain":0,"player_choice":"RE RE ","damage_taken":39,"relics_obtained":["Dota2Spire:DrumOfEndurance","Dota2Spire:HandOfMidas"],"max_hp_gain":0,"max_hp_loss":0,"event_name":"betterSkull:BetterSkull","floor":5,"gold_loss":0,"cards_upgraded":[]}],"is_beta":false,"boss_relics":[],"items_purged_floors":[],"is_endless":false,"potions_floor_spawned":[1],"killed_by":"Lagavulin","ascension_level":3}}