{"host":"mi0eibewekhugwl1","time":1612358523,"event":{"mods":["AchievementEnabler","BaseMod","Colored Map","Colored Powertips","DeckTracker","Keyboard Shortcuts","Minty Spire (QoL Compilation)","Quick Restart","Rare Cards Sparkle","Relic Stats","StSLib","SuperFastMode","everything is the same but u backflip on backflip"],"gold_per_floor":[118,133,151,168,243,243,243,243,267,297,297,2,15,29,29,105,105,119,131,9,9,9,9,9],"floor_reached":23,"language":"KOR","playtime":837,"items_purged":["Strike_G"],"score":432,"play_id":"ee7d380f-6871-48ad-9d23-e7b7c66c1351","local_time":"20210203222203","is_ascension_mode":true,"campfire_choices":[{"data":"Masterful Stab","floor":6,"key":"SMITH"},{"data":"Sucker Punch","floor":8,"key":"SMITH"},{"data":"Crippling Poison","floor":11,"key":"SMITH"},{"data":"Dash","floor":15,"key":"SMITH"}],"circlet_count":0,"master_deck":["AscendersBane","Strike_G+1","Strike_G+1","Strike_G+1","Strike_G+1","Defend_G+1","Defend_G+1","Defend_G+1","Defend_G+1","Defend_G+1","Survivor","Neutralize","Masterful Stab+1","Sucker Punch+1","Quick Slash","Crippling Poison+1","Well Laid Plans","Escape Plan","Footwork","Dash+1","Phantasmal Killer+1","Blur","Noxious Fumes"],"relics":["Ring of the Snake","Vajra","Pen Nib","Regal Pillow","Sozu"],"acts_visited":["Exordium","TheCity"],"potions_floor_usage":[10,16,16,23],"damage_taken":[{"damage":0,"enemies":"Jaw Worm","floor":1,"turns":4},{"damage":8,"enemies":"Small Slimes","floor":2,"turns":4},{"damage":0,"enemies":"Cultist","floor":3,"turns":4},{"damage":5,"enemies":"Gremlin Gang","floor":4,"turns":5},{"damage":0,"enemies":"Gremlin Nob","floor":10,"turns":3},{"damage":0,"enemies":"Exordium Thugs","floor":13,"turns":3},{"damage":0,"enemies":"Red Slaver","floor":14,"turns":3},{"damage":36,"enemies":"Slime Boss","floor":16,"turns":11},{"damage":14,"enemies":"Shell Parasite","floor":18,"turns":3},{"damage":11,"enemies":"2 Thieves","floor":19,"turns":3},{"damage":33,"enemies":"Book of Stabbing","floor":23,"turns":5}],"seed_played":"635479572873403955","potions_obtained":[{"floor":4,"key":"SteroidPotion"},{"floor":10,"key":"LiquidMemories"},{"floor":16,"key":"SkillPotion"}],"is_trial":false,"path_per_floor":["M","M","M","M","?","R","?","R","T","E","R","$","M","M","R","B",null,"M","M","$","?","?","E"],"character_chosen":"THE_SILENT","items_purchased":["Well Laid Plans","Escape Plan","SteroidPotion","Blur","Noxious Fumes"],"campfire_rested":0,"item_purchase_floors":[12,12,12,20,20],"current_hp_per_floor":[59,51,51,46,35,35,57,57,57,57,57,57,57,57,57,21,55,41,30,30,30,30,0,0],"gold":9,"neow_bonus":"RANDOM_COMMON_RELIC","is_daily":false,"chose_seed":false,"campfire_upgraded":4,"win_rate":0.0,"timestamp":1612358523,"path_taken":["M","M","M","M","?","R","?","R","T","E","R","$","M","M","R","BOSS","M","M","$","?","?","E"],"items_purchased_type":["Card","Card","Potion","Card","Card"],"build_version":"2020-12-22","purchased_purges":1,"victory":false,"max_hp_per_floor":[66,66,66,66,66,66,66,66,66,66,66,66,66,66,66,66,66,66,66,66,66,66,66,66],"relic_stats":{"Sozu":1,"Regal Pillow":0,"counters":[11,48],"Pen Nib":[5],"obtain_stats":[{"Sozu":17,"Regal Pillow":10,"Vajra":0,"Pen Nib":9,"Ring of the Snake":0},{"Sozu":8,"Regal Pillow":5,"Vajra":0,"Pen Nib":4,"Ring of the Snake":0},{"Sozu":37,"Regal Pillow":20,"Vajra":0,"Pen Nib":17,"Ring of the Snake":0}],"Ring of the Snake":[22]},"card_choices":[{"not_picked":["Deadly Poison","PiercingWail","Distraction"],"picked":"SKIP","floor":1},{"not_picked":["Flying Knee","Slice"],"picked":"Masterful Stab","floor":2},{"not_picked":["Tactician","Bane"],"picked":"Sucker Punch","floor":3},{"not_picked":["Dodge and Roll","Slice"],"picked":"Quick Slash","floor":4},{"not_picked":["Footwork","Slice"],"picked":"Crippling Poison","floor":10},{"not_picked":["Caltrops","Sucker Punch"],"picked":"Footwork","floor":13},{"not_picked":["Eviscerate","Well Laid Plans"],"picked":"Dash","floor":14},{"not_picked":["Storm of Steel","Grand Finale"],"picked":"Phantasmal Killer","floor":16},{"not_picked":["Prepared","Quick Slash","Accuracy+1"],"picked":"SKIP","floor":18},{"not_picked":["Sucker Punch+1","Expertise","Dodge and Roll"],"picked":"SKIP","floor":19}],"player_experience":1774204,"relics_obtained":[{"floor":9,"key":"Pen Nib"},{"floor":10,"key":"Regal Pillow"}],"event_choices":[{"damage_healed":0,"gold_gain":75,"player_choice":"Gather Gold","damage_taken":11,"max_hp_gain":0,"max_hp_loss":0,"event_name":"World of Goop","floor":5,"gold_loss":0},{"damage_healed":22,"gold_gain":0,"player_choice":"Banana","damage_taken":0,"max_hp_gain":0,"max_hp_loss":0,"event_name":"Big Fish","floor":7,"gold_loss":0},{"damage_healed":0,"gold_gain":0,"player_choice":"Simplicity","damage_taken":0,"max_hp_gain":0,"max_hp_loss":0,"event_name":"Back to Basics","floor":21,"gold_loss":0,"cards_upgraded":["Strike_G","Strike_G","Strike_G","Strike_G","Defend_G","Defend_G","Defend_G","Defend_G","Defend_G"]},{"damage_healed":0,"gold_gain":0,"player_choice":"Upgraded","damage_taken":0,"max_hp_gain":0,"max_hp_loss":0,"event_name":"Upgrade Shrine","floor":22,"gold_loss":0,"cards_upgraded":["Phantasmal Killer"]}],"is_beta":false,"boss_relics":[{"not_picked":["Astrolabe","Coffee Dripper"],"picked":"Sozu"}],"items_purged_floors":[12],"is_endless":false,"potions_floor_spawned":[4,10,16,19],"killed_by":"Book of Stabbing","ascension_level":20}}