{"host":"9rexl4trwadr43zo","time":1612341433,"event":{"mods":["BaseMod","Colored Map","Minty Spire (QoL Compilation)"],"gold_per_floor":[110,110,127,140,140,140,150,150,175,28,28,86,86,106,106,208,208,224,224,247,247,258,258,274,292,292,292,292,292,36,136,136,240,240,253,253,303,323,342,342,94,94,170,0,32,32,32,43,43,43],"floor_reached":51,"language":"ENG","playtime":2038,"items_purged":["Strike_R","Strike_R"],"score":968,"play_id":"e50be731-795f-4dc6-81a4-3f2cfb3155c5","local_time":"20210203083713","is_ascension_mode":true,"campfire_choices":[{"data":"Whirlwind","floor":6.0,"key":"SMITH"},{"data":"Defend_R","floor":8.0,"key":"SMITH"},{"data":"Defend_R","floor":13.0,"key":"SMITH"},{"floor":15.0,"key":"REST"},{"floor":23,"key":"REST"},{"data":"Demon Form","floor":27,"key":"SMITH"},{"floor":32,"key":"REST"},{"floor":40,"key":"REST"},{"data":"Limit Break","floor":42,"key":"SMITH"},{"floor":46,"key":"REST"},{"floor":47,"key":"REST"},{"floor":49,"key":"REST"}],"circlet_count":0,"master_deck":["Strike_R","Strike_R","Defend_R","Defend_R","Defend_R+1","Defend_R+1","Bash","Pommel Strike","Whirlwind+1","Inflame+1","Demon Form+1","Evolve+1","Limit Break+1","Battle Trance+1"],"relics":["Burning Blood","NeowsBlessing","Juzu Bracelet","Boot","SlaversCollar","MutagenicStrength","Happy Flower","Anchor","HandDrill","WingedGreaves","Mummified Hand","Philosopher\u0027s Stone","Unceasing Top","Shuriken","HornCleat","Red Mask","Sundial"],"acts_visited":["Exordium","TheCity","TheBeyond"],"potions_floor_usage":[16,18,22,24,33,35,37,38],"damage_taken":[{"damage":0.0,"enemies":"Cultist","floor":1.0,"turns":1.0},{"damage":0.0,"enemies":"Small Slimes","floor":3.0,"turns":1.0},{"damage":0.0,"enemies":"Jaw Worm","floor":4.0,"turns":1.0},{"damage":13.0,"enemies":"Exordium Wildlife","floor":7.0,"turns":4.0},{"damage":20.0,"enemies":"Gremlin Nob","floor":12.0,"turns":4.0},{"damage":3.0,"enemies":"Looter","floor":14.0,"turns":3.0},{"damage":0,"enemies":"Slime Boss","floor":16,"turns":7},{"damage":25,"enemies":"Chosen","floor":18,"turns":5},{"damage":20,"enemies":"3 Byrds","floor":22,"turns":3},{"damage":23,"enemies":"Snecko","floor":24,"turns":4},{"damage":10,"enemies":"Centurion and Healer","floor":25,"turns":5},{"damage":38,"enemies":"Colosseum Slavers","floor":31,"turns":5},{"damage":0,"enemies":"Colosseum Nobs","floor":31,"turns":2},{"damage":70,"enemies":"Collector","floor":33,"turns":8},{"damage":23,"enemies":"3 Shapes","floor":35,"turns":4},{"damage":38,"enemies":"Mind Bloom Boss Battle","floor":37,"turns":5},{"damage":0,"enemies":"3 Darklings","floor":38,"turns":2},{"damage":27,"enemies":"Writhing Mass","floor":39,"turns":4},{"damage":35,"enemies":"Nemesis","floor":45,"turns":5},{"damage":33,"enemies":"Maw","floor":48,"turns":6},{"damage":5,"enemies":"Time Eater","floor":50,"turns":5}],"seed_played":"-6734656104496505112","potions_obtained":[{"floor":1.0,"key":"Block Potion"},{"floor":3.0,"key":"Swift Potion"},{"floor":12.0,"key":"DuplicationPotion"},{"floor":16,"key":"SneckoOil"},{"floor":18,"key":"Explosive Potion"},{"floor":22,"key":"Weak Potion"},{"floor":25,"key":"SkillPotion"},{"floor":35,"key":"BloodPotion"},{"floor":37,"key":"Fire Potion"},{"floor":48,"key":"ElixirPotion"}],"is_trial":false,"path_per_floor":["M","?","M","M","?","R","M","R","T","$","?","?","R","M","R","B",null,"M","?","T","?","M","R","M","M","T","R","?","?","$","?","R","B",null,"M","?","?","M","M","R","$","R","T","?","E","R","R","M","R","B",null],"character_chosen":"IRONCLAD","items_purchased":["Inflame","HandDrill","Shuriken"],"campfire_rested":7,"item_purchase_floors":[10,30,41],"current_hp_per_floor":[80,80,80,80,85,85,78,78,78,78,78,64,64,67,85,85,85,66,66,66,58,44,69,52,48,48,48,48,76,76,50,75,11,85,68,68,53,59,38,63,63,63,63,63,34,59,84,57,82,83],"gold":43,"neow_bonus":"THREE_ENEMY_KILL","is_daily":false,"chose_seed":false,"campfire_upgraded":5,"win_rate":0.0,"timestamp":1612341433,"path_taken":["M","?","?","?","?","R","M","R","T","?","?","?","R","M","R","BOSS","M","?","?","?","M","R","M","M","T","R","?","?","$","?","R","BOSS","M","?","?","M","M","R","$","R","T","?","E","R","R","M","R","BOSS"],"items_purchased_type":["Card","Relic","Relic"],"build_version":"2020-12-22","purchased_purges":2,"victory":true,"max_hp_per_floor":[80,80,80,80,85,85,85,85,85,85,85,85,85,85,85,85,85,85,85,85,85,85,85,85,85,85,85,85,85,85,85,85,85,85,85,85,85,85,85,85,85,85,85,85,85,85,85,85,85,85],"card_choices":[{"not_picked":["Havoc","Iron Wave"],"picked":"Pommel Strike","floor":1.0},{"not_picked":["Feel No Pain","Clothesline","Anger"],"picked":"SKIP","floor":3.0},{"not_picked":["Ghostly Armor","Pummel"],"picked":"Whirlwind","floor":4.0},{"not_picked":["Fire Breathing","Infernal Blade","Anger"],"picked":"SKIP","floor":7.0},{"not_picked":["Twin Strike","Sword Boomerang","Rage"],"picked":"SKIP","floor":14.0},{"not_picked":["Reaper","Bludgeon"],"picked":"Demon Form","floor":16},{"not_picked":["Cleave","Anger","Iron Wave"],"picked":"SKIP","floor":18},{"not_picked":["Rupture","True Grit","Sword Boomerang"],"picked":"SKIP","floor":22},{"not_picked":["Flex","Inflame"],"picked":"Evolve","floor":24},{"not_picked":["Carnage","Warcry","Feel No Pain"],"picked":"SKIP","floor":25},{"not_picked":["Bludgeon","Barricade"],"picked":"Limit Break","floor":33},{"not_picked":["Whirlwind","Pommel Strike","Wild Strike+1"],"picked":"SKIP","floor":35},{"not_picked":["True Grit+1","Dual Wield","Twin Strike+1"],"picked":"SKIP","floor":38},{"not_picked":["Reckless Charge","Twin Strike","Anger+1"],"picked":"SKIP","floor":39},{"not_picked":["Twin Strike+1","Combust","Clothesline+1"],"picked":"SKIP","floor":45},{"not_picked":["Pommel Strike+1","Anger+1"],"picked":"Battle Trance+1","floor":48}],"player_experience":287729,"relics_obtained":[{"floor":9.0,"key":"Juzu Bracelet"},{"floor":20,"key":"Happy Flower"},{"floor":26,"key":"Anchor"},{"floor":31,"key":"WingedGreaves"},{"floor":31,"key":"Mummified Hand"},{"floor":37,"key":"Unceasing Top"},{"floor":43,"key":"HornCleat"},{"floor":45,"key":"Sundial"}],"event_choices":[{"cards_removed":["Strike_R"],"damage_healed":0.0,"max_hp_gain":0.0,"max_hp_loss":0.0,"gold_gain":0.0,"event_name":"Purifier","player_choice":"Purged","floor":2.0,"gold_loss":0.0,"damage_taken":0.0},{"damage_healed":0.0,"max_hp_gain":5.0,"max_hp_loss":0.0,"gold_gain":0.0,"event_name":"Big Fish","player_choice":"Donut","floor":5.0,"gold_loss":0.0,"damage_taken":0.0},{"damage_healed":0.0,"max_hp_gain":0.0,"max_hp_loss":0.0,"gold_gain":0.0,"event_name":"Living Wall","player_choice":"Grow","floor":11.0,"gold_loss":0.0,"damage_taken":0.0,"cards_upgraded":["Inflame"]},{"damage_healed":0.0,"max_hp_gain":0.0,"max_hp_loss":0.0,"gold_gain":0.0,"event_name":"Dead Adventurer","player_choice":"Searched \u00273\u0027 times","floor":12.0,"gold_loss":0.0,"damage_taken":0.0,"relics_obtained":["Boot"]},{"damage_healed":0,"gold_gain":0,"player_choice":"Inject Mutagens","damage_taken":0,"relics_obtained":["MutagenicStrength"],"max_hp_gain":0,"max_hp_loss":0,"event_name":"Drug Dealer","floor":19,"gold_loss":0},{"damage_healed":0,"gold_gain":0,"player_choice":"Damaged","damage_taken":8,"max_hp_gain":0,"max_hp_loss":0,"event_name":"Wheel of Change","floor":21,"gold_loss":0},{"damage_healed":0,"gold_gain":0,"player_choice":"Upgraded","damage_taken":0,"max_hp_gain":0,"max_hp_loss":0,"event_name":"Upgrade Shrine","floor":28,"gold_loss":0,"cards_upgraded":["Evolve"]},{"damage_healed":28,"gold_gain":0,"player_choice":"Heal","damage_taken":0,"max_hp_gain":0,"max_hp_loss":0,"event_name":"The Library","floor":29,"gold_loss":0},{"damage_healed":0,"gold_gain":0,"player_choice":"Fight","damage_taken":0,"max_hp_gain":0,"max_hp_loss":0,"event_name":"Colosseum","floor":31,"gold_loss":0},{"damage_healed":0,"gold_gain":0,"player_choice":"Fought Nobs","damage_taken":0,"max_hp_gain":0,"max_hp_loss":0,"event_name":"Colosseum","floor":31,"gold_loss":0},{"damage_healed":0,"gold_gain":0,"player_choice":"Ignored","damage_taken":0,"max_hp_gain":0,"max_hp_loss":0,"event_name":"Mysterious Sphere","floor":36,"gold_loss":0},{"damage_healed":0,"gold_gain":0,"player_choice":"Fight","damage_taken":0,"max_hp_gain":0,"max_hp_loss":0,"event_name":"MindBloom","floor":37,"gold_loss":0},{"damage_healed":0,"gold_gain":0,"player_choice":"Paid","damage_taken":0,"relics_obtained":["Red Mask"],"max_hp_gain":0,"max_hp_loss":0,"event_name":"Tomb of Lord Red Mask","floor":44,"gold_loss":170}],"is_beta":false,"boss_relics":[{"not_picked":["Runic Dome","Pandora\u0027s Box"],"picked":"SlaversCollar"},{"not_picked":["Velvet Choker","Black Star"],"picked":"Philosopher\u0027s Stone"}],"items_purged_floors":[10,30],"is_endless":false,"potions_floor_spawned":[1,3,12,16,18,22,25,31,35,37,48],"ascension_level":4}}