{"host":"zsnmfqgcm92hlreo","time":1612329207,"event":{"mods":["AchievementEnabler","Act Like it!","BaseMod","Bestiary","Block Reminder","Colored Map","Colored Powertips","Hermit","Jorbs\u0027s Wanderer Trilogy","Minty Spire (QoL Compilation)","Permanent Neow","Quick Restart","Relic Stats","StSLib","Weighted Paths"],"gold_per_floor":[113,188,201,216,366,401,401,430,502,515,515,127,127,141,141,217,217,229,229,241,258,270,270,270],"floor_reached":23,"language":"ENG","playtime":820,"items_purged":["Doubt"],"score":406,"play_id":"cddfab8e-e67f-4dad-aa4c-71ed7ff5f874","local_time":"20210202231327","is_ascension_mode":true,"campfire_choices":[{"floor":7.0,"key":"REST"},{"floor":11.0,"key":"REST"},{"data":"Defragment","floor":13.0,"key":"SMITH"},{"floor":15.0,"key":"REST"}],"circlet_count":0,"master_deck":["AscendersBane","Strike_B","Strike_B","Strike_B","Strike_B","Defend_B","Defend_B","Defend_B","Defend_B","Zap","Dualcast","Streamline","Doom and Gloom","Consume","Rainbow","Redo","Ball Lightning","Defragment+1","Amplify","Turbo","Buffer","Coolheaded","Capacitor","Aggregate"],"relics":["Cracked Core","Bird Faced Urn","Ginger","Toy Ornithopter","Mummified Hand","Runic Capacitor","Philosopher\u0027s Stone"],"acts_visited":["Exordium","TheCity"],"potions_floor_usage":[18,18,21],"damage_taken":[{"damage":7.0,"enemies":"Small Slimes","floor":1.0,"turns":4.0},{"damage":0.0,"enemies":"2 Louse","floor":3.0,"turns":1.0},{"damage":12.0,"enemies":"Jaw Worm","floor":4.0,"turns":2.0},{"damage":22.0,"enemies":"Lagavulin","floor":6.0,"turns":7.0},{"damage":13.0,"enemies":"3 Sentries","floor":8.0,"turns":6.0},{"damage":6.0,"enemies":"3 Louse","floor":10.0,"turns":2.0},{"damage":19.0,"enemies":"Gremlin Gang","floor":14.0,"turns":4.0},{"damage":2.0,"enemies":"Slime Boss","floor":16.0,"turns":5.0},{"damage":11,"enemies":"3 Byrds","floor":18,"turns":3},{"damage":12,"enemies":"Spheric Guardian","floor":20,"turns":4},{"damage":34,"enemies":"Centurion and Healer","floor":21,"turns":5},{"damage":31,"enemies":"Chosen and Byrds","floor":22,"turns":6},{"damage":7,"enemies":"Book of Stabbing","floor":23,"turns":1}],"seed_played":"2336508358265889122","potions_obtained":[{"floor":1.0,"key":"EntropicBrew"},{"floor":8.0,"key":"DuplicationPotion"},{"floor":10.0,"key":"EntropicBrew"},{"floor":16.0,"key":"AttackPotion"},{"floor":18,"key":"SkillPotion"},{"floor":19,"key":"Ancient Potion"},{"floor":22,"key":"CultistPotion"}],"is_trial":false,"path_per_floor":["M","?","M","M","?","E","R","E","T","M","R","$","R","M","R","B",null,"M","?","M","M","M","E"],"character_chosen":"DEFECT","items_purchased":["Defragment","Runic Capacitor","Amplify"],"campfire_rested":3,"item_purchase_floors":[12,12,12],"current_hp_per_floor":[57,46,46,34,34,12,31,18,18,12,31,31,31,19,38,48,60,59,59,52,27,2,0,0],"gold":270,"neow_bonus":"ONE_RARE_RELIC","is_daily":false,"chose_seed":false,"campfire_upgraded":1,"win_rate":0.0,"timestamp":1612329207,"path_taken":["M","?","M","M","?","E","R","E","T","M","R","?","R","M","R","BOSS","M","?","M","M","?","E"],"items_purchased_type":["Card","Relic","Card"],"build_version":"2020-12-22","purchased_purges":1,"victory":false,"max_hp_per_floor":[64,64,64,64,64,64,64,64,64,64,64,64,64,64,64,64,64,64,64,64,64,64,64,64],"relic_stats":{"counters":[13,50],"Mummified Hand":[18],"Bird Faced Urn":[25],"Ginger":[7],"obtain_stats":[{"Mummified Hand":9,"Bird Faced Urn":0,"Philosopher\u0027s Stone":17,"Runic Capacitor":12,"Ginger":6,"Cracked Core":0,"Toy Ornithopter":8},{"Mummified Hand":5,"Bird Faced Urn":0,"Philosopher\u0027s Stone":8,"Runic Capacitor":6,"Ginger":4,"Cracked Core":0,"Toy Ornithopter":5},{"Mummified Hand":20,"Bird Faced Urn":0,"Philosopher\u0027s Stone":31,"Runic Capacitor":22,"Ginger":14,"Cracked Core":0,"Toy Ornithopter":20}],"Toy Ornithopter":28},"card_choices":[{"not_picked":["Scrape","Gash"],"picked":"Streamline","floor":1.0},{"not_picked":["Streamline","Coolheaded"],"picked":"Doom and Gloom","floor":3.0},{"not_picked":["Conserve Battery","Gash"],"picked":"Consume","floor":4.0},{"not_picked":["Conserve Battery","Auto Shields"],"picked":"Rainbow","floor":6.0},{"not_picked":["Rebound","Genetic Algorithm"],"picked":"Redo","floor":8.0},{"not_picked":["BootSequence","Sweeping Beam"],"picked":"Ball Lightning","floor":10.0},{"not_picked":["Rebound","Steam"],"picked":"Turbo","floor":14.0},{"not_picked":["All For One","Hyperbeam"],"picked":"Buffer","floor":16.0},{"not_picked":["Hologram","Reprogram","Conserve Battery+1"],"picked":"SKIP","floor":18},{"not_picked":["Reprogram","Cold Snap+1"],"picked":"Coolheaded","floor":20},{"not_picked":["Skim","Sweeping Beam"],"picked":"Capacitor","floor":21},{"not_picked":["Conserve Battery","Scrape"],"picked":"Aggregate","floor":22}],"player_experience":999351,"relics_obtained":[{"floor":6.0,"key":"Ginger"},{"floor":8.0,"key":"Toy Ornithopter"},{"floor":9.0,"key":"Mummified Hand"}],"event_choices":[{"damage_healed":0.0,"max_hp_gain":0.0,"max_hp_loss":0.0,"gold_gain":75.0,"event_name":"World of Goop","player_choice":"Gather Gold","floor":2.0,"gold_loss":0.0,"damage_taken":11.0},{"damage_healed":0.0,"max_hp_gain":0.0,"max_hp_loss":0.0,"gold_gain":150.0,"event_name":"Liars Game","player_choice":"AGREE","floor":5.0,"gold_loss":0.0,"damage_taken":0.0,"cards_obtained":["Doubt"]},{"damage_healed":0,"gold_gain":0,"player_choice":"Got Potions","damage_taken":0,"max_hp_gain":0,"max_hp_loss":0,"event_name":"Lab","floor":19,"gold_loss":0}],"is_beta":false,"boss_relics":[{"not_picked":["Tiny House","Runic Pyramid"],"picked":"Philosopher\u0027s Stone"}],"items_purged_floors":[12],"is_endless":false,"potions_floor_spawned":[1,8,10,16,18,22],"killed_by":"Book of Stabbing","ascension_level":20}}