{"host":"xb2tau8pgi8aflss","time":1612357317,"event":{"mods":["AchievementEnabler","BaseMod","Hermit","Minty Spire (QoL Compilation)","StSLib","SuperFastMode"],"gold_per_floor":[18,36,136,17,28,60,60,60,60],"floor_reached":8,"language":"KOR","playtime":184,"items_purged":[],"score":76,"play_id":"a07021e9-c6f3-4196-b5b8-55d1a7c5c867","local_time":"20210203220157","is_ascension_mode":true,"campfire_choices":[{"data":"Concentrate","floor":7,"key":"SMITH"}],"circlet_count":0,"master_deck":["Strike_G","Strike_G","Strike_G","Strike_G","Defend_G","Defend_G","Defend_G","Defend_G","Survivor","Neutralize","Eviscerate","Eviscerate","Tactician","Concentrate+1","Masterful Stab","Tactician"],"relics":["Ring of the Snake","Regal Pillow"],"acts_visited":["Exordium"],"potions_floor_usage":[6,8],"damage_taken":[{"damage":8,"enemies":"Small Slimes","floor":1,"turns":5},{"damage":0,"enemies":"Cultist","floor":2,"turns":4},{"damage":0,"enemies":"2 Louse","floor":5,"turns":2},{"damage":10,"enemies":"Gremlin Nob","floor":6,"turns":3},{"damage":63,"enemies":"Lagavulin","floor":8,"turns":6}],"seed_played":"3728430564098060941","potions_obtained":[{"floor":1,"key":"Fire Potion"},{"floor":5,"key":"CunningPotion"}],"is_trial":false,"path_per_floor":["M","M","?","$","M","E","R","E"],"character_chosen":"THE_SILENT","items_purchased":["Tactician","Concentrate"],"campfire_rested":0,"item_purchase_floors":[4,4],"current_hp_per_floor":[55,55,55,55,55,45,45,0,0],"gold":60,"neow_bonus":"REMOVE_TWO","is_daily":false,"chose_seed":false,"campfire_upgraded":1,"win_rate":0.0,"timestamp":1612357317,"path_taken":["M","M","?","$","?","E","R","E"],"items_purchased_type":["Card","Card"],"build_version":"2020-12-22","purchased_purges":0,"victory":false,"max_hp_per_floor":[70,70,70,70,70,70,70,70,70],"card_choices":[{"not_picked":["Reflex","Flying Knee"],"picked":"Eviscerate","floor":1},{"not_picked":["Quick Slash","Backflip"],"picked":"Eviscerate","floor":2},{"not_picked":["Slice","Cloak And Dagger"],"picked":"Masterful Stab","floor":5},{"not_picked":["Flechettes","Backflip"],"picked":"Tactician","floor":6}],"player_experience":804378,"relics_obtained":[{"floor":6,"key":"Regal Pillow"}],"event_choices":[{"damage_healed":0,"gold_gain":100,"player_choice":"Pray","damage_taken":0,"max_hp_gain":0,"max_hp_loss":0,"event_name":"Golden Shrine","floor":3,"gold_loss":0}],"is_beta":false,"boss_relics":[],"items_purged_floors":[],"is_endless":false,"potions_floor_spawned":[1,5],"killed_by":"Lagavulin","ascension_level":7}}