{"host":"p8bnstsjdxjza4jm","time":1612331162,"event":{"mods":["BaseMod","Colored Powertips","Marisa£¨Ùöéë¡¡Øª×âÞÞ£©","Minty Spire (QoL Compilation)","Quick Restart","StSLib"],"gold_per_floor":[99,115,133,153,228,178,506,506,506,506,540,540,552,569,569,569,569],"floor_reached":16,"language":"KOR","playtime":763,"items_purged":[],"score":118,"play_id":"c13fc950-1e5a-40d5-8ec0-f075b087152c","local_time":"20210203144602","is_ascension_mode":true,"campfire_choices":[{"floor":8,"key":"REST"},{"data":"Body Slam","floor":10,"key":"SMITH"},{"floor":15,"key":"REST"}],"circlet_count":0,"master_deck":["Strike_R","Strike_R","Strike_R","Strike_R","Defend_R","Defend_R","Defend_R","Bash","Wild Strike","Body Slam+1"],"relics":["Burning Blood","Old Coin","Eternal Feather","The Courier"],"acts_visited":["Exordium"],"potions_floor_usage":[4,7,16],"damage_taken":[{"damage":7,"enemies":"Small Slimes","floor":1,"turns":3},{"damage":8,"enemies":"Jaw Worm","floor":2,"turns":3},{"damage":1,"enemies":"Cultist","floor":3,"turns":3},{"damage":7,"enemies":"2 Fungi Beasts","floor":4,"turns":3},{"damage":23,"enemies":"3 Sentries","floor":7,"turns":11},{"damage":50,"enemies":"Lagavulin","floor":11,"turns":6},{"damage":0,"enemies":"Exordium Wildlife","floor":13,"turns":3},{"damage":10,"enemies":"Looter","floor":14,"turns":3},{"damage":70,"enemies":"Hexaghost","floor":16,"turns":9}],"seed_played":"4781929306117119588","potions_obtained":[{"floor":2,"key":"Weak Potion"},{"floor":3,"key":"HeartOfIron"},{"floor":11,"key":"FearPotion"}],"is_trial":false,"path_per_floor":["M","M","M","M","?","?","E","R","T","R","E","$","M","M","R","B"],"character_chosen":"IRONCLAD","items_purchased":[],"campfire_rested":2,"item_purchase_floors":[],"current_hp_per_floor":[79,77,80,79,68,68,51,75,75,80,36,36,42,38,68,0,0],"gold":569,"neow_bonus":"REMOVE_CARD","is_daily":false,"chose_seed":false,"campfire_upgraded":1,"win_rate":0.0,"timestamp":1612331162,"path_taken":["M","M","M","M","?","?","E","R","T","R","E","$","M","M","R","BOSS"],"items_purchased_type":[],"build_version":"2020-12-22","purchased_purges":0,"victory":false,"max_hp_per_floor":[80,80,80,80,80,80,80,80,80,80,80,80,80,80,80,80,80],"card_choices":[{"not_picked":["Havoc","True Grit","Carnage"],"picked":"SKIP","floor":1},{"not_picked":["Pommel Strike","Warcry","Exhume"],"picked":"SKIP","floor":2},{"not_picked":["Perfected Strike","True Grit"],"picked":"Wild Strike","floor":3},{"not_picked":["Pummel","Cleave"],"picked":"Body Slam","floor":4},{"not_picked":["Warcry","Rampage","Headbutt"],"picked":"SKIP","floor":7},{"not_picked":["Shrug It Off","Havoc","Sword Boomerang"],"picked":"SKIP","floor":11},{"not_picked":["Sword Boomerang","Metallicize","Shrug It Off"],"picked":"SKIP","floor":13},{"not_picked":["Havoc","Bloodletting","Juggernaut"],"picked":"SKIP","floor":14}],"player_experience":85544,"relics_obtained":[{"floor":7,"key":"Old Coin"},{"floor":9,"key":"Eternal Feather"},{"floor":11,"key":"The Courier"}],"event_choices":[{"damage_healed":0,"gold_gain":75,"player_choice":"Gather Gold","damage_taken":11,"max_hp_gain":0,"max_hp_loss":0,"event_name":"World of Goop","floor":5,"gold_loss":0},{"cards_removed":["Defend_R"],"damage_healed":0,"gold_gain":0,"player_choice":"Card Removal","damage_taken":0,"max_hp_gain":0,"max_hp_loss":0,"event_name":"The Cleric","floor":6,"gold_loss":50}],"is_beta":false,"boss_relics":[],"items_purged_floors":[],"is_endless":false,"potions_floor_spawned":[2,3,11],"killed_by":"Hexaghost","ascension_level":1}}