{"host":"5n1fl7z5i1vf7jan","time":1612341879,"event":{"mods":["BaseMod","Minty Spire (QoL Compilation)","Quick Restart","Relic Stats"],"gold_per_floor":[99,69,69,69,69,69,69,69,69,49,49,49,49,49,49,49,49,49,49,49,49,49],"floor_reached":21,"language":"ENG","playtime":714,"items_purged":[],"score":699,"play_id":"ac6ab1a2-dee4-45ca-8b2a-625fa2b5711a","local_time":"20210203004439","is_ascension_mode":true,"campfire_choices":[{"data":"Eruption","floor":7.0,"key":"SMITH"},{"floor":11.0,"key":"DIG"},{"floor":15.0,"key":"DIG"}],"circlet_count":0,"master_deck":["AscendersBane","Strike_P","Strike_P","Strike_P","Strike_P","Defend_P","Defend_P","Defend_P","Defend_P","Eruption+1","Vigilance","Consecrate","SashWhip","BowlingBash","FlurryOfBlows","ThirdEye","EmptyMind","Wallop","Tantrum","Meditate","FollowUp+1"],"relics":["Ectoplasm","Strawberry","Shovel","Turnip","Bird Faced Urn","Pantograph","Snecko Eye"],"acts_visited":["TheCity"],"potions_floor_usage":[],"damage_taken":[{"damage":0.0,"enemies":"Small Slimes","floor":1.0,"turns":3.0},{"damage":0.0,"enemies":"Cultist","floor":3.0,"turns":2.0},{"damage":5.0,"enemies":"2 Louse","floor":4.0,"turns":3.0},{"damage":5.0,"enemies":"Red Slaver","floor":5.0,"turns":3.0},{"damage":4.0,"enemies":"Gremlin Nob","floor":6.0,"turns":3.0},{"damage":0.0,"enemies":"Large Slime","floor":8.0,"turns":3.0},{"damage":0.0,"enemies":"Looter","floor":10.0,"turns":2.0},{"damage":0.0,"enemies":"Lagavulin","floor":13.0,"turns":2.0},{"damage":0.0,"enemies":"2 Fungi Beasts","floor":14.0,"turns":3.0},{"damage":0.0,"enemies":"Slime Boss","floor":16.0,"turns":5.0},{"damage":17.0,"enemies":"3 Byrds","floor":18.0,"turns":6.0},{"damage":7.0,"enemies":"Spheric Guardian","floor":20.0,"turns":4.0},{"damage":7,"enemies":"Cultist and Chosen","floor":21,"turns":3}],"seed_played":"-7436207377380024785","potions_obtained":[{"floor":1.0,"key":"AttackPotion"},{"floor":2.0,"key":"PowerPotion"},{"floor":8.0,"key":"ColorlessPotion"},{"floor":13.0,"key":"Weak Potion"},{"floor":18.0,"key":"Energy Potion"}],"is_trial":false,"path_per_floor":["M","?","M","M","M","E","R","M","T","M","R","$","E","M","R","B",null,"M","?","M","M"],"character_chosen":"WATCHER","items_purchased":[],"campfire_rested":0,"item_purchase_floors":[],"current_hp_per_floor":[61,61,61,56,51,54,54,54,54,54,54,54,54,54,54,75,75,58,58,51,44,44],"gold":49,"neow_bonus":"BOSS_RELIC","is_daily":false,"chose_seed":false,"campfire_upgraded":1,"win_rate":0.0,"timestamp":1612341879,"path_taken":["M","?","M","M","?","E","R","M","T","M","R","$","E","M","R","BOSS","M","?","?","M"],"items_purchased_type":[],"build_version":"2020-12-22","purchased_purges":0,"victory":false,"max_hp_per_floor":[68,68,68,68,68,75,75,75,75,75,75,75,75,75,75,75,75,75,75,75,75,75],"relic_stats":{"Shovel":2,"counters":[13,42],"Bird Faced Urn":[0],"Pantograph":21,"Snecko Eye":[23,26,20,25],"Ectoplasm":289,"Turnip":[8],"obtain_stats":[{"Shovel":9,"Strawberry":6,"Bird Faced Urn":13,"Pantograph":15,"Snecko Eye":17,"Ectoplasm":0,"Turnip":11,"PureWater":0},{"Shovel":6,"Strawberry":5,"Bird Faced Urn":8,"Pantograph":9,"Snecko Eye":10,"Ectoplasm":0,"Turnip":7,"PureWater":0},{"Shovel":17,"Strawberry":14,"Bird Faced Urn":21,"Pantograph":24,"Snecko Eye":29,"Ectoplasm":0,"Turnip":19,"PureWater":0}]},"card_choices":[{"not_picked":["Perseverance","BowlingBash"],"picked":"Consecrate","floor":1.0},{"not_picked":["Crescendo","ThirdEye"],"picked":"SashWhip","floor":3.0},{"not_picked":["SashWhip","Crescendo","Perseverance"],"picked":"SKIP","floor":4.0},{"not_picked":["Pray","Meditate"],"picked":"BowlingBash","floor":5.0},{"not_picked":["SashWhip","JustLucky"],"picked":"FlurryOfBlows","floor":6.0},{"not_picked":["Prostrate","FlyingSleeves"],"picked":"ThirdEye","floor":8.0},{"not_picked":["ThirdEye","FollowUp"],"picked":"EmptyMind","floor":10.0},{"not_picked":["Swivel","Prostrate"],"picked":"Wallop","floor":13.0},{"not_picked":["Protect","ForeignInfluence"],"picked":"Tantrum","floor":14.0},{"not_picked":["ClearTheMind+1","FlyingSleeves+1"],"picked":"Meditate","floor":18.0},{"not_picked":["ThirdEye","CarveReality"],"picked":"FollowUp+1","floor":20.0}],"player_experience":302255,"relics_obtained":[{"floor":6.0,"key":"Strawberry"},{"floor":9.0,"key":"Shovel"},{"floor":11.0,"key":"Turnip"},{"floor":13.0,"key":"Bird Faced Urn"},{"floor":15.0,"key":"Pantograph"}],"event_choices":[{"damage_healed":0.0,"max_hp_gain":0.0,"max_hp_loss":0.0,"gold_gain":0.0,"event_name":"The Woman in Blue","player_choice":"Bought 2 Potions","floor":2.0,"gold_loss":0.0,"damage_taken":0.0},{"damage_healed":0.0,"max_hp_gain":0.0,"max_hp_loss":0.0,"gold_gain":0.0,"event_name":"Lab","player_choice":"Got Potions","floor":19.0,"gold_loss":0.0,"damage_taken":0.0}],"is_beta":false,"boss_relics":[{"not_picked":["Sozu","SlaversCollar"],"picked":"Snecko Eye"}],"items_purged_floors":[],"is_endless":false,"potions_floor_spawned":[1,8,13,14,18],"killed_by":"Cultist and Chosen","ascension_level":18}}