{"host":"15dd7v8o90xso62x","time":1612313040,"event":{"mods":["BaseMod","Minty Spire (QoL Compilation)","Quick Restart","StSLib","SuperFastMode"],"gold_per_floor":[113,113,132,146,156,156,191,206,206,220,232,260,335,33,33,33,33],"floor_reached":16,"language":"KOR","playtime":580,"items_purged":[],"score":228,"play_id":"b59a7ac6-1be4-4785-96f5-1e8409682044","local_time":"20210203094400","is_ascension_mode":true,"campfire_choices":[{"data":"Blade Dance","floor":6.0,"key":"SMITH"},{"data":"Apotheosis","floor":15.0,"key":"SMITH"}],"circlet_count":0,"master_deck":["AscendersBane","Strike_G","Strike_G","Strike_G","Strike_G","Strike_G","Defend_G","Defend_G","Defend_G","Defend_G","Survivor","Neutralize","After Image","Blade Dance+1","Blur","Calculated Gamble","Corpse Explosion","Backstab","Escape Plan","Apotheosis+1","Accuracy"],"relics":["Ring of the Snake","Art of War","Prayer Wheel","TungstenRod"],"acts_visited":["Exordium"],"potions_floor_usage":[16],"damage_taken":[{"damage":3.0,"enemies":"Jaw Worm","floor":1.0,"turns":6.0},{"damage":1.0,"enemies":"Cultist","floor":3.0,"turns":3.0},{"damage":3.0,"enemies":"Small Slimes","floor":4.0,"turns":4.0},{"damage":0.0,"enemies":"Exordium Wildlife","floor":5.0,"turns":4.0},{"damage":17.0,"enemies":"3 Sentries","floor":7.0,"turns":9.0},{"damage":1.0,"enemies":"2 Fungi Beasts","floor":8.0,"turns":4.0},{"damage":7.0,"enemies":"3 Louse","floor":10.0,"turns":3.0},{"damage":0.0,"enemies":"Blue Slaver","floor":11.0,"turns":4.0},{"damage":8.0,"enemies":"Lagavulin","floor":12.0,"turns":3.0},{"damage":5,"enemies":"Slime Boss","floor":16,"turns":6}],"seed_played":"-3676656355591486596","potions_obtained":[{"floor":1.0,"key":"ColorlessPotion"},{"floor":3.0,"key":"CultistPotion"},{"floor":10.0,"key":"EntropicBrew"},{"floor":11.0,"key":"Swift Potion"},{"floor":12.0,"key":"Swift Potion"}],"is_trial":false,"path_per_floor":["M","?","M","M","M","R","E","M","T","M","M","E","?","$","R","B"],"character_chosen":"THE_SILENT","items_purchased":["Apotheosis","Accuracy"],"campfire_rested":0,"item_purchase_floors":[14,14],"current_hp_per_floor":[56,56,55,52,52,52,35,34,34,27,27,19,9,9,9,4,4],"gold":33,"neow_bonus":"ONE_RANDOM_RARE_CARD","is_daily":false,"chose_seed":false,"campfire_upgraded":2,"win_rate":0.0,"timestamp":1612313040,"path_taken":["M","?","M","?","M","R","E","M","T","M","?","E","?","$","R","BOSS"],"items_purchased_type":["Card","Card"],"build_version":"2020-12-22","purchased_purges":0,"victory":false,"max_hp_per_floor":[66,66,66,66,66,66,66,66,66,66,66,66,66,66,66,66,66],"card_choices":[{"not_picked":["All Out Attack","Outmaneuver"],"picked":"Blade Dance","floor":1.0},{"not_picked":["Underhanded Strike","Blade Dance","Quick Slash"],"picked":"SKIP","floor":3.0},{"not_picked":["Quick Slash","Distraction","Deadly Poison"],"picked":"SKIP","floor":4.0},{"not_picked":["Predator","Crippling Poison"],"picked":"Blur","floor":5.0},{"not_picked":["Crippling Poison","Distraction"],"picked":"Calculated Gamble","floor":7.0},{"not_picked":["Backflip","Distraction"],"picked":"Corpse Explosion","floor":8.0},{"not_picked":["Endless Agony","Dash"],"picked":"Backstab","floor":10.0},{"not_picked":["Quick Slash","Choke","Underhanded Strike"],"picked":"SKIP","floor":10.0},{"not_picked":["Expertise","Bane","Deflect"],"picked":"SKIP","floor":11.0},{"not_picked":["Slice","Catalyst","Flying Knee"],"picked":"SKIP","floor":11.0},{"not_picked":["Expertise","Bane","Deflect"],"picked":"SKIP","floor":11.0},{"not_picked":["Slice","Catalyst","Flying Knee"],"picked":"SKIP","floor":11.0},{"not_picked":["Riddle With Holes","Deflect"],"picked":"Escape Plan","floor":12.0}],"player_experience":932721,"relics_obtained":[{"floor":7.0,"key":"Art of War"},{"floor":9.0,"key":"Prayer Wheel"},{"floor":12.0,"key":"TungstenRod"}],"event_choices":[{"cards_removed":["Defend_G"],"damage_healed":0.0,"max_hp_gain":0.0,"max_hp_loss":0.0,"gold_gain":0.0,"event_name":"Purifier","player_choice":"Purged","floor":2.0,"gold_loss":0.0,"damage_taken":0.0},{"damage_healed":0.0,"max_hp_gain":0.0,"max_hp_loss":0.0,"gold_gain":75.0,"event_name":"World of Goop","player_choice":"Gather Gold","floor":13.0,"gold_loss":0.0,"damage_taken":11.0}],"is_beta":false,"boss_relics":[],"items_purged_floors":[],"is_endless":false,"potions_floor_spawned":[1,3,10,11,12],"killed_by":"Slime Boss","ascension_level":20}}