{"host":"bf5upntvbdompq33","time":1612320684,"event":{"mods":["BaseMod","Colored Map","Colored Powertips","Curses Come First","Minty Spire (QoL Compilation)","StSLib","The Hierophant","The Mystic"],"gold_per_floor":[114,64,74,24,24,24,55,68,148,148,161,177,189,90,90,193,193,207,223,223,313,323,323,27,27,27],"floor_reached":25,"language":"ENG","playtime":3107,"items_purged":["Strike_G"],"score":274,"play_id":"cfeabe63-fb32-445c-a57c-7a3cf1070868","local_time":"20210202195124","is_ascension_mode":true,"campfire_choices":[{"data":"Crippling Poison","floor":6,"key":"SMITH"},{"floor":10,"key":"REST"},{"floor":15,"key":"REST"},{"floor":23,"key":"REST"}],"circlet_count":0,"master_deck":["Survivor","Neutralize","Sadistic Nature","Backstab","Crippling Poison+1","Acrobatics","Deadly Poison","Prepared","Quick Slash","Catalyst","Backflip","Dagger Throw","Envenom","Flying Knee","Terror","Terror","Night Terror","Deadly Poison","Quick Slash","Expertise","Noxious Fumes","Deflect+1","Footwork+1","All Out Attack"],"relics":["Ring of the Snake","Regal Pillow","Calipers","Letter Opener","Pandora\u0027s Box","Pantograph"],"acts_visited":["Exordium","TheCity"],"potions_floor_usage":[18,18,22,25],"damage_taken":[{"damage":7,"enemies":"Jaw Worm","floor":1,"turns":6},{"damage":0,"enemies":"2 Louse","floor":3,"turns":4},{"damage":31,"enemies":"Lagavulin","floor":7,"turns":9},{"damage":0,"enemies":"Cultist","floor":8,"turns":3},{"damage":13,"enemies":"Large Slime","floor":11,"turns":4},{"damage":3,"enemies":"3 Louse","floor":12,"turns":2},{"damage":4,"enemies":"Exordium Wildlife","floor":13,"turns":3},{"damage":28,"enemies":"The Guardian","floor":16,"turns":9},{"damage":12,"enemies":"3 Byrds","floor":18,"turns":4},{"damage":20,"enemies":"Spheric Guardian","floor":19,"turns":4},{"damage":9,"enemies":"Centurion and Healer","floor":22,"turns":4},{"damage":36,"enemies":"Snake Plant","floor":25,"turns":3}],"seed_played":"-2188521391292086998","potions_obtained":[{"floor":3,"key":"Block Potion"},{"floor":7,"key":"Block Potion"},{"floor":11,"key":"ColorlessPotion"},{"floor":22,"key":"PowerPotion"}],"is_trial":false,"path_per_floor":["M","?","M","$","?","R","E","M","T","R","M","M","M","$","R","B",null,"M","M","?","?","M","R","$","M"],"character_chosen":"THE_SILENT","items_purchased":["Acrobatics","Dagger Throw","Pantograph","All Out Attack"],"campfire_rested":3,"item_purchase_floors":[4,14,24,24],"current_hp_per_floor":[56,56,56,56,44,44,13,13,13,46,33,30,26,26,59,31,55,43,23,23,11,2,35,35,0,0],"gold":27,"neow_bonus":"RANDOM_COLORLESS_2","is_daily":false,"chose_seed":false,"campfire_upgraded":1,"win_rate":0.0,"timestamp":1612320684,"path_taken":["M","?","M","$","?","R","E","M","T","R","M","M","M","$","R","BOSS","M","M","?","?","M","R","$","M"],"items_purchased_type":["Card","Card","Relic","Card"],"build_version":"2020-12-22","purchased_purges":1,"victory":false,"max_hp_per_floor":[63,63,63,63,63,63,63,63,63,63,63,63,63,63,63,63,63,63,63,63,63,63,63,63,63,63],"card_choices":[{"not_picked":["Violence","Secret Weapon"],"picked":"Sadistic Nature","floor":0},{"not_picked":["Setup","Tactician"],"picked":"Backstab","floor":1},{"not_picked":["Endless Agony","Prepared"],"picked":"Crippling Poison","floor":3},{"not_picked":["Dagger Throw","Slice"],"picked":"Deadly Poison","floor":7},{"not_picked":["Slice","Underhanded Strike"],"picked":"Prepared","floor":8},{"not_picked":["Riddle With Holes","Prepared"],"picked":"Quick Slash","floor":11},{"not_picked":["Heel Hook","Outmaneuver"],"picked":"Catalyst","floor":12},{"not_picked":["Reflex","Phantasmal Killer"],"picked":"Backflip","floor":13},{"not_picked":["Tools of the Trade","Grand Finale"],"picked":"Envenom","floor":16},{"not_picked":["Backflip","Tactician"],"picked":"Deflect+1","floor":18},{"not_picked":["Blade Dance+1","Cloak And Dagger"],"picked":"Footwork+1","floor":19},{"not_picked":["Footwork+1","Terror","Dodge and Roll"],"picked":"SKIP","floor":22}],"player_experience":1352298,"relics_obtained":[{"floor":7,"key":"Calipers"},{"floor":9,"key":"Letter Opener"}],"event_choices":[{"cards_removed":["Strike_G"],"damage_healed":0,"gold_gain":0,"player_choice":"Card Removal","damage_taken":0,"max_hp_gain":0,"max_hp_loss":0,"event_name":"The Cleric","floor":2,"gold_loss":50},{"damage_healed":0,"gold_gain":0,"player_choice":"Success","damage_taken":12,"relics_obtained":["Regal Pillow"],"max_hp_gain":0,"max_hp_loss":0,"event_name":"Scrap Ooze","floor":5,"gold_loss":0},{"damage_healed":0,"gold_gain":0,"player_choice":"Ignored","damage_taken":0,"max_hp_gain":0,"max_hp_loss":0,"event_name":"Ghosts","floor":20,"gold_loss":0},{"damage_healed":0,"gold_gain":90,"player_choice":"GOLD ","damage_taken":12,"max_hp_gain":0,"max_hp_loss":0,"event_name":"Knowing Skull","floor":21,"potions_obtained":[],"gold_loss":0,"cards_obtained":[]}],"is_beta":false,"boss_relics":[{"not_picked":["Empty Cage","Calling Bell"],"picked":"Pandora\u0027s Box"}],"items_purged_floors":[14],"is_endless":false,"potions_floor_spawned":[3,7,11,22],"killed_by":"Snake Plant","ascension_level":7}}