{"host":"jqln3q8z91cyrmpl","time":1612362490,"event":{"mods":["AchievementEnabler","BaseMod","Colored Map","DeckTracker","Keyboard Shortcuts","Minty Spire (QoL Compilation)","SuperFastMode"],"gold_per_floor":[166,181,181,198,216,249,249,249,249],"floor_reached":8,"language":"KOR","playtime":335,"items_purged":[],"score":75,"play_id":"16066ae1-0553-44ec-9dd2-d1e10ba837d9","local_time":"20210203232810","is_ascension_mode":true,"campfire_choices":[{"floor":7,"key":"REST"}],"circlet_count":0,"master_deck":["Strike_P","Strike_P","Strike_P","Strike_P","Defend_P","Defend_P","Defend_P","Defend_P","Eruption","Vigilance+1","WreathOfFlame","CutThroughFate","MentalFortress","Scrawl","EmptyBody"],"relics":["Tiny House","Frozen Egg 2"],"acts_visited":["Exordium"],"potions_floor_usage":[6,8,8],"damage_taken":[{"damage":0,"enemies":"2 Louse","floor":1,"turns":2},{"damage":2,"enemies":"Jaw Worm","floor":2,"turns":5},{"damage":7,"enemies":"Small Slimes","floor":4,"turns":5},{"damage":43,"enemies":"Exordium Wildlife","floor":5,"turns":5},{"damage":16,"enemies":"Gremlin Nob","floor":6,"turns":3},{"damage":46,"enemies":"3 Sentries","floor":8,"turns":14}],"seed_played":"6260872769527343086","potions_obtained":[{"floor":0,"key":"BlessingOfTheForge"},{"floor":1,"key":"Regen Potion"},{"floor":2,"key":"Dexterity Potion"}],"is_trial":false,"path_per_floor":["M","M","?","M","M","E","R","E"],"character_chosen":"WATCHER","items_purchased":[],"campfire_rested":1,"item_purchase_floors":[],"current_hp_per_floor":[70,68,73,66,23,7,31,0,0],"gold":249,"neow_bonus":"BOSS_RELIC","is_daily":false,"chose_seed":false,"campfire_upgraded":0,"win_rate":0.0,"timestamp":1612362490,"path_taken":["M","M","?","M","M","E","R","E"],"items_purchased_type":[],"build_version":"2020-12-22","purchased_purges":0,"victory":false,"max_hp_per_floor":[77,77,82,82,82,82,82,82,82],"card_choices":[{"not_picked":["Collect","WaveOfTheHand"],"picked":"WreathOfFlame","floor":0},{"not_picked":["Halt","BowlingBash"],"picked":"CutThroughFate","floor":1},{"not_picked":["Indignation","Crescendo"],"picked":"MentalFortress","floor":2},{"not_picked":["Conclude","Crescendo"],"picked":"Scrawl","floor":4},{"not_picked":["MentalFortress","FlyingSleeves"],"picked":"EmptyBody","floor":5},{"not_picked":["BowlingBash","ThirdEye","SashWhip"],"picked":"SKIP","floor":6}],"player_experience":413304,"relics_obtained":[{"floor":6,"key":"Frozen Egg 2"}],"event_choices":[{"damage_healed":0,"gold_gain":0,"player_choice":"Donut","damage_taken":0,"max_hp_gain":5,"max_hp_loss":0,"event_name":"Big Fish","floor":3,"gold_loss":0}],"is_beta":false,"boss_relics":[],"items_purged_floors":[],"is_endless":false,"potions_floor_spawned":[1,2],"killed_by":"3 Sentries","ascension_level":6}}