{"host":"815dqs41i1y8uxms","time":1612385046,"event":{"mods":["Act Like it!","BaseMod","Dark Map","GungeonMod","Minty Spire (QoL Compilation)","Rare Cards Sparkle","Shop Mod","Spire Arcade","StSLib"],"gold_per_floor":[112,143,143,158,333,333,367,442,495,511,525,542,16,16,16,116,116,136,226,246,30,30,30,30],"floor_reached":23,"language":"ENG","playtime":1537,"items_purged":["Doubt"],"score":189,"play_id":"4760efb8-0efa-471c-8101-6734dc64d218","local_time":"20210203214406","is_ascension_mode":false,"campfire_choices":[{"data":"DemoMod:SpreadAmmo","floor":6,"key":"SMITH"},{"floor":15,"key":"REST"}],"circlet_count":0,"master_deck":["DemoMod:Strike_Huntress","DemoMod:Strike_Huntress","DemoMod:Defend_Huntress","DemoMod:Defend_Huntress","DemoMod:Defend_Huntress","DemoMod:Defend_Huntress","DemoMod:Roll","DemoMod:ManualReload","DemoMod:RustySidearm","DemoMod:CrossBow","DemoMod:Gungine+1","DemoMod:SAA","DemoMod:SpreadAmmo+1","DemoMod:DirectionalPad","DemoMod:TripleGun","DemoMod:LifeOrb","DemoMod:AbyssalTentacle","DemoMod:HungryBullets","DemoMod:Evolver","DemoMod:SpreadAmmo","Discovery","DemoMod:HardPowerCard","DemoMod:SpreadAmmo","DemoMod:GunslingerForm","DemoMod:ProbeStrike","Mind Blast","Impatience","DemoMod:JK47+1","DemoMod:GunShield"],"relics":["DemoMod:Dog","Pen Nib","Toy Ornithopter","DemoMod:GnawedKey","SlaversCollar","OrangePellets"],"acts_visited":["Exordium","TheCity"],"potions_floor_usage":[0,2,7,7,16,18,20,20],"damage_taken":[{"damage":0,"enemies":"Small Slimes","floor":1,"turns":5},{"damage":0,"enemies":"Cultist","floor":2,"turns":7},{"damage":0,"enemies":"Cultist","floor":4,"turns":4},{"damage":7,"enemies":"3 Sentries","floor":7,"turns":7},{"damage":0,"enemies":"2 Louse","floor":10,"turns":1},{"damage":8,"enemies":"Gremlin Gang","floor":11,"turns":5},{"damage":11,"enemies":"3 Louse","floor":12,"turns":3},{"damage":8,"enemies":"Hexaghost","floor":16,"turns":10},{"damage":32,"enemies":"2 Thieves","floor":18,"turns":4},{"damage":8,"enemies":"3 Byrds","floor":20,"turns":4},{"damage":18,"enemies":"Shelled Parasite and Fungi","floor":23,"turns":2}],"seed_played":"-518203290468767384","potions_obtained":[{"floor":0,"key":"Fruit Juice"},{"floor":0,"key":"SteroidPotion"},{"floor":0,"key":"Swift Potion"},{"floor":1,"key":"PowerPotion"},{"floor":10,"key":"GamblersBrew"},{"floor":12,"key":"DuplicationPotion"},{"floor":16,"key":"LiquidBronze"}],"is_trial":false,"path_per_floor":["M","?","?","M","?","R","E","?","T","M","M","M","$","?","R","B",null,"M","?","M","$","?","M"],"character_chosen":"HUNTRESS","items_purchased":["DemoMod:HungryBullets","DemoMod:GnawedKey","DemoMod:Evolver","DemoMod:SpreadAmmo","Discovery","DemoMod:HardPowerCard","OrangePellets","DemoMod:GunShield"],"campfire_rested":1,"item_purchase_floors":[13,13,13,13,13,13,21,21],"current_hp_per_floor":[75,75,75,75,75,75,68,57,57,57,49,38,38,38,60,57,75,43,12,14,14,14,0,0],"gold":30,"neow_bonus":"THREE_SMALL_POTIONS","is_daily":false,"chose_seed":false,"campfire_upgraded":1,"win_rate":0.0,"timestamp":1612385046,"path_taken":["M","?","?","M","?","R","E","?","T","M","M","M","$","?","R","BOSS","M","?","?","$","?","M"],"items_purchased_type":["Card","Relic","Card","Card","Card","Card","Relic","Card"],"build_version":"2020-12-22","purchased_purges":1,"victory":false,"max_hp_per_floor":[75,75,75,75,75,75,75,75,75,75,75,75,75,75,75,75,75,75,75,75,75,75,75,75],"card_choices":[{"not_picked":["DemoMod:GunstockTap","DemoMod:BoxingGlove"],"picked":"DemoMod:Gungine","floor":1},{"not_picked":["DemoMod:SkilledReload","DemoMod:FastSwitch"],"picked":"DemoMod:SAA","floor":2},{"not_picked":["DemoMod:ZorGun","DemoMod:HardPowerCard"],"picked":"DemoMod:SpreadAmmo","floor":4},{"not_picked":["DemoMod:GunShield","DemoMod:AWP"],"picked":"DemoMod:DirectionalPad","floor":7},{"not_picked":["DemoMod:BoxingGlove","DemoMod:Rummage"],"picked":"DemoMod:TripleGun","floor":10},{"not_picked":["DemoMod:PotionOfGunFriendShip","DemoMod:ChanceBullets"],"picked":"DemoMod:LifeOrb","floor":11},{"not_picked":["DemoMod:HardPowerCard","DemoMod:Elimentaler"],"picked":"DemoMod:AbyssalTentacle","floor":12},{"not_picked":["DemoMod:Gungine","DemoMod:BalloonGun"],"picked":"DemoMod:GunslingerForm","floor":16},{"not_picked":["DemoMod:JK47","DemoMod:PracticeMakesPerfect"],"picked":"DemoMod:ProbeStrike","floor":18},{"not_picked":["DemoMod:GunstockTap+1","DemoMod:PotionOfGunFriendShip"],"picked":"DemoMod:JK47+1","floor":20}],"player_experience":3727292,"relics_obtained":[{"floor":7,"key":"Pen Nib"},{"floor":9,"key":"Toy Ornithopter"}],"event_choices":[{"damage_healed":0,"gold_gain":0,"player_choice":"Grow","damage_taken":0,"max_hp_gain":0,"max_hp_loss":0,"event_name":"Living Wall","floor":3,"gold_loss":0,"cards_upgraded":["DemoMod:Gungine"]},{"damage_healed":0,"gold_gain":175,"player_choice":"AGREE","damage_taken":0,"max_hp_gain":0,"max_hp_loss":0,"event_name":"Liars Game","floor":5,"gold_loss":0,"cards_obtained":["Doubt"]},{"damage_healed":0,"gold_gain":75,"player_choice":"Gather Gold","damage_taken":11,"max_hp_gain":0,"max_hp_loss":0,"event_name":"World of Goop","floor":8,"gold_loss":0},{"damage_healed":0,"gold_gain":90,"player_choice":"CARD GOLD POTION CARD ","damage_taken":31,"max_hp_gain":0,"max_hp_loss":0,"event_name":"Knowing Skull","floor":19,"potions_obtained":["EssenceOfSteel"],"gold_loss":0,"cards_obtained":["Mind Blast","Impatience"]},{"damage_healed":0,"gold_gain":0,"player_choice":"Ignored","damage_taken":0,"max_hp_gain":0,"max_hp_loss":0,"event_name":"N\u0027loth","floor":22,"gold_loss":0}],"is_beta":false,"boss_relics":[{"not_picked":["Velvet Choker","Busted Crown"],"picked":"SlaversCollar"}],"items_purged_floors":[13],"is_endless":false,"potions_floor_spawned":[1,10,12,16],"killed_by":"Shelled Parasite and Fungi","ascension_level":0}}