{"host":"59wnhi65kiwmnpg4","time":1612369193,"event":{"mods":["2.2 Compatiblity","AchievementEnabler","BaseMod","BetterRewards","Colored Map","Custom Start","Disable Question Mark Monsters","Highlight Path","Minty Spire (QoL Compilation)","Permanent Neow","Relic Sorter","Relic Stats"],"gold_per_floor":[11,11,27,102,115,115,115,115],"floor_reached":7,"language":"ENG","playtime":267,"items_purged":[],"score":82,"play_id":"b9722042-72e3-4c01-bbb3-3f6c35fd44ad","local_time":"20210203161953","is_ascension_mode":true,"campfire_choices":[{"data":"After Image","floor":6,"key":"SMITH"}],"circlet_count":0,"master_deck":["AscendersBane","Strike_G","Strike_G","Strike_G","Strike_G","Strike_G","Defend_G","Defend_G","Defend_G","Defend_G","Defend_G","Survivor","Neutralize","After Image+1","Cloak And Dagger","Blade Dance","Finisher"],"relics":["Ring of the Snake","Golden Idol"],"acts_visited":["Exordium"],"potions_floor_usage":[],"damage_taken":[{"damage":0,"enemies":"Jaw Worm","floor":1,"turns":7},{"damage":2,"enemies":"2 Louse","floor":3,"turns":4},{"damage":1,"enemies":"Small Slimes","floor":5,"turns":3},{"damage":54,"enemies":"Gremlin Nob","floor":7,"turns":4}],"seed_played":"2294388181298469747","potions_obtained":[],"is_trial":false,"path_per_floor":["M","?","M","?","M","R","E"],"character_chosen":"THE_SILENT","items_purchased":[],"campfire_rested":0,"item_purchase_floors":[],"current_hp_per_floor":[59,59,57,46,45,45,0,0],"gold":115,"neow_bonus":"THREE_RARE_CARDS","is_daily":false,"chose_seed":false,"campfire_upgraded":1,"win_rate":0.0,"timestamp":1612369193,"path_taken":["M","?","M","?","M","R","E"],"items_purchased_type":[],"build_version":"2020-12-22","purchased_purges":0,"victory":false,"max_hp_per_floor":[66,60,60,60,60,60,60,60],"relic_stats":{"counters":[4,18],"Golden Idol":6,"obtain_stats":[{"Golden Idol":2,"Ring of the Snake":0},{"Golden Idol":1,"Ring of the Snake":0},{"Golden Idol":7,"Ring of the Snake":0}],"Ring of the Snake":[8]},"card_choices":[{"not_picked":["Wraith Form v2","Glass Knife"],"picked":"After Image","floor":0.0},{"not_picked":["Quick Slash","Flying Knee"],"picked":"Cloak And Dagger","floor":1},{"not_picked":["Sucker Punch","Riddle With Holes"],"picked":"Blade Dance","floor":3},{"not_picked":["Underhanded Strike","Outmaneuver"],"picked":"Finisher","floor":5}],"player_experience":883951,"relics_obtained":[],"event_choices":[{"damage_healed":0,"gold_gain":0,"player_choice":"Lose Max HP","damage_taken":0,"relics_obtained":["Golden Idol"],"max_hp_gain":0,"max_hp_loss":6,"event_name":"Golden Idol","floor":2,"gold_loss":0},{"damage_healed":0,"gold_gain":75,"player_choice":"Gather Gold","damage_taken":11,"max_hp_gain":0,"max_hp_loss":0,"event_name":"World of Goop","floor":4,"gold_loss":0}],"is_beta":false,"boss_relics":[],"items_purged_floors":[],"is_endless":false,"potions_floor_spawned":[],"killed_by":"Gremlin Nob","ascension_level":20}}