{"host":"3wy7pdgb9v64ezms","time":1612317031,"event":{"mods":["100% Spire Juice","2.2 Compatiblity","AchievementEnabler","Act Like it!","Aspiration","BaseMod","Better Altar","Better Match","Better Note","Better Third Choice","BetterRewards","Colored Map","Curses Come First","Dark Map","DeckTracker","Downfall","Halation","Highlight Path","Hubris","Infinite Spire","Minty Spire (QoL Compilation)","Permanent Neow","Prisma Mod","Quick Restart","Rare Cards Sparkle","Relic Filter","Relic Stats","Replay The Spire","Shop Mod","Small Relic Pack","Spicy Shops","StSLib","SuperFastMode","The Alterego","UnlockEverythingMod","WarShipGirlsR/????R mod","Yakumo Yukari mod"],"gold_per_floor":[99,115,115,27,39,39,39,49,78,78,353,366,366,377,393,393,393,393],"floor_reached":16,"language":"ENG","playtime":882,"items_purged":[],"score":102,"play_id":"a07b1f16-8f9d-452a-8595-d44c5ea4c327","local_time":"20210203025031","is_ascension_mode":false,"campfire_choices":[{"data":"hexamod:WildfireWeapon","floor":1.0,"key":"SMITH"},{"floor":13.0,"key":"REST"}],"circlet_count":0,"master_deck":["hexamod:Strike","hexamod:Strike","hexamod:Strike","hexamod:Strike","hexamod:Defend","hexamod:Defend","hexamod:Defend","hexamod:Defend","hexamod:Sear","hexamod:Float","Decay","hexamod:WildfireWeapon+1","Pain","hexamod:SpectersWail","Regret","hexamod:HeatCrush"],"relics":["m_GuardianBlood","WarpedTongs","relicPack:WeightedSword","infinitespire:Cubic Diamond","Replay:Baseball","Singing Bowl","Mummified Hand"],"acts_visited":["Exordium"],"potions_floor_usage":[16,16],"damage_taken":[{"damage":0.0,"enemies":"2 Louse","floor":2.0,"turns":4.0},{"damage":7.0,"enemies":"downfall:FleeingMerchant","floor":4.0,"turns":4.0},{"damage":8.0,"enemies":"Cultist","floor":5.0,"turns":3.0},{"damage":18.0,"enemies":"Jaw Worm","floor":8.0,"turns":3.0},{"damage":9.0,"enemies":"Gremlin Nob","floor":9.0,"turns":3.0},{"damage":22.0,"enemies":"Exordium Wildlife","floor":12.0,"turns":3.0},{"damage":13,"enemies":"Exordium Thugs","floor":14,"turns":3},{"damage":17,"enemies":"Large Slime","floor":15,"turns":6},{"damage":33,"enemies":"DF_ARCHETYPE_STREAMLINE","floor":16,"turns":6}],"seed_played":"861174538878299674","potions_obtained":[{"floor":8.0,"key":"hexamod:SoulburnPotion"},{"floor":9.0,"key":"hexamod:EctoCoolerPotion"},{"floor":12.0,"key":"BlessingOfTheForge"},{"floor":14,"key":"AttackPotion"}],"is_trial":false,"path_per_floor":["R","M","?","$","M","?","T","M","E","T","?","M","R","M","M","B"],"character_chosen":"THE_SPIRIT","items_purchased":["relicPack:WeightedSword"],"campfire_rested":1,"item_purchase_floors":[4],"current_hp_per_floor":[70,70,70,63,55,55,55,43,42,42,42,26,47,42,33,0,0,0],"gold":393,"neow_bonus":"THREE_RARE_CARDS","is_daily":false,"chose_seed":false,"campfire_upgraded":1,"win_rate":0.0,"timestamp":1612317031,"path_taken":["R","M","?","?","M","?","T","?","E","?","?","M","R","?","M","BOSS"],"items_purchased_type":["Relic"],"build_version":"2020-12-22","purchased_purges":0,"victory":false,"max_hp_per_floor":[70,70,70,70,70,70,70,70,72,72,72,72,72,74,76,76,76,76],"relic_stats":{"Singing Bowl":6,"counters":[9,35],"Mummified Hand":[4],"obtain_stats":[{"Replay:Baseball":7,"Singing Bowl":9,"Mummified Hand":10,"infinitespire:Cubic Diamond":6,"m_GuardianBlood":6,"hexamod:SpiritBrand":0,"relicPack:WeightedSword":4,"WarpedTongs":3},{"Replay:Baseball":3,"Singing Bowl":5,"Mummified Hand":5,"infinitespire:Cubic Diamond":3,"m_GuardianBlood":3,"hexamod:SpiritBrand":0,"relicPack:WeightedSword":2,"WarpedTongs":1},{"Replay:Baseball":11,"Singing Bowl":17,"Mummified Hand":17,"infinitespire:Cubic Diamond":11,"m_GuardianBlood":11,"hexamod:SpiritBrand":0,"relicPack:WeightedSword":8,"WarpedTongs":4}],"WarpedTongs":[31]},"card_choices":[{"not_picked":["hexamod:ForkedFlame","hexamod:HexaLevel"],"picked":"hexamod:WildfireWeapon","floor":0.0},{"not_picked":["hexamod:RainOfEmbers","hexamod:GhostOfSpireFuture","hexamod:InspiringFlames"],"picked":"SKIP","floor":2.0},{"not_picked":["hexamod:HeatMetal","hexamod:GhostOfSpireFuture","hexamod:ThermalTransfer"],"picked":"SKIP","floor":4.0},{"not_picked":["hexamod:HeatMetal","hexamod:RadiantFlame","hexamod:NightmareStrike"],"picked":"SKIP","floor":5.0},{"not_picked":["hexamod:BurningTouch","Massacre"],"picked":"hexamod:SpectersWail","floor":8.0},{"not_picked":["Body Slam","hexamod:NightmareGuise","Twin Strike"],"picked":"Singing Bowl","floor":9.0},{"not_picked":["Entrench","hexamod:GhostOfSpirePast"],"picked":"hexamod:HeatCrush","floor":12.0},{"not_picked":["Guardian:WeakpointTargeting","Guardian:Gem_Red","hexamod:Firestarter"],"picked":"Singing Bowl","floor":14},{"not_picked":["hexamod:BurningTouch","hexamod:FastForward","hexamod:ThermalTransfer"],"picked":"Singing Bowl","floor":15}],"player_experience":103154,"relics_obtained":[{"floor":7.0,"key":"Replay:Baseball"},{"floor":9.0,"key":"Singing Bowl"},{"floor":10.0,"key":"Mummified Hand"}],"event_choices":[{"damage_healed":0.0,"max_hp_gain":0.0,"max_hp_loss":0.0,"gold_gain":0.0,"event_name":"Accursed Blacksmith","player_choice":"Rummage","floor":3.0,"gold_loss":0.0,"damage_taken":0.0,"relics_obtained":["WarpedTongs"],"cards_obtained":["Pain"]}],"is_beta":false,"boss_relics":[],"items_purged_floors":[],"is_endless":false,"potions_floor_spawned":[8,9,12,14],"killed_by":"DF_ARCHETYPE_STREAMLINE","ascension_level":0}}