{"host":"x205naxbihvu3p76","time":1612366568,"event":{"mods":["AchievementEnabler","BaseMod","Minty Spire (QoL Compilation)","StSLib","SuperFastMode"],"gold_per_floor":[112,112,112,3,23,50,50,63,63,77,77,94,120,120,120,120,120],"floor_reached":16,"language":"KOR","playtime":229,"items_purged":[],"score":270,"play_id":"e9e63f92-c2ba-40b1-9d5e-26e871102b72","local_time":"20210204003608","is_ascension_mode":true,"campfire_choices":[{"data":"Zap","floor":7,"key":"SMITH"},{"data":"Barrage","floor":11,"key":"SMITH"},{"floor":15,"key":"REST"}],"circlet_count":0,"master_deck":["AscendersBane","Strike_B","Strike_B","Strike_B+1","Strike_B","Defend_B","Defend_B+1","Defend_B","Defend_B","Zap+1","Dualcast","Cold Snap","Leap","Sweeping Beam","BootSequence","Barrage+1","Capacitor","Self Repair","Glacier"],"relics":["Cracked Core","NeowsBlessing","White Beast Statue","Sundial","Bottled Tornado"],"acts_visited":["Exordium"],"potions_floor_usage":[12,12,16],"damage_taken":[{"damage":0,"enemies":"Cultist","floor":1,"turns":1},{"damage":0,"enemies":"2 Louse","floor":5,"turns":1},{"damage":0,"enemies":"3 Sentries","floor":6,"turns":1},{"damage":0,"enemies":"Jaw Worm","floor":8,"turns":3},{"damage":5,"enemies":"Red Slaver","floor":10,"turns":3},{"damage":13,"enemies":"Large Slime","floor":12,"turns":4},{"damage":18,"enemies":"Lagavulin","floor":13,"turns":6},{"damage":42,"enemies":"Hexaghost","floor":16,"turns":11}],"seed_played":"-2872483759412786413","potions_obtained":[{"floor":6,"key":"SpeedPotion"},{"floor":8,"key":"AttackPotion"},{"floor":10,"key":"Explosive Potion"},{"floor":12,"key":"Explosive Potion"},{"floor":13,"key":"DuplicationPotion"}],"is_trial":false,"path_per_floor":["M","?","?","$","M","E","R","M","T","M","R","M","E","?","R","B"],"character_chosen":"DEFECT","items_purchased":["Cold Snap","Leap"],"campfire_rested":1,"item_purchase_floors":[4,4],"current_hp_per_floor":[64,69,46,46,46,46,46,46,46,41,41,28,17,17,39,0,0],"gold":120,"neow_bonus":"THREE_ENEMY_KILL","is_daily":false,"chose_seed":false,"campfire_upgraded":2,"win_rate":0.0,"timestamp":1612366568,"path_taken":["M","?","?","?","M","E","R","M","T","?","R","M","E","?","R","BOSS"],"items_purchased_type":["Card","Card"],"build_version":"2020-12-22","purchased_purges":0,"victory":false,"max_hp_per_floor":[71,76,76,76,76,76,76,76,76,76,76,76,76,76,76,76,76],"card_choices":[{"not_picked":["Steam","Fusion","Stack"],"picked":"SKIP","floor":1},{"not_picked":["Sunder","Reprogram"],"picked":"Sweeping Beam","floor":5},{"not_picked":["Coolheaded","Stack"],"picked":"BootSequence","floor":6},{"not_picked":["Coolheaded","Steam Power"],"picked":"Barrage","floor":8},{"not_picked":["Sunder","Conserve Battery"],"picked":"Capacitor","floor":10},{"not_picked":["Reinforced Body","Chaos"],"picked":"Self Repair","floor":12},{"not_picked":["Buffer","Gash"],"picked":"Glacier","floor":13}],"player_experience":1016702,"relics_obtained":[{"floor":6,"key":"White Beast Statue"},{"floor":9,"key":"Sundial"},{"floor":13,"key":"Bottled Tornado"}],"event_choices":[{"damage_healed":0,"gold_gain":0,"player_choice":"Donut","damage_taken":0,"max_hp_gain":5,"max_hp_loss":0,"event_name":"Big Fish","floor":2,"gold_loss":0},{"damage_healed":0,"gold_gain":0,"player_choice":"Entered Light","damage_taken":23,"max_hp_gain":0,"max_hp_loss":0,"event_name":"Shining Light","floor":3,"gold_loss":0,"cards_upgraded":["Strike_B","Defend_B"]},{"damage_healed":0,"gold_gain":0,"player_choice":"Fled","damage_taken":0,"max_hp_gain":0,"max_hp_loss":0,"event_name":"Scrap Ooze","floor":14,"gold_loss":0}],"is_beta":false,"boss_relics":[],"items_purged_floors":[],"is_endless":false,"potions_floor_spawned":[6,8,10,12,13],"killed_by":"Hexaghost","ascension_level":20}}