{"host":"ty2cix8xj6r3ad26","time":1612382366,"event":{"mods":["AchievementEnabler","BaseMod","BetterRewards","Minty Spire (QoL Compilation)","Quick Restart","StSLib","SuperFastMode"],"gold_per_floor":[110,185,185,198,214,214,229,229,229,239,239,40,40,55,55,130,130,145,145,157,167,17,51,51,51,77,77,77,92,92,107,107,182,182,199,199,199,210,224,224,243,17,17,42,72,72,106,124,124,124],"floor_reached":51,"language":"ENG","playtime":3051,"items_purged":["Strike_G","Defend_G","Strike_G","Defend_G","Strike_G"],"score":1805,"play_id":"c22e17f2-b88a-45fc-a4a4-8830f1332e86","local_time":"20210203215926","is_ascension_mode":true,"campfire_choices":[{"data":"Footwork","floor":6,"key":"SMITH"},{"data":"Noxious Fumes","floor":8,"key":"SMITH"},{"data":"After Image","floor":11,"key":"SMITH"},{"data":"Thinking Ahead","floor":13,"key":"SMITH"},{"data":"Bane","floor":15,"key":"SMITH"},{"data":"Neutralize","floor":24,"key":"SMITH"},{"data":"Catalyst","floor":27,"key":"SMITH"},{"data":"Crippling Poison","floor":32,"key":"SMITH"},{"data":"Leg Sweep","floor":40,"key":"SMITH"},{"data":"Poisoned Stab","floor":46,"key":"SMITH"},{"data":"Corpse Explosion","floor":49,"key":"SMITH"}],"circlet_count":0,"master_deck":["AscendersBane","Strike_G","Defend_G+1","Defend_G","Neutralize+1","Thinking Ahead+1","Noxious Fumes+1","Catalyst+1","Footwork+1","After Image+1","Poisoned Stab+1","Crippling Poison+1","Escape Plan","Backflip+1","Bane+1","Leg Sweep+1","Catalyst+1","Die Die Die","Backstab+1","Corpse Explosion+1"],"relics":["Ring of the Snake","TheAbacus","Bird Faced Urn","Du-Vu Doll","The Specimen","Prayer Wheel","Sling","Ancient Tea Set","Bronze Scales","Oddly Smooth Stone","War Paint","SlaversCollar","Nloth\u0027s Gift","Pantograph","Philosopher\u0027s Stone","Meat on the Bone","Lizard Tail","FossilizedHelix","Dream Catcher"],"acts_visited":["Exordium","TheCity","TheBeyond"],"potions_floor_usage":[7,29,35,47,48,50],"damage_taken":[{"damage":0,"enemies":"2 Louse","floor":1,"turns":3},{"damage":0,"enemies":"Small Slimes","floor":4,"turns":3},{"damage":0,"enemies":"Jaw Worm","floor":5,"turns":4},{"damage":2,"enemies":"Gremlin Gang","floor":7,"turns":3},{"damage":0,"enemies":"3 Louse","floor":10,"turns":3},{"damage":0,"enemies":"Exordium Wildlife","floor":14,"turns":2},{"damage":0,"enemies":"Hexaghost","floor":16,"turns":7},{"damage":14,"enemies":"Spheric Guardian","floor":18,"turns":6},{"damage":0,"enemies":"Chosen","floor":20,"turns":5},{"damage":8,"enemies":"Snecko","floor":21,"turns":8},{"damage":3,"enemies":"Book of Stabbing","floor":23,"turns":5},{"damage":1,"enemies":"Shelled Parasite and Fungi","floor":29,"turns":4},{"damage":7,"enemies":"Sentry and Sphere","floor":31,"turns":6},{"damage":0,"enemies":"Automaton","floor":33,"turns":7},{"damage":1,"enemies":"3 Darklings","floor":35,"turns":4},{"damage":9,"enemies":"3 Shapes","floor":38,"turns":5},{"damage":2,"enemies":"Transient","floor":39,"turns":5},{"damage":9,"enemies":"Sphere and 2 Shapes","floor":41,"turns":3},{"damage":0,"enemies":"Mind Bloom Boss Battle","floor":44,"turns":6},{"damage":0,"enemies":"Reptomancer","floor":45,"turns":4},{"damage":13,"enemies":"Nemesis","floor":47,"turns":5},{"damage":29,"enemies":"Writhing Mass","floor":48,"turns":4},{"damage":8,"enemies":"Time Eater","floor":50,"turns":4}],"seed_played":"-4737825827204855194","potions_obtained":[{"floor":4,"key":"LiquidMemories"},{"floor":7,"key":"GhostInAJar"},{"floor":14,"key":"SmokeBomb"},{"floor":21,"key":"Weak Potion"},{"floor":41,"key":"SkillPotion"},{"floor":47,"key":"SpeedPotion"},{"floor":48,"key":"DistilledChaos"}],"is_trial":false,"path_per_floor":["M","?","?","M","M","R","M","R","T","M","R","$","R","M","R","B",null,"M","?","M","M","$","E","R","?","T","R","$","M","?","M","R","B",null,"M","?","?","M","M","R","M","$","T","?","E","R","E","M","R","B",null],"character_chosen":"THE_SILENT","items_purchased":["TheAbacus","Bird Faced Urn","Thinking Ahead","Noxious Fumes","The Specimen","Prayer Wheel","Sling","Catalyst","Ancient Tea Set","Footwork","Bronze Scales","Backflip","War Paint","Explosive Potion"],"campfire_rested":0,"item_purchase_floors":[0,0,0,0,0,0,0,0,0,0,0,12,12,42],"current_hp_per_floor":[19,8,1,5,11,11,15,15,15,21,21,21,21,27,27,33,54,46,46,52,50,50,53,53,53,53,53,53,58,58,56,56,61,61,61,61,56,53,57,57,54,54,54,61,61,61,48,37,37,53],"gold":124,"neow_bonus":"","is_daily":false,"chose_seed":false,"campfire_upgraded":11,"win_rate":0.0,"timestamp":1612382366,"path_taken":["M","?","?","M","M","R","M","R","T","M","R","$","R","M","R","BOSS","M","?","?","M","$","E","R","?","T","R","?","M","?","M","R","BOSS","M","?","?","M","M","R","M","$","T","?","E","R","E","M","R","BOSS"],"items_purchased_type":["Relic","Relic","Card","Card","Relic","Relic","Relic","Card","Relic","Card","Relic","Card","Relic","Potion"],"build_version":"2020-12-22","purchased_purges":5,"victory":true,"max_hp_per_floor":[61,61,61,61,61,61,61,61,61,61,61,61,61,61,61,61,61,61,61,61,61,61,61,61,61,61,61,61,61,61,61,61,61,61,61,61,61,61,61,61,61,61,61,61,61,61,61,61,61,61],"card_choices":[{"not_picked":["Well Laid Plans","Distraction","Underhanded Strike"],"picked":"SKIP","floor":1},{"not_picked":["Cloak And Dagger","Prepared","Calculated Gamble"],"picked":"SKIP","floor":1},{"not_picked":["Catalyst","Dodge and Roll"],"picked":"After Image","floor":4},{"not_picked":["Blade Dance","Deflect","Outmaneuver"],"picked":"SKIP","floor":4},{"not_picked":["Choke","Footwork"],"picked":"Poisoned Stab","floor":5},{"not_picked":["Infinite Blades","Slice","Acrobatics"],"picked":"SKIP","floor":5},{"not_picked":["Catalyst","Blade Dance"],"picked":"Crippling Poison","floor":7},{"not_picked":["Sucker Punch","Dodge and Roll"],"picked":"Escape Plan","floor":7},{"not_picked":["Sucker Punch","Blade Dance","Dash"],"picked":"SKIP","floor":10},{"not_picked":["Concentrate","Dagger Throw","Infinite Blades"],"picked":"SKIP","floor":10},{"not_picked":["Crippling Poison","Concentrate"],"picked":"Bane","floor":14},{"not_picked":["Predator","Escape Plan","Cloak And Dagger"],"picked":"SKIP","floor":14},{"not_picked":["Outmaneuver+1","Eviscerate+1","All Out Attack"],"picked":"SKIP","floor":18},{"not_picked":["Prepared","Sucker Punch","Poisoned Stab"],"picked":"SKIP","floor":18},{"not_picked":["Slice+1","Poisoned Stab","Concentrate"],"picked":"SKIP","floor":20},{"not_picked":["Cloak And Dagger","PiercingWail","Accuracy+1"],"picked":"SKIP","floor":20},{"not_picked":["Accuracy","Poisoned Stab"],"picked":"Leg Sweep","floor":21},{"not_picked":["Slice","Deflect","Riddle With Holes"],"picked":"SKIP","floor":21},{"not_picked":["Deadly Poison","Underhanded Strike","Unload"],"picked":"SKIP","floor":23},{"not_picked":["Cloak And Dagger","Prepared","Flechettes"],"picked":"SKIP","floor":29},{"not_picked":["Backflip","Endless Agony","Cloak And Dagger"],"picked":"SKIP","floor":29},{"not_picked":["Deflect","Underhanded Strike"],"picked":"Catalyst+1","floor":31},{"not_picked":["Underhanded Strike","Prepared","Tools of the Trade"],"picked":"SKIP","floor":31},{"not_picked":["Grand Finale","Wraith Form v2"],"picked":"Die Die Die","floor":33},{"not_picked":["Bane","Deflect","Outmaneuver+1"],"picked":"SKIP","floor":35},{"not_picked":["Underhanded Strike+1","Bane","Malaise"],"picked":"SKIP","floor":35},{"not_picked":["Blade Dance","Flying Knee","Escape Plan"],"picked":"SKIP","floor":38},{"not_picked":["Blade Dance+1","Acrobatics+1","Concentrate"],"picked":"SKIP","floor":38},{"not_picked":["Blade Dance+1","Cloak And Dagger"],"picked":"Backstab+1","floor":39},{"not_picked":["Heel Hook","Acrobatics+1","Night Terror"],"picked":"SKIP","floor":39},{"not_picked":["Prepared","Caltrops","Bane"],"picked":"SKIP","floor":41},{"not_picked":["Storm of Steel","Underhanded Strike","Crippling Poison+1"],"picked":"SKIP","floor":41},{"not_picked":["Doppelganger","After Image","Die Die Die"],"picked":"SKIP","floor":45},{"not_picked":["Dodge and Roll","All Out Attack"],"picked":"Corpse Explosion","floor":47},{"not_picked":["Predator","Skewer","Eviscerate"],"picked":"SKIP","floor":48},{"not_picked":["Backflip","Outmaneuver","Underhanded Strike+1"],"picked":"SKIP","floor":48}],"player_experience":538447,"relics_obtained":[{"floor":9,"key":"Oddly Smooth Stone"},{"floor":23,"key":"Pantograph"},{"floor":43,"key":"Meat on the Bone"},{"floor":44,"key":"Lizard Tail"},{"floor":45,"key":"FossilizedHelix"},{"floor":47,"key":"Dream Catcher"}],"event_choices":[{"damage_healed":0,"gold_gain":75,"player_choice":"Gather Gold","damage_taken":11,"max_hp_gain":0,"max_hp_loss":0,"event_name":"World of Goop","floor":2,"gold_loss":0},{"cards_removed":["Strike_G"],"damage_healed":0,"gold_gain":0,"player_choice":"Card Removal","damage_taken":7,"max_hp_gain":0,"max_hp_loss":0,"event_name":"Golden Wing","floor":3,"gold_loss":0},{"damage_healed":0,"gold_gain":0,"player_choice":"Traded Relic","damage_taken":0,"relics_obtained":["Nloth\u0027s Gift"],"max_hp_gain":0,"max_hp_loss":0,"event_name":"N\u0027loth","floor":19,"relics_lost":["Dead Branch"],"gold_loss":0},{"cards_removed":["Defend_G"],"damage_healed":0,"gold_gain":0,"player_choice":"Elegance","damage_taken":0,"max_hp_gain":0,"max_hp_loss":0,"event_name":"Back to Basics","floor":30,"gold_loss":0},{"cards_removed":["Survivor"],"damage_healed":0,"gold_gain":0,"player_choice":"Removed Skill","damage_taken":0,"max_hp_gain":0,"max_hp_loss":0,"event_name":"Falling","floor":36,"gold_loss":0},{"damage_healed":0,"gold_gain":0,"player_choice":"Memory 2","damage_taken":5,"max_hp_gain":0,"max_hp_loss":0,"event_name":"SensoryStone","floor":37,"gold_loss":0},{"damage_healed":0,"gold_gain":0,"player_choice":"Fight","damage_taken":0,"max_hp_gain":0,"max_hp_loss":0,"event_name":"MindBloom","floor":44,"gold_loss":0}],"is_beta":false,"boss_relics":[{"not_picked":["Cursed Key","Ring of the Serpent"],"picked":"SlaversCollar"},{"not_picked":["SacredBark","Velvet Choker"],"picked":"Philosopher\u0027s Stone"}],"items_purged_floors":[0,0,0,22,42],"is_endless":false,"potions_floor_spawned":[4,7,14,21,41,47,48],"ascension_level":15}}