{"host":"dn2xyj3kd3d9cfyb","time":1612356086,"event":{"mods":["BaseMod","Colored Powertips","Downfall","Hubris","Marisa£®ÏF”Í°°ƒß¿Ì…≥£©","Minty Spire (QoL Compilation)","Remilia£®¿Ÿ√◊¿Ú—«£©","Replay The Spire","Shop Mod","StSLib","The Animator","The Construct","The Cursed","The Mystic","Youmu£®ªÍ∆«—˝√Œ£©","Yuri Mod","Yuyuko"],"gold_per_floor":[171,171,171,171,171,171,239,239,139,165,179,207,62,97,107,211,211,11,28,40,52,52,182,182,215,227,227,256,276,276,276,286,393,393,393,408,431,431,440,479,503,503,540,552,644,644,671,686,707,707,707,769,13,13,13,13],"floor_reached":57,"language":"ZHS","playtime":10474,"items_purged":["construct:ShiftStrike","Normality","downfall:Malfunctioning"],"score":1571,"play_id":"d3036f6f-bb3f-4a0a-bf71-ed8bb01925e2","local_time":"20210203204126","is_ascension_mode":true,"campfire_choices":[{"data":"construct:ShieldBurst+1","floor":6.0,"key":"SMITH"},{"floor":9.0,"key":"RECALL"},{"data":"construct:DefenseMode","floor":18.0,"key":"SMITH"},{"data":"construct:DefenseMode+1","floor":27.0,"key":"SMITH"},{"data":"construct:SpinDrive","floor":30.0,"key":"SMITH"},{"data":"construct:SpinDrive+1","floor":35.0,"key":"SMITH"},{"data":"construct:ShiftGuard","floor":42.0,"key":"SMITH"},{"data":"construct:ScopeCore","floor":44.0,"key":"SMITH"},{"data":"construct:Enhance+1","floor":54.0,"key":"SMITH"}],"circlet_count":0,"master_deck":["construct:Strike_Gold","construct:Strike_Gold+1","construct:Strike_Gold+1","construct:Defend_Gold","construct:Defend_Gold","construct:Defend_Gold","construct:Defend_Gold","construct:AttackMode","construct:DefenseMode+2","construct:ShieldBurst+2","Finesse","construct:Analyze","construct:Impenetrable","construct:ScopeCore+1","construct:Impenetrable","construct:Hazardproof+1","construct:Reinforce","construct:ShiftGuard+1","construct:SpinDrive+2","construct:VentSteam+1","construct:ShieldGenerator","construct:SaveState+1","construct:Synchronize+1","construct:ModeShift+1","construct:Enhance+2","construct:Forcefield+1","Pot Of Greed","Pot Of Greed","Pot Of Greed","construct:SuppressiveFire","Secret Weapon","hubris:DuctTapeCard"],"relics":["construct:ClockworkPhoenix","downfall:HeartsMalice","downfall:HeartBlessingBlue","hubris:Potato","Whetstone","hubris:OldNail","Philosopher\u0027s Stone","downfall:HeartBlessingGreen","downfall:HeartBlessingRed","hubris:Icosahedron","hubris:ClockworkCow","hubris:DuctTape","CeramicFish","Dream Catcher","Black Star","Ring of Searing","Ring of Peace","Mango","Blood Vial","hubris:ToyBattleship","MawBank","hubris:GlazedTorus","Lee\u0027s Waffle","Replay:Bottled Steam","Frozen Egg 2","White Beast Statue","Grinning Jar","ReplayTheSpireMod:CursedCoin","ReplayTheSpireMod:Lightbulb","MerchantsRug","Toy Ornithopter"],"acts_visited":["Exordium","TheCity","TheBeyond","TheEnding"],"potions_floor_usage":[],"damage_taken":[{"damage":0.0,"enemies":"Jaw Worm","floor":2.0,"turns":1.0},{"damage":0.0,"enemies":"Small Slimes","floor":3.0,"turns":1.0},{"damage":0.0,"enemies":"Cultist","floor":8.0,"turns":1.0},{"damage":10.0,"enemies":"Lagavulin","floor":10.0,"turns":11.0},{"damage":6.0,"enemies":"Blue Slaver","floor":11.0,"turns":7.0},{"damage":2.0,"enemies":"Replay:BlueRogue","floor":12.0,"turns":3.0},{"damage":0.0,"enemies":"downfall:FleeingMerchant","floor":13.0,"turns":4.0},{"damage":9.0,"enemies":"Lagavulin","floor":14.0,"turns":8.0},{"damage":0.0,"enemies":"3 Louse","floor":15.0,"turns":3.0},{"damage":11.0,"enemies":"WA_ARCHETYPE_RETAIN","floor":16.0,"turns":10.0},{"damage":1.0,"enemies":"Shell Parasite","floor":19.0,"turns":4.0},{"damage":1.0,"enemies":"Spheric Guardian","floor":20.0,"turns":5.0},{"damage":27.0,"enemies":"Snake Plant","floor":21.0,"turns":6.0},{"damage":0.0,"enemies":"Book of Stabbing","floor":23.0,"turns":5.0},{"damage":0.0,"enemies":"Slavers","floor":25.0,"turns":1.0},{"damage":4.0,"enemies":"Sentry and Sphere","floor":26.0,"turns":5.0},{"damage":2.0,"enemies":"Book of Stabbing","floor":28.0,"turns":3.0},{"damage":2.0,"enemies":"Chosen and Byrds","floor":29.0,"turns":2.0},{"damage":15.0,"enemies":"Snake Plant","floor":32.0,"turns":4.0},{"damage":10.0,"enemies":"SI_MIRROR_ARCHETYPE","floor":33.0,"turns":7.0},{"damage":7.0,"enemies":"3 Darklings","floor":36.0,"turns":3.0},{"damage":0.0,"enemies":"3 Shapes","floor":37.0,"turns":3.0},{"damage":35.0,"enemies":"Reptomancer","floor":40.0,"turns":4.0},{"damage":0.0,"enemies":"Giant Head","floor":43.0,"turns":6.0},{"damage":0.0,"enemies":"downfall:FleeingMerchant","floor":45.0,"turns":4.0},{"damage":26.0,"enemies":"Reptomancer","floor":47.0,"turns":6.0},{"damage":0.0,"enemies":"Maw","floor":48.0,"turns":5.0},{"damage":6.0,"enemies":"Sphere and 2 Shapes","floor":49.0,"turns":4.0},{"damage":80.0,"enemies":"IC_BLOCK_ARCHETYPE","floor":50.0,"turns":5.0},{"damage":14.0,"enemies":"downfall:CharBossMerchant","floor":52.0,"turns":6.0},{"damage":10.0,"enemies":"downfall:NeowBoss","floor":55.0,"turns":12.0},{"damage":0,"enemies":"downfall:NeowBossFinal","floor":56,"turns":8}],"seed_played":"4973438473016001036","potions_obtained":[{"floor":10.0,"key":"FearPotion"},{"floor":15.0,"key":"Dexterity Potion"},{"floor":16.0,"key":"Guardian:BlockOnCardUsePotion"},{"floor":20.0,"key":"Fire Potion"},{"floor":31.0,"key":"CultistPotion"},{"floor":33.0,"key":"Explosive Potion"},{"floor":40.0,"key":"Fire Potion"},{"floor":47.0,"key":"Dexterity Potion"}],"is_trial":false,"path_per_floor":["R","M","M","?","?","R","T","M","R","E","M","E","$","E","M","B",null,"R","M","M","M","?","E","T","E","M","R","E","M","R","?","M","B",null,"R","M","M","?","?","E","T","R","E","R","$","?","E","M","M","B",null,"E","$","R","B","B",null],"character_chosen":"THE_CONSTRUCT_MOD","items_purchased":["construct:Hazardproof+1","Lee\u0027s Waffle","ReplayTheSpireMod:CursedCoin","ReplayTheSpireMod:Lightbulb","Fire Potion","MerchantsRug","construct:SuppressiveFire","Toy Ornithopter","SteroidPotion","Secret Weapon"],"campfire_rested":0,"item_purchase_floors":[13,45,53,53,53,53,53,53,53,53],"current_hp_per_floor":[85,85,85,85,85,85,85,85,95,85,79,77,77,68,68,57,95,95,94,93,66,66,66,66,66,62,62,60,58,58,58,43,33,95,95,88,88,88,88,67,67,67,69,69,116,116,90,92,88,10,116,102,102,102,106,108],"gold":13,"neow_bonus":"THREE_ENEMY_KILL","is_daily":false,"chose_seed":false,"campfire_upgraded":8,"win_rate":0.0,"timestamp":1612356086,"path_taken":["R","M","M","?","?","R","T","M","R","E","?","E","$","E","M","BOSS","R","M","M","M","?","E","T","E","M","R","E","M","R","?","M","BOSS","R","M","M","?","?","E","T","R","E","R","$","?","E","?","M","BOSS","E","$","R","BOSS","BOSS"],"items_purchased_type":["Card","Relic","Relic","Relic","Potion","Relic","Card","Relic","Potion","Card"],"build_version":"2020-12-22","purchased_purges":3,"victory":true,"max_hp_per_floor":[85,85,85,85,85,85,85,85,95,95,95,95,95,95,95,95,95,95,95,95,95,95,95,95,95,95,95,95,95,95,95,95,95,95,95,95,95,95,95,109,109,109,109,109,116,116,116,116,116,116,116,116,116,116,116,116],"card_choices":[{"not_picked":["construct:ClusterMines","construct:FocusedBeam"],"picked":"construct:ShiftStrike","floor":2.0},{"not_picked":["construct:Versatility","construct:Accumulate"],"picked":"construct:SweepLaser","floor":3.0},{"not_picked":["construct:Isolate","construct:HammerDown"],"picked":"construct:Analyze","floor":8.0},{"not_picked":["construct:FierceBash","construct:QuickAttack","construct:Disrupt"],"picked":"SKIP","floor":10.0},{"not_picked":["construct:Boost","construct:HeavyBolt"],"picked":"construct:Impenetrable","floor":11.0},{"not_picked":["construct:Overcharge","construct:ModeShift"],"picked":"construct:ScopeCore","floor":12.0},{"not_picked":["construct:QuickAttack","construct:Dampening"],"picked":"construct:Impenetrable","floor":13.0},{"not_picked":["construct:ElectricArmor","construct:Zapper"],"picked":"construct:Reinforce","floor":14.0},{"not_picked":["construct:GoldenBullet","construct:Accumulate"],"picked":"construct:ShiftGuard","floor":15.0},{"not_picked":["construct:MemoryTap","construct:GoldenBullet"],"picked":"construct:SpinDrive","floor":16.0},{"not_picked":["construct:HeavyBolt+1","construct:FocusedBeam","construct:ClusterMines"],"picked":"SKIP","floor":19.0},{"not_picked":["construct:Backup","construct:FlakBarrage"],"picked":"construct:VentSteam+1","floor":20.0},{"not_picked":["construct:Forcefield+1","construct:SuppressiveFire","construct:OneWayMirror"],"picked":"SKIP","floor":21.0},{"not_picked":["construct:Isolate","construct:FierceBash","construct:CriticalHit"],"picked":"SKIP","floor":23.0},{"not_picked":["construct:PowerUp","construct:Anticipate","construct:Reinforce"],"picked":"SKIP","floor":25.0},{"not_picked":["construct:Overcharge","construct:Chainstrike","construct:Backfire+1"],"picked":"SKIP","floor":26.0},{"not_picked":["construct:ElectricArmor","construct:Backfire","construct:OmegaCannon"],"picked":"SKIP","floor":28.0},{"not_picked":["construct:VentSteam+1","construct:Hazardproof","construct:ForceCore+1"],"picked":"SKIP","floor":29.0},{"not_picked":["construct:ScrapCannon+1","construct:Versatility","construct:Stasis"],"picked":"SKIP","floor":32.0},{"not_picked":["construct:HastyRepair","construct:GatlingGun"],"picked":"construct:ShieldGenerator","floor":33.0},{"not_picked":["construct:FlakBarrage+1","construct:Stasis","construct:Chainstrike"],"picked":"SKIP","floor":36.0},{"not_picked":["construct:Reinforce","construct:Forcefield+1"],"picked":"construct:SaveState+1","floor":37.0},{"not_picked":["construct:Forcefield","construct:SuppressiveFire+1"],"picked":"construct:Synchronize+1","floor":40.0},{"not_picked":["construct:Anticipate","construct:ClusterMines+1"],"picked":"construct:ModeShift+1","floor":43.0},{"not_picked":["construct:HyperBeam","construct:FocusedBeam+1"],"picked":"construct:Enhance","floor":45.0},{"not_picked":["construct:OneWayMirror","construct:FierceBash","construct:Accumulate"],"picked":"SKIP","floor":47.0},{"not_picked":["construct:SyphonStrike","construct:FierceBash","construct:Stasis"],"picked":"SKIP","floor":48.0},{"not_picked":["construct:SuppressiveFire+1","construct:Hazardproof"],"picked":"construct:Forcefield+1","floor":49.0},{"not_picked":["construct:SyphonStrike+1","construct:HastyRepair","construct:ChargeShot+1"],"picked":"SKIP","floor":52.0}],"player_experience":587351,"relics_obtained":[{"floor":10.0,"key":"hubris:Potato"},{"floor":12.0,"key":"Whetstone"},{"floor":14.0,"key":"hubris:OldNail"},{"floor":23.0,"key":"hubris:ClockworkCow"},{"floor":24.0,"key":"hubris:DuctTape"},{"floor":25.0,"key":"CeramicFish"},{"floor":28.0,"key":"Dream Catcher"},{"floor":39.0,"key":"Ring of Searing"},{"floor":39.0,"key":"Ring of Peace"},{"floor":40.0,"key":"Mango"},{"floor":40.0,"key":"Blood Vial"},{"floor":41.0,"key":"hubris:ToyBattleship"},{"floor":43.0,"key":"MawBank"},{"floor":43.0,"key":"hubris:GlazedTorus"},{"floor":47.0,"key":"Replay:Bottled Steam"},{"floor":47.0,"key":"Frozen Egg 2"},{"floor":52.0,"key":"White Beast Statue"},{"floor":52.0,"key":"Grinning Jar"}],"event_choices":[{"cards_removed":["construct:Defend_Gold"],"damage_healed":0.0,"max_hp_gain":0.0,"max_hp_loss":0.0,"gold_gain":0.0,"event_name":"Falling","player_choice":"Removed Skill","floor":38.0,"gold_loss":0.0,"damage_taken":0.0}],"is_beta":false,"boss_relics":[{"not_picked":["Replay:Drink Me","Velvet Choker"],"picked":"Philosopher\u0027s Stone"},{"not_picked":["Replay:Wanted Poster","Kintsugi"],"picked":"Black Star"}],"items_purged_floors":[13,45,53],"is_endless":false,"potions_floor_spawned":[10,15,16,20,21,28,29,33,40,47],"ascension_level":1}}