{"host":"6drv1qzpbnls60z2","time":1612361520,"event":{"mods":["ATMod(°¢èªMod)","Act Like it!","Arknights","BaseMod","Hallownest","Jedi Mod","Minty Spire (QoL Compilation)","Replay The Spire","Shop Mod","Spicy Shops","StSLib","The Cursed","Uncapped","¡¾ÒÅÎï¿¨ÅÆ¡¿REMEMod","óô»ðÖ¸ÄÏ"],"gold_per_floor":[116,10,10,25,25,25,25],"floor_reached":6,"language":"ZHS","playtime":360,"items_purged":[],"score":67,"play_id":"8bf10513-23dd-4f38-864a-14caee32e64a","local_time":"20210203221200","daily_mods":["SealedDeck","Flight"],"is_ascension_mode":true,"campfire_choices":[],"circlet_count":0,"master_deck":["AscendersBane","AT_ShadowStep","DeceiveReality","TheCursedMod:TroublousMinions","TheCursedMod:EmpowerCircles","TheCursedMod:CursedAmulet+1","TheCursedMod:CircleOfFlame","TheCursedMod:CircleOfCorruption","TheCursedMod:Stigma","TheCursedMod:CursedBoomerang","TheCursedMod:CursedBlade+1","TheCursedMod:RapidMovement","TheCursedMod:TroublousMinions","TheCursedMod:CircleOfCorruption","TheCursedMod:LuckyCharm","TheCursedMod:WearCloak"],"relics":["TheCursedMod:BlackMagic101","AT_ATBox","REME_ComplimentaryCards","jedi:fakemustache","Spirit Poop"],"acts_visited":["Exordium"],"potions_floor_usage":[],"damage_taken":[{"damage":6,"enemies":"Cultist","floor":1,"turns":3},{"damage":8,"enemies":"Jaw Worm","floor":4,"turns":1},{"damage":46,"enemies":"Gremlin Nob","floor":6,"turns":4}],"seed_played":"429668884474559782","potions_obtained":[{"floor":1,"key":"SteroidPotion"},{"floor":4,"key":"Strength Potion"}],"is_trial":true,"path_per_floor":["M","$","?","M","?","E"],"character_chosen":"THE_CURSED","items_purchased":["TheCursedMod:LuckyCharm","jedi:fakemustache"],"campfire_rested":0,"item_purchase_floors":[2,2],"current_hp_per_floor":[58,68,47,39,39,0,0],"gold":25,"neow_bonus":"","is_daily":false,"chose_seed":false,"campfire_upgraded":0,"win_rate":0.0,"timestamp":1612361520,"path_taken":["M","$","?","M","?","E"],"items_purchased_type":["Card","Relic"],"build_version":"2020-12-22","purchased_purges":0,"victory":false,"max_hp_per_floor":[71,71,71,71,71,71,71],"card_choices":[{"not_picked":["TheCursedMod:VitalStrike","TheCursedMod:CircleOfFlame"],"picked":"TheCursedMod:CircleOfCorruption","floor":1},{"not_picked":["TheCursedMod:FleshFromBone","TheCursedMod:Stigma"],"picked":"TheCursedMod:WearCloak","floor":4}],"player_experience":170189,"relics_obtained":[],"event_choices":[{"damage_healed":0,"gold_gain":0,"player_choice":"Entered Light","damage_taken":21,"max_hp_gain":0,"max_hp_loss":0,"event_name":"Shining Light","floor":3,"gold_loss":0,"cards_upgraded":["TheCursedMod:CursedAmulet","TheCursedMod:CursedBlade"]},{"cards_removed":["Shame"],"damage_healed":0,"gold_gain":0,"player_choice":"Offered Curse","damage_taken":0,"relics_obtained":["Spirit Poop"],"max_hp_gain":0,"max_hp_loss":0,"event_name":"Bonfire Elementals","floor":5,"gold_loss":0}],"is_beta":false,"boss_relics":[],"items_purged_floors":[],"is_endless":true,"potions_floor_spawned":[1,4],"killed_by":"Gremlin Nob","ascension_level":20}}