{"host":"rtw1tnr74gozsrw1","time":1612394048,"event":{"mods":["BaseMod","Colored Map","Colored Powertips","Highlight Path","Infinite Spire","Minty Spire (QoL Compilation)","Replay The Spire","StSLib","The Jungle"],"gold_per_floor":[115,134,59,9,21,50,50,79,151,151,178,178,178,188,188,287,287,287],"floor_reached":17,"language":"ENG","playtime":624,"items_purged":["Strike_B"],"score":179,"play_id":"3400d3ad-c4e5-4d6a-8448-24423a17fe02","local_time":"20210204001408","is_ascension_mode":true,"campfire_choices":[{"data":"Rainbow","floor":7,"key":"SMITH"},{"floor":10,"key":"REST"},{"data":"Zap","floor":12,"key":"SMITH"},{"floor":15,"key":"REST"}],"circlet_count":0,"master_deck":["Strike_B","Defend_B+1","Defend_B+1","Zap+1","Dualcast","Rainbow+1","Ball Lightning","Glacier","Redo","Darkness","Tempest","Mirror Shield"],"relics":["Cracked Core","Shovel","Regal Pillow","Ornamental Fan","Odd Mushroom","Empty Cage"],"acts_visited":["TheCity"],"potions_floor_usage":[6],"damage_taken":[{"damage":4,"enemies":"Jaw Worm","floor":1,"turns":3},{"damage":6,"enemies":"2 Louse","floor":2,"turns":2},{"damage":0,"enemies":"Small Slimes","floor":5,"turns":3},{"damage":7,"enemies":"3 Sentries","floor":6,"turns":7},{"damage":33,"enemies":"Nightmare","floor":8,"turns":12},{"damage":16,"enemies":"The Mushroom Lair","floor":11,"turns":5},{"damage":4,"enemies":"Looter","floor":14,"turns":3},{"damage":42,"enemies":"Hexaghost","floor":16,"turns":12}],"seed_played":"-2176651144669548956","potions_obtained":[{"floor":1,"key":"FocusPotion"},{"floor":2,"key":"Reflective Coating"},{"floor":6,"key":"PowerPotion"}],"is_trial":false,"path_per_floor":["M","M","$","?","M","E","R","NM","T","R","?","R","?","M","R","B",null],"character_chosen":"DEFECT","items_purchased":[],"campfire_rested":2,"item_purchase_floors":[],"current_hp_per_floor":[71,65,65,65,65,58,58,25,25,62,46,46,31,27,64,22,75,75],"gold":287,"neow_bonus":"RANDOM_EVENT","is_daily":false,"chose_seed":false,"campfire_upgraded":2,"win_rate":0.0,"timestamp":1612394048,"path_taken":["M","M","$","?","M","E","R","NM","T","R","?","R","?","?","R","BOSS"],"items_purchased_type":[],"build_version":"2020-12-22","purchased_purges":1,"victory":false,"max_hp_per_floor":[75,75,75,75,75,75,75,75,75,75,75,75,75,75,75,75,75,75],"card_choices":[{"not_picked":["Doom and Gloom","Gash"],"picked":"Ball Lightning","floor":1},{"not_picked":["Undo","Storm"],"picked":"Glacier","floor":2},{"not_picked":["Streamline","Panic Button","Compile Driver"],"picked":"SKIP","floor":5},{"not_picked":["BootSequence","ReplayTheSpireMod:System Scan","Leap"],"picked":"SKIP","floor":6},{"not_picked":["Static Discharge","Barrage"],"picked":"Redo","floor":8},{"not_picked":["Leap","Rebound"],"picked":"Darkness","floor":11},{"not_picked":["Rebound","Panic Button"],"picked":"Tempest","floor":14},{"not_picked":["ReplayTheSpireMod:Fabricate Wheel","Echo Form"],"picked":"Mirror Shield","floor":16}],"player_experience":91241,"relics_obtained":[{"floor":6,"key":"Shovel"},{"floor":8,"key":"Regal Pillow"},{"floor":9,"key":"Ornamental Fan"},{"floor":11,"key":"Odd Mushroom"}],"event_choices":[{"damage_healed":0,"gold_gain":0,"cards_transformed":["Strike_B"],"player_choice":"Change","damage_taken":0,"max_hp_gain":0,"max_hp_loss":0,"event_name":"Living Wall","floor":0,"gold_loss":0,"cards_obtained":["Rainbow"]},{"cards_removed":["Defend_B"],"damage_healed":0,"gold_gain":0,"player_choice":"Card Removal","damage_taken":0,"max_hp_gain":0,"max_hp_loss":0,"event_name":"The Cleric","floor":4,"gold_loss":50},{"damage_healed":0,"gold_gain":0,"player_choice":"Fought Mushrooms","damage_taken":0,"max_hp_gain":0,"max_hp_loss":0,"event_name":"Mushrooms","floor":11,"gold_loss":0},{"damage_healed":0,"gold_gain":0,"player_choice":"Entered Light","damage_taken":15,"max_hp_gain":0,"max_hp_loss":0,"event_name":"Shining Light","floor":13,"gold_loss":0,"cards_upgraded":["Defend_B","Defend_B"]}],"is_beta":false,"boss_relics":[{"not_picked":["Busted Crown","Cursed Key"],"picked":"Empty Cage"}],"items_purged_floors":[3],"is_endless":false,"potions_floor_spawned":[1,2,6],"ascension_level":2}}