{"host":"8x42s7jbptnlw65q","time":1612383946,"event":{"mods":["AchievementEnabler","BaseMod","Highlight Path","Minty Spire (QoL Compilation)","StSLib"],"gold_per_floor":[134,169,209,209,249,299,173,173,198,198,553,3,3,43,43,168,168,183,248,288,648,688,743,743,443,468,517,517,581,655,729,729,863,863,912,1011,1011,245,269,324,324,342,417,457,457,518,518,573,573,598],"floor_reached":51,"language":"ENG","playtime":3923,"items_purged":["Defend_B","Defend_B","Defend_B"],"score":932,"play_id":"8fc40ff5-5c92-404b-9216-70f77c627a0e","local_time":"20210203152546","daily_mods":["Allstar","Purple Cards","Lethality"],"is_ascension_mode":false,"campfire_choices":[{"data":"Apotheosis","floor":8.0,"key":"SMITH"},{"data":"HandOfGreed","floor":10.0,"key":"SMITH"},{"data":"Buffer","floor":15.0,"key":"SMITH"},{"floor":24.0,"key":"REST"},{"floor":32.0,"key":"REST"},{"floor":41,"key":"REST"},{"floor":49,"key":"REST"}],"circlet_count":0,"master_deck":["Strike_B","Strike_B","Strike_B","Strike_B","Dualcast","Bandage Up","Apotheosis+1","Secret Weapon","Secret Technique","HandOfGreed+1","Conserve Battery","Ball Lightning","Cold Snap","Core Surge","Crescendo","Sweeping Beam","Meditate","Buffer+1","CarveReality","Blasphemy","Go for the Eyes+1","White Noise","Hologram","Sweeping Beam","Buffer","ClearTheMind","Compile Driver","Double Energy","Wallop","CutThroughFate+1","Echo Form","Hologram+1","Meditate","Buffer+1","Vengeance","Bandage Up","Master of Strategy","Steam Power+1"],"relics":["Cracked Core","Ornamental Fan","Omamori","Old Coin","Nunchaku","Pocketwatch","Nuclear Battery","Boot","Lantern","Orrery","CeramicFish","Strawberry","Bag of Preparation","Fusion Hammer","DollysMirror","Kunai","Pear","HornCleat","InkBottle","Gambling Chip","Question Card"],"acts_visited":["Exordium","TheCity","TheBeyond"],"potions_floor_usage":[40,50],"damage_taken":[{"damage":0.0,"enemies":"Cultist","floor":1.0,"turns":2.0},{"damage":4.0,"enemies":"2 Louse","floor":2.0,"turns":2.0},{"damage":7.0,"enemies":"Jaw Worm","floor":3.0,"turns":3.0},{"damage":0.0,"enemies":"Large Slime","floor":5.0,"turns":5.0},{"damage":0.0,"enemies":"Gremlin Nob","floor":6.0,"turns":2.0},{"damage":12.0,"enemies":"3 Sentries","floor":11.0,"turns":3.0},{"damage":3.0,"enemies":"Red Slaver","floor":14.0,"turns":3.0},{"damage":18.0,"enemies":"The Guardian","floor":16.0,"turns":5.0},{"damage":0.0,"enemies":"Spheric Guardian","floor":18.0,"turns":2.0},{"damage":2.0,"enemies":"2 Thieves","floor":19.0,"turns":3.0},{"damage":0.0,"enemies":"Sentry and Sphere","floor":20.0,"turns":2.0},{"damage":9.0,"enemies":"Cultist and Chosen","floor":22.0,"turns":4.0},{"damage":1.0,"enemies":"Book of Stabbing","floor":23.0,"turns":2.0},{"damage":24.0,"enemies":"Chosen and Byrds","floor":27.0,"turns":3.0},{"damage":9.0,"enemies":"Gremlin Leader","floor":29.0,"turns":3.0},{"damage":0.0,"enemies":"Sentry and Sphere","floor":30.0,"turns":4.0},{"damage":6.0,"enemies":"Centurion and Healer","floor":31.0,"turns":4.0},{"damage":0.0,"enemies":"Champ","floor":33.0,"turns":5.0},{"damage":0,"enemies":"3 Darklings","floor":35,"turns":3},{"damage":0,"enemies":"3 Shapes","floor":36,"turns":5},{"damage":0,"enemies":"Transient","floor":39,"turns":5},{"damage":40,"enemies":"Nemesis","floor":40,"turns":5},{"damage":0,"enemies":"Spire Growth","floor":44,"turns":2},{"damage":22,"enemies":"2 Orb Walkers","floor":46,"turns":3},{"damage":0,"enemies":"Reptomancer","floor":48,"turns":2},{"damage":0,"enemies":"Time Eater","floor":50,"turns":7}],"seed_played":"4031875728642390749","potions_obtained":[{"floor":2.0,"key":"SkillPotion"},{"floor":5.0,"key":"BlessingOfTheForge"},{"floor":16.0,"key":"BlessingOfTheForge"},{"floor":20.0,"key":"PowerPotion"},{"floor":23.0,"key":"FocusPotion"},{"floor":27.0,"key":"Weak Potion"},{"floor":29.0,"key":"LiquidBronze"},{"floor":35,"key":"EssenceOfDarkness"},{"floor":40,"key":"SkillPotion"},{"floor":44,"key":"PowerPotion"}],"is_trial":false,"path_per_floor":["M","M","M","?","M","E","$","R","T","R","E","$","?","M","R","B",null,"M","M","M","?","M","E","R","$","T","M","T","E","M","M","R","B",null,"M","M","?","$","M","E","R","?","T","M","?","?","?","E","R","B",null],"character_chosen":"DEFECT","items_purchased":["Sweeping Beam","Nunchaku","Pocketwatch","Lantern","Orrery","DollysMirror","Kunai","Pear"],"campfire_rested":4,"item_purchase_floors":[7,12,12,25,25,38,38,38],"current_hp_per_floor":[75,71,70,70,75,75,75,75,75,75,63,63,63,66,66,54,75,75,73,73,37,32,31,53,53,53,33,40,37,43,41,65,71,82,82,82,82,92,92,58,85,75,75,87,87,71,71,83,87,87],"gold":598,"neow_bonus":"","is_daily":true,"chose_seed":false,"campfire_upgraded":3,"win_rate":0.0,"timestamp":1612383946,"path_taken":["M","M","?","?","M","E","?","R","T","R","E","$","?","M","R","BOSS","M","M","M","?","?","E","R","$","T","M","?","E","M","M","R","BOSS","M","M","?","$","M","E","R","?","T","?","?","?","?","E","R","BOSS"],"items_purchased_type":["Card","Relic","Relic","Relic","Relic","Relic","Relic","Relic"],"build_version":"2020-12-22","purchased_purges":3,"victory":true,"max_hp_per_floor":[75,75,75,75,75,75,75,75,75,75,75,75,75,75,75,75,75,75,75,75,75,75,75,75,75,75,75,82,82,82,82,82,82,82,82,82,82,92,92,92,92,92,92,92,87,87,87,87,87,87],"card_choices":[{"not_picked":["Coolheaded","Stack"],"picked":"Conserve Battery","floor":1.0},{"not_picked":["ClearTheMind","Swivel"],"picked":"Ball Lightning","floor":2.0},{"not_picked":["Lockon","Coolheaded"],"picked":"Cold Snap","floor":3.0},{"not_picked":["Halt","Double Energy"],"picked":"Crescendo","floor":5.0},{"not_picked":["Sanctity","Devotion","Defragment"],"picked":"SKIP","floor":6.0},{"not_picked":["Consume","Aggregate"],"picked":"Meditate","floor":11.0},{"not_picked":["Perseverance","CutThroughFate"],"picked":"CarveReality","floor":14.0},{"not_picked":["Rainbow","Creative AI"],"picked":"Blasphemy","floor":16.0},{"not_picked":["SashWhip","Steam+1"],"picked":"Go for the Eyes+1","floor":18.0},{"not_picked":["Beam Cell+1","Conserve Battery"],"picked":"White Noise","floor":19.0},{"not_picked":["CutThroughFate","Coolheaded"],"picked":"Hologram","floor":20.0},{"not_picked":["Nirvana+1","Brilliance"],"picked":"Sweeping Beam","floor":22.0},{"not_picked":["Rebound","Leap+1"],"picked":"Buffer","floor":23.0},{"not_picked":["Rebound","Worship"],"picked":"Auto Shields","floor":25.0},{"not_picked":["BowlingBash","Vengeance+1"],"picked":"ClearTheMind","floor":25.0},{"not_picked":["Cold Snap","CrushJoints"],"picked":"Compile Driver","floor":27.0},{"not_picked":["BootSequence+1","Worship"],"picked":"Double Energy","floor":29.0},{"not_picked":["Weave+1","Rip and Tear+1"],"picked":"Wallop","floor":30.0},{"not_picked":["Swivel","Rebound"],"picked":"CutThroughFate+1","floor":31.0},{"not_picked":["DeusExMachina","Biased Cognition"],"picked":"Echo Form","floor":33.0},{"not_picked":["EmptyBody+1","Redo+1"],"picked":"Hologram+1","floor":35},{"not_picked":["Crescendo","Protect+1"],"picked":"Meditate","floor":36},{"not_picked":["Beam Cell+1","Prostrate+1"],"picked":"Vengeance","floor":39},{"not_picked":["BattleHymn","Sweeping Beam","CrushJoints"],"picked":"SKIP","floor":40},{"not_picked":["Discovery","Finesse"],"picked":"Bandage Up","floor":42},{"not_picked":["Blind","Bandage Up"],"picked":"Master of Strategy","floor":42},{"not_picked":["Sweeping Beam","FlurryOfBlows","FlyingSleeves+1"],"picked":"SKIP","floor":44},{"not_picked":["Steam+1","Electrodynamics"],"picked":"Steam Power+1","floor":46},{"not_picked":["FTL","Halt","Redo+1"],"picked":"SKIP","floor":48}],"player_experience":6184,"relics_obtained":[{"floor":6.0,"key":"Ornamental Fan"},{"floor":9.0,"key":"Omamori"},{"floor":11.0,"key":"Old Coin"},{"floor":23.0,"key":"Boot"},{"floor":26.0,"key":"CeramicFish"},{"floor":28.0,"key":"Strawberry"},{"floor":29.0,"key":"Bag of Preparation"},{"floor":40,"key":"HornCleat"},{"floor":43,"key":"InkBottle"},{"floor":46,"key":"Gambling Chip"},{"floor":48,"key":"Question Card"}],"event_choices":[{"damage_healed":0.0,"max_hp_gain":0.0,"max_hp_loss":0.0,"gold_gain":0.0,"cards_transformed":["Zap"],"event_name":"Living Wall","player_choice":"Change","floor":4.0,"gold_loss":0.0,"damage_taken":0.0,"cards_obtained":["Core Surge"]},{"damage_healed":0.0,"max_hp_gain":0.0,"max_hp_loss":0.0,"gold_gain":0.0,"cards_transformed":["Defend_B"],"event_name":"Transmorgrifier","player_choice":"Transformed","floor":13.0,"gold_loss":0.0,"damage_taken":0.0,"cards_obtained":["Buffer"]},{"damage_healed":0.0,"max_hp_gain":0.0,"max_hp_loss":0.0,"gold_gain":360.0,"event_name":"Knowing Skull","player_choice":"GOLD GOLD GOLD GOLD ","floor":21.0,"potions_obtained":[],"gold_loss":0.0,"damage_taken":36.0,"cards_obtained":[]},{"cards_removed":["Auto Shields"],"damage_healed":0,"gold_gain":0,"player_choice":"Removed Skill","damage_taken":0,"max_hp_gain":0,"max_hp_loss":0,"event_name":"Falling","floor":37,"gold_loss":0},{"damage_healed":0,"gold_gain":0,"player_choice":"Memory 3","damage_taken":10,"max_hp_gain":0,"max_hp_loss":0,"event_name":"SensoryStone","floor":42,"gold_loss":0},{"damage_healed":0,"gold_gain":0,"player_choice":"Max HP","damage_taken":0,"max_hp_gain":0,"max_hp_loss":5,"event_name":"Winding Halls","floor":45,"gold_loss":0},{"damage_healed":0,"gold_gain":0,"player_choice":"Fight","damage_taken":0,"max_hp_gain":0,"max_hp_loss":0,"event_name":"Mysterious Sphere","floor":46,"gold_loss":0},{"damage_healed":0,"gold_gain":0,"player_choice":"Ignored","damage_taken":0,"max_hp_gain":0,"max_hp_loss":0,"event_name":"Tomb of Lord Red Mask","floor":47,"gold_loss":0}],"is_beta":false,"boss_relics":[{"not_picked":["Busted Crown","Snecko Eye"],"picked":"Nuclear Battery"},{"not_picked":["SacredBark","Runic Pyramid"],"picked":"Fusion Hammer"}],"items_purged_floors":[7,12,38],"is_endless":false,"potions_floor_spawned":[2,5,16,20,23,27,29,35,40,44,46],"ascension_level":0}}