{"host":"rv8qrr1d2i1l2m12","time":1612317422,"event":{"mods":["BaseMod","Colored Map","Minty Spire (QoL Compilation)","StSLib"],"gold_per_floor":[111,123,123,14,38,38,313,313,313,331,350,350,350,370,370,495,495,513,283,254,274,41,41,54,54,129,129,129,129],"floor_reached":28,"language":"ENG","playtime":2228,"items_purged":[],"score":326,"play_id":"ee860dea-0a7e-445e-8192-3189a6f1b304","local_time":"20210202205702","is_ascension_mode":true,"campfire_choices":[{"data":"Neutralize","floor":6.0,"key":"SMITH"},{"data":"Blur","floor":8.0,"key":"SMITH"},{"floor":15.0,"key":"REST"},{"floor":23,"key":"REST"},{"floor":25,"key":"REST"}],"circlet_count":0,"master_deck":["AscendersBane","Strike_G","Strike_G","Strike_G","Strike_G","Strike_G","Defend_G","Defend_G","Defend_G","Defend_G","Defend_G","Survivor","Neutralize+1","Unload","Infinite Blades","Leg Sweep","Heel Hook","Blur+1","Heel Hook","Caltrops","Terror","Envenom","Slice","Infinite Blades","Sucker Punch","Poisoned Stab","Bouncing Flask+1","Accuracy","Bane","Sucker Punch"],"relics":["Ring of the Snake","Golden Idol","White Beast Statue","HoveringKite","Strange Spoon","Eternal Feather"],"acts_visited":["Exordium","TheCity"],"potions_floor_usage":[18,19,21,21,24,28],"damage_taken":[{"damage":0.0,"enemies":"Jaw Worm","floor":1.0,"turns":4.0},{"damage":2.0,"enemies":"2 Louse","floor":2.0,"turns":3.0},{"damage":0.0,"enemies":"Cultist","floor":5.0,"turns":4.0},{"damage":27.0,"enemies":"Large Slime","floor":10.0,"turns":9.0},{"damage":5.0,"enemies":"2 Fungi Beasts","floor":11.0,"turns":6.0},{"damage":12.0,"enemies":"Lots of Slimes","floor":14.0,"turns":4.0},{"damage":24.0,"enemies":"Hexaghost","floor":16.0,"turns":9.0},{"damage":9,"enemies":"Shell Parasite","floor":18,"turns":7},{"damage":25,"enemies":"2 Thieves","floor":20,"turns":5},{"damage":4,"enemies":"Centurion and Healer","floor":21,"turns":8},{"damage":20,"enemies":"Snake Plant","floor":24,"turns":5},{"damage":9,"enemies":"Gremlin Leader","floor":28,"turns":3}],"seed_played":"-8289169964205032146","potions_obtained":[{"floor":10.0,"key":"PowerPotion"},{"floor":11.0,"key":"PowerPotion"},{"floor":14.0,"key":"AttackPotion"},{"floor":16.0,"key":"EssenceOfSteel"},{"floor":18,"key":"BlessingOfTheForge"},{"floor":20,"key":"ColorlessPotion"},{"floor":21,"key":"Block Potion"},{"floor":24,"key":"EssenceOfSteel"}],"is_trial":false,"path_per_floor":["M","M","?","$","M","R","?","R","T","M","M","?","?","M","R","B",null,"M","$","M","M","$","R","M","R","T","?","E"],"character_chosen":"THE_SILENT","items_purchased":["Heel Hook","Blur","Fruit Juice","Infinite Blades","Sucker Punch","Accuracy","Bane","Strange Spoon"],"campfire_rested":3,"item_purchase_floors":[4,4,19,19,19,22,22,22],"current_hp_per_floor":[63,61,61,61,61,61,61,61,61,34,29,29,29,17,38,14,56,47,52,27,23,23,45,25,47,47,47,38,38],"gold":129,"neow_bonus":"ONE_RANDOM_RARE_CARD","is_daily":false,"chose_seed":false,"campfire_upgraded":2,"win_rate":0.0,"timestamp":1612317422,"path_taken":["M","M","?","$","M","R","?","R","T","M","?","?","?","M","R","BOSS","M","$","M","M","?","R","M","R","T","?","E"],"items_purchased_type":["Card","Card","Potion","Card","Card","Card","Card","Relic"],"build_version":"2020-12-22","purchased_purges":0,"victory":false,"max_hp_per_floor":[70,70,70,70,70,70,70,70,70,70,70,70,70,70,70,70,70,70,75,75,75,75,75,75,75,75,75,75,75],"card_choices":[{"not_picked":["Slice","Deflect"],"picked":"Infinite Blades","floor":1.0},{"not_picked":["Poisoned Stab","Endless Agony"],"picked":"Leg Sweep","floor":2.0},{"not_picked":["Slice","Dagger Spray"],"picked":"Heel Hook","floor":5.0},{"not_picked":["Dagger Throw","Outmaneuver"],"picked":"Caltrops","floor":10.0},{"not_picked":["Outmaneuver","Tactician","Slice"],"picked":"SKIP","floor":11.0},{"not_picked":["Prepared","PiercingWail"],"picked":"Terror","floor":14.0},{"not_picked":["Night Terror","Burst"],"picked":"Envenom","floor":16.0},{"not_picked":["Eviscerate+1","Dagger Throw"],"picked":"Slice","floor":18},{"not_picked":["PiercingWail","Setup"],"picked":"Poisoned Stab","floor":20},{"not_picked":["Underhanded Strike","Dagger Throw"],"picked":"Bouncing Flask+1","floor":21},{"not_picked":["Eviscerate","Backflip"],"picked":"Sucker Punch","floor":24}],"player_experience":582992,"relics_obtained":[{"floor":9.0,"key":"White Beast Statue"},{"floor":26,"key":"Eternal Feather"}],"event_choices":[{"damage_healed":0.0,"max_hp_gain":0.0,"max_hp_loss":0.0,"gold_gain":0.0,"event_name":"Golden Idol","player_choice":"Take Wound","floor":3.0,"gold_loss":0.0,"damage_taken":0.0,"relics_obtained":["Golden Idol"],"cards_obtained":["Injury"]},{"damage_healed":0.0,"max_hp_gain":0.0,"max_hp_loss":0.0,"gold_gain":275.0,"event_name":"Golden Shrine","player_choice":"Desecrate","floor":7.0,"gold_loss":0.0,"damage_taken":0.0,"cards_obtained":["Regret"]},{"damage_healed":0.0,"max_hp_gain":0.0,"max_hp_loss":0.0,"gold_gain":0.0,"event_name":"Shining Light","player_choice":"Ignored","floor":12.0,"gold_loss":0.0,"damage_taken":0.0},{"cards_removed":["Regret","Injury"],"damage_healed":0.0,"max_hp_gain":0.0,"max_hp_loss":0.0,"gold_gain":0.0,"event_name":"Fountain of Cleansing","player_choice":"Removed Curses","floor":13.0,"gold_loss":0.0,"damage_taken":0.0},{"damage_healed":0,"gold_gain":0,"player_choice":"Ignored","damage_taken":0,"max_hp_gain":0,"max_hp_loss":0,"event_name":"Vampires","floor":27,"gold_loss":0}],"is_beta":false,"boss_relics":[{"not_picked":["Sozu","Empty Cage"],"picked":"HoveringKite"}],"items_purged_floors":[],"is_endless":false,"potions_floor_spawned":[10,11,14,16,18,20,21,24],"killed_by":"Gremlin Leader","ascension_level":11}}