{"host":"g1wmg2w41xhsnw8g","time":1612332316,"event":{"mods":["2.2 Compatiblity","Act Like it!","Aspiration","BaseMod","Better Altar","Better Match","Better Note","Better Sensory Stone","Better Skull","Better Third Choice","BetterRewards","Booster Modes","CapriCore","Colored Map","Colored Powertips","Defuse TimeMaze Blight","Displayed Cursed Tome","Fox Events","Friendly Minions","GifTheSpireLib","Good Game Mod","Googly Eyes","Hubris","Infinite Spire","Ironclad Rager","Jedi Mod","Minty Spire (QoL Compilation)","Monster B Gone","Red Circlet Mod","Relic Filter Mod","Relic Sorter","Reliquary","Replay The Spire","SCP261 Mod","Shop Mod","Small Relic Pack","Spicy Shops","Spikes Relics","StSLib","Strawberry Spire","Stuff the Spire","The Runesmith","The Sage","Trackpad","Transform Curses","Wandering Minibosses","Weighted Paths","????"],"gold_per_floor":[19,19,19,38,142,172,172,187,187,200,234,247,23,40,40,145,145,160,179,197,213,213,238,68,68,150,82,98,114,114,146,146,251,251,267,267,282,332,351,385,385,412,412,412,445,425,58,85,85,182,182,195,245,85,95,108,230,238,249,249,271,221,221,222,236,159,241,241,250,251,251,252,252,218,218],"floor_reached":74,"language":"ENG","playtime":5742,"items_purged":[],"score":1492,"play_id":"88048173-ce60-44e1-a5e7-e7cd340cdaa4","local_time":"20210203010516","is_ascension_mode":true,"campfire_choices":[{"data":"StuffTheSpire:Coldhearted","floor":15.0,"key":"SMITH"},{"floor":25,"key":"REST"},{"data":"BasicCrystalCard","floor":30,"key":"SMITH"},{"data":"Double Energy","floor":32,"key":"SMITH"},{"floor":44,"key":"REST"},{"data":"Storm","floor":49,"key":"SMITH"},{"data":"ReplayRNGCard","floor":63,"key":"SMITH"}],"circlet_count":0,"master_deck":["Ball Lightning+1","Cold Snap","Leap","relicPack:TruthCard","Double Tap","Impervious","jedi:BurstLightning+1","Static Discharge+1","Conserve Battery","Seek+1","Doom and Gloom","StuffTheSpire:ForEach+1","Redo","Meteor Strike+1","Genetic Algorithm","Double Energy+1","Feed+1","Static Discharge","hubris:DuctTapeCard","jedi:reiji","BasicCrystalCard+1","Loop","ReplayRNGCard+1","Ball Lightning+1","wanderingMiniBosses:FinaleOfPromise","Barrage","Creative AI","Rainbow+1","StuffTheSpire:Synthwave+1","Storm+1","jedi:darknesscall","CurseOfTheBell","ICR:FrostFall","infinitespire:Collect","infinitespire:UltimateForm","RefreshScreen","ICR:ChainLightning","Lockon","infinitespire:NeuralNetwork","aspiration:Polymerization+1"],"relics":["Cracked Core","REME:ComplimentaryCards","relicPack:EdsArm","Anchor","infinitespire:Bottled Soul","MerchantsRug","AncientExoskeleton","hubris:TinFlute","BargainBundle","strawberrySpire:AztechBall","hubris:DuctTape","reliquary:Firecrackers","wanderingMiniBosses:Blackblade","ZombieTooth","aspiration:HummingbirdHeart","Ring of Misfortune","ReplayTheSpireMod:Ring of Collecting","ReplayTheSpireMod:Ring of Challenge","SpikesRelics:DaevaFist","trackpad:AdjectivePendant","Guide Book","reliquary:TridentHead","Calling Bell","reliquary:Stiletto","sagemod:Flying_Carpet","hubris:Zylophone","trackpad:BiPhaseBiplane","aspiration:ChemicalBlood","StuffTheSpire:Saxophone","Lantern","strawberrySpire:StillNotAdequateHouse","reliquary:SilkGlove","Ginger","strawberrySpire:ElectricRodnt","Cauldron","hubris:TerracottaHorce","hubris:Towel"],"acts_visited":["Exordium","TheCity","TheBeyond","Exordium","TheCity"],"potions_floor_usage":[19,20,28,29,33,40,42,48,48,55,61,64,65,67,67,67,67,67,67,67,74,74,74],"damage_taken":[{"damage":0.0,"enemies":"Small Slimes","floor":1.0,"turns":2.0},{"damage":1.0,"enemies":"2 Louse","floor":4.0,"turns":2.0},{"damage":18.0,"enemies":"strawberrySpire:EnergyPylons","floor":6.0,"turns":5.0},{"damage":1.0,"enemies":"Cultist","floor":8.0,"turns":2.0},{"damage":1.0,"enemies":"Large Slime","floor":10.0,"turns":3.0},{"damage":1.0,"enemies":"3 Sentries","floor":11.0,"turns":4.0},{"damage":1.0,"enemies":"3 Louse","floor":12.0,"turns":2.0},{"damage":0.0,"enemies":"Gremlin Gang","floor":14.0,"turns":3.0},{"damage":2.0,"enemies":"Slime Boss","floor":16.0,"turns":8.0},{"damage":1,"enemies":"Shell Parasite","floor":18,"turns":3},{"damage":1,"enemies":"3 Byrds","floor":19,"turns":4},{"damage":24,"enemies":"Snecko","floor":20,"turns":6},{"damage":9,"enemies":"Centurion and Healer","floor":21,"turns":5},{"damage":22,"enemies":"Nightmare","floor":23,"turns":6},{"damage":13,"enemies":"Shelled Parasite and Fungi","floor":28,"turns":5},{"damage":12,"enemies":"Snake Plant","floor":29,"turns":2},{"damage":0,"enemies":"Replay:Snechameleon","floor":31,"turns":7},{"damage":16,"enemies":"Automaton","floor":33,"turns":10},{"damage":6,"enemies":"Orb Walker","floor":35,"turns":3},{"damage":0,"enemies":"3 Shapes","floor":37,"turns":4},{"damage":0,"enemies":"Mind Bloom Boss Battle","floor":38,"turns":6},{"damage":25,"enemies":"Transient","floor":39,"turns":5},{"damage":23,"enemies":"R_Hoarder","floor":40,"turns":7},{"damage":6,"enemies":"Giant Head","floor":42,"turns":8},{"damage":5,"enemies":"Reptomancer","floor":45,"turns":6},{"damage":6,"enemies":"Nightmare","floor":48,"turns":4},{"damage":53,"enemies":"Time Eater","floor":50,"turns":9},{"damage":0,"enemies":"Cultist","floor":52,"turns":2},{"damage":0,"enemies":"2 Louse","floor":55,"turns":1},{"damage":0,"enemies":"Jaw Worm","floor":56,"turns":2},{"damage":0,"enemies":"Nightmare_Alpha","floor":57,"turns":1},{"damage":1,"enemies":"Blue Slaver","floor":58,"turns":3},{"damage":1,"enemies":"3 Louse","floor":59,"turns":2},{"damage":0,"enemies":"Gremlin Nob","floor":61,"turns":2},{"damage":0,"enemies":"Exordium Wildlife","floor":64,"turns":2},{"damage":33,"enemies":"Lagavulin","floor":65,"turns":3},{"damage":0,"enemies":"Hexaghost","floor":67,"turns":3},{"damage":0,"enemies":"3 Byrds","floor":69,"turns":2},{"damage":0,"enemies":"Chosen","floor":70,"turns":3},{"damage":1,"enemies":"Centurion and Healer","floor":72,"turns":3},{"damage":104,"enemies":"Nightmare_Alpha","floor":74,"turns":6}],"seed_played":"-2440235277516094170","potions_obtained":[{"floor":4.0,"key":"FairyPotion"},{"floor":8.0,"key":"Explosive Potion"},{"floor":10.0,"key":"SkillPotion"},{"floor":14.0,"key":"Languid Potion"},{"floor":19,"key":"DistilledChaos"},{"floor":23,"key":"SpeedPotion"},{"floor":28,"key":"Explosive Potion"},{"floor":31,"key":"SCP261:GirlTearsPotion"},{"floor":37,"key":"Doom Potion"},{"floor":40,"key":"ColorlessPotion"},{"floor":45,"key":"Fire Potion"},{"floor":46,"key":"BlessingOfTheForge"},{"floor":48,"key":"Death Potion"},{"floor":52,"key":"Strength Potion"},{"floor":53,"key":"Reflective Coating"},{"floor":57,"key":"SCP261:DewritoBlazePotion"},{"floor":61,"key":"Explosive Potion"},{"floor":65,"key":"SCP261:EnergyGasPotion"},{"floor":66,"key":"EntropicBrew"}],"is_trial":false,"path_per_floor":["M","?","?","M","?","E","?","M","T","M","E","M","$","M","R","B",null,"M","M","M","M","?","NM","$","R","T","$","M","M","R","E","R","B",null,"M","AVR","M","?","M","E","?","E","T","R","E","?","R","NM","R","B",null,"M","AVR","$","M","M","NM","M","M","T","E","?","R","M","E","R","B",null,"M","M","?","M","?","NM"],"character_chosen":"DEFECT","items_purchased":["MerchantsRug","Lee\u0027s Waffle","BargainBundle","strawberrySpire:AztechBall","BlessingOfTheForge","Regen Potion","Energy Potion","Static Discharge","jedi:reiji","Guide Book","reliquary:TridentHead","aspiration:ChemicalBlood","StuffTheSpire:Saxophone","Lantern","Cauldron"],"campfire_rested":2,"item_purchase_floors":[13,13,24,24,24,24,24,24,27,47,47,54,54,54,66],"current_hp_per_floor":[50,50,50,49,34,16,22,21,21,20,19,18,70,70,70,68,70,69,68,44,35,35,17,17,39,39,39,40,28,28,28,28,12,74,68,68,68,68,43,20,20,18,18,41,36,36,36,37,37,52,85,85,90,90,94,94,100,99,102,102,102,102,102,102,69,69,69,95,95,95,95,94,94,0,0],"gold":218,"neow_bonus":"DEFECT_STORMLORD","is_daily":false,"chose_seed":false,"campfire_upgraded":5,"win_rate":0.0,"timestamp":1612332316,"path_taken":["M","?","?","?","?","E","?","M","T","?","E","M","$","M","R","BOSS","M","?","M","M","?","NM","$","R","T","$","M","?","R","E","R","BOSS","M","AVR","M","?","M","E","?","E","T","R","E","?","R","NM","R","BOSS","M","AVR","?","M","M","NM","M","M","T","E","?","R","M","E","R","BOSS","M","M","?","M","?","NM"],"items_purchased_type":["Relic","Relic","Relic","Relic","Potion","Potion","Potion","Card","Card","Relic","Relic","Relic","Relic","Relic","Relic"],"build_version":"2020-12-22","purchased_purges":0,"victory":false,"max_hp_per_floor":[68,63,63,63,63,63,63,63,63,63,63,63,70,70,70,70,70,70,70,70,70,70,74,74,74,74,74,74,74,74,74,74,74,74,74,74,74,74,74,74,74,78,78,78,78,78,78,85,85,85,85,85,90,90,94,94,100,100,104,104,104,104,104,104,104,104,104,104,104,104,104,104,104,104,104],"card_choices":[{"not_picked":["StuffTheSpire:LoadUp","Barrage","Steam"],"picked":"SKIP","floor":1.0},{"not_picked":["Sunder","StuffTheSpire:CleanHardDrive","Ball Lightning"],"picked":"SKIP","floor":4.0},{"not_picked":["Sweeping Beam","Gash"],"picked":"jedi:BurstLightning","floor":5.0},{"not_picked":["jedi:blockon","ReplayTheSpireMod:GoodbyeWorld"],"picked":"Static Discharge","floor":5.0},{"not_picked":["jedi:gatheringstorm","Melter"],"picked":"Conserve Battery","floor":5.0},{"not_picked":["Gash","FTL"],"picked":"Seek","floor":6.0},{"not_picked":["jedi:BurstFrost","Barrage","jedi:BurstLightning"],"picked":"SKIP","floor":8.0},{"not_picked":["StuffTheSpire:LoadUp","Rebound","Hologram"],"picked":"SKIP","floor":10.0},{"not_picked":["Redo","Fusion"],"picked":"StuffTheSpire:Coldhearted","floor":11.0},{"not_picked":["Steam","Darkness"],"picked":"Doom and Gloom","floor":12.0},{"not_picked":["Stack","Undo","jedi:sharpshooter"],"picked":"SKIP","floor":14.0},{"not_picked":["Seek","jedi:gatheringstorm"],"picked":"StuffTheSpire:ForEach","floor":16.0},{"not_picked":["Darkness+1","jedi:BurstFrost+1"],"picked":"Redo","floor":18},{"not_picked":["Ball Lightning","Streamline"],"picked":"Meteor Strike","floor":19},{"not_picked":["jedi:overflow","Steam"],"picked":"Genetic Algorithm","floor":20},{"not_picked":["jedi:BurstLightning","Genetic Algorithm"],"picked":"Double Energy","floor":21},{"not_picked":["Rip and Tear+1","jedi:spotbugs","StuffTheSpire:LoadUp"],"picked":"SKIP","floor":23},{"not_picked":["jedi:BurstFrost+1","jedi:BurstLightning+1"],"picked":"BasicCrystalCard","floor":28},{"not_picked":["Conserve Battery+1","Cold Snap","Turbo"],"picked":"SKIP","floor":29},{"not_picked":["Recycle","Ball Lightning"],"picked":"Loop","floor":31},{"not_picked":["hubris:SpecializedCircuitry","StuffTheSpire:ForEach"],"picked":"ReplayRNGCard","floor":33},{"not_picked":["Redo+1","Hologram"],"picked":"Ball Lightning","floor":35},{"not_picked":[],"picked":"wanderingMiniBosses:FinaleOfPromise","floor":37},{"not_picked":["Sweeping Beam","Conserve Battery+1"],"picked":"Barrage","floor":37},{"not_picked":["Streamline","Turbo"],"picked":"Creative AI","floor":39},{"not_picked":["Turbo+1","Scrape"],"picked":"Rainbow","floor":40},{"not_picked":["Redo","Compile Driver+1","FIFO Queue+1"],"picked":"SKIP","floor":42},{"not_picked":["Hologram+1","Rip and Tear+1"],"picked":"StuffTheSpire:Synthwave+1","floor":45},{"not_picked":["StuffTheSpire:ShieldGenerator+1","Steam Power+1"],"picked":"Storm","floor":48},{"not_picked":["jedi:studyfrost","jedi:BurstDark"],"picked":"jedi:darknesscall","floor":50},{"not_picked":["Hologram","Leap"],"picked":"ICR:FrostFall","floor":52},{"not_picked":["Reprogram","Hologram"],"picked":"RefreshScreen","floor":55},{"not_picked":["Beam Cell","Defragment"],"picked":"ICR:ChainLightning","floor":56},{"not_picked":["Sweeping Beam","Capacitor"],"picked":"Lockon","floor":57},{"not_picked":["Defragment","Leap","Heatsinks"],"picked":"SKIP","floor":58},{"not_picked":["StuffTheSpire:Synthwave","Chill","Conserve Battery"],"picked":"SKIP","floor":59},{"not_picked":["Go for the Eyes","ReplaySolidLightProjector","ReplayGash"],"picked":"SKIP","floor":61},{"not_picked":["Glacier","Beam Cell","jedi:BurstFrost"],"picked":"SKIP","floor":64},{"not_picked":["jedi:blockon","Streamline","Gash"],"picked":"SKIP","floor":65},{"not_picked":["infinitespire:UltimateForm","hubris:InfiniteBlow+2496"],"picked":"infinitespire:NeuralNetwork","floor":68},{"not_picked":["Beam Cell+1","Steam"],"picked":"aspiration:Polymerization+1","floor":69},{"not_picked":["ReplayTheSpireMod:Reroute Power+1","Gash","BasicCrystalCard"],"picked":"SKIP","floor":70},{"not_picked":["Hologram","Rip and Tear","ReplayTheSpireMod:Repulse"],"picked":"SKIP","floor":72}],"player_experience":1010272,"relics_obtained":[{"floor":6.0,"key":"Anchor"},{"floor":9.0,"key":"infinitespire:Bottled Soul"},{"floor":11.0,"key":"Bronze Scales"},{"floor":23,"key":"hubris:TinFlute"},{"floor":26,"key":"hubris:DuctTape"},{"floor":31,"key":"reliquary:Firecrackers"},{"floor":37,"key":"wanderingMiniBosses:Blackblade"},{"floor":38,"key":"ZombieTooth"},{"floor":40,"key":"aspiration:HummingbirdHeart"},{"floor":41,"key":"Ring of Misfortune"},{"floor":41,"key":"ReplayTheSpireMod:Ring of Collecting"},{"floor":42,"key":"Lizard Tail"},{"floor":43,"key":"ReplayTheSpireMod:Ring of Challenge"},{"floor":43,"key":"SpikesRelics:DaevaFist"},{"floor":45,"key":"trackpad:AdjectivePendant"},{"floor":48,"key":"Strawberry"},{"floor":51,"key":"reliquary:Stiletto"},{"floor":51,"key":"aspiration:Nostalgia"},{"floor":51,"key":"hubris:Zylophone"},{"floor":57,"key":"strawberrySpire:StillNotAdequateHouse"},{"floor":60,"key":"reliquary:SilkGlove"},{"floor":61,"key":"Ginger"},{"floor":65,"key":"strawberrySpire:ElectricRodnt"}],"event_choices":[{"damage_healed":0.0,"max_hp_gain":0.0,"max_hp_loss":0.0,"gold_gain":0.0,"event_name":"Accursed Blacksmith","player_choice":"Forge","floor":3.0,"gold_loss":0.0,"damage_taken":0.0,"cards_upgraded":["Zap"]},{"cards_removed":["Meteor Strike"],"damage_healed":0,"gold_gain":0,"player_choice":"Take \u0026 Give","damage_taken":0,"max_hp_gain":0,"max_hp_loss":0,"event_name":"betterNote:BetterNote","floor":22,"gold_loss":0,"cards_obtained":["Feed"]},{"damage_healed":0,"gold_gain":0,"player_choice":"Fight","damage_taken":0,"max_hp_gain":0,"max_hp_loss":0,"event_name":"MindBloom","floor":38,"gold_loss":0},{"damage_healed":0,"gold_gain":0,"player_choice":"Bought 1 Potion","damage_taken":0,"max_hp_gain":0,"max_hp_loss":0,"event_name":"The Woman in Blue","floor":46,"gold_loss":0},{"cards_removed":["Ball Lightning"],"damage_healed":0,"gold_gain":0,"player_choice":"Card Removal","damage_taken":0,"max_hp_gain":0,"max_hp_loss":0,"event_name":"The Cleric","floor":62,"gold_loss":50}],"is_beta":false,"boss_relics":[{"not_picked":["trackpad:StolenKidneys","Replay:Bronze Core"],"picked":"AncientExoskeleton"},{"not_picked":["SacredBark","Replay:Wanted Poster"],"picked":"Empty Cage"},{"not_picked":["aspiration:SilentSkillbook","Abe\u0027s Treasure"],"picked":"Calling Bell"},{"not_picked":["Coffee Dripper","Cursed Key"],"picked":"hubris:TerracottaHorce"}],"items_purged_floors":[],"is_endless":true,"potions_floor_spawned":[4,8,10,14,19,23,28,31,37,40,45,48,52,57,61,65],"killed_by":"Nightmare_Alpha","ascension_level":1}}