{"host":"3498uni0c31c9bdm","time":1612374630,"event":{"mods":["BaseMod","Better Third Choice","Minty Spire (QoL Compilation)","Replay The Spire","StSLib"],"gold_per_floor":[209,225,237,250,262,293,293,322,345,363,363,363,377,377,377,456,456,476,476,319,319,17,17,51,51,51,82,100,100,110,123,123,123,123],"floor_reached":33,"language":"ENG","playtime":1265,"items_purged":[],"score":505,"play_id":"ed5e72c9-0e10-4a60-940a-23ce5ab4f195","local_time":"20210204045030","is_ascension_mode":true,"campfire_choices":[{"floor":7,"key":"REST"},{"floor":15,"key":"REST"},{"floor":23,"key":"RECALL"},{"floor":25,"key":"REST"},{"floor":32,"key":"REST"}],"circlet_count":0,"master_deck":["AscendersBane","Strike_P","Strike_P","Defend_P","Defend_P","Eruption","Vigilance","FlurryOfBlows","Prostrate","Wallop","EmptyBody","WheelKick","SashWhip","SandsOfTime","Replay:ManipulateFuture","ForeignInfluence","Steam+1","BowlingBash","Devotion","ReplayTheSpireMod:Necrogeddon+1","Halt+1","WreathOfFlame+1","Crescendo","JustLucky+1","Consecrate","WindmillStrike+1","CrushJoints+1"],"relics":["PureWater","Replay:Baseball","Letter Opener","ReplayFunnel","Astrolabe","Damaru","Medical Kit","Akabeko","Lantern","StrikeDummy","Pet Ghost"],"acts_visited":["Exordium","TheCity"],"potions_floor_usage":[4,6,8,10,13,24,31],"damage_taken":[{"damage":7,"enemies":"Cultist","floor":1,"turns":3},{"damage":19,"enemies":"Jaw Worm","floor":2,"turns":2},{"damage":0,"enemies":"Small Slimes","floor":3,"turns":3},{"damage":0,"enemies":"3 Louse","floor":4,"turns":1},{"damage":0,"enemies":"2 Fungi Beasts","floor":5,"turns":3},{"damage":21,"enemies":"Gremlin Nob","floor":6,"turns":4},{"damage":19,"enemies":"3 Sentries","floor":8,"turns":9},{"damage":10,"enemies":"Gremlin Gang","floor":10,"turns":4},{"damage":0,"enemies":"Blue Slaver","floor":13,"turns":4},{"damage":5,"enemies":"The Guardian","floor":16,"turns":14},{"damage":26,"enemies":"2 Thieves","floor":18,"turns":5},{"damage":13,"enemies":"Slavers","floor":24,"turns":2},{"damage":15,"enemies":"Book of Stabbing","floor":27,"turns":5},{"damage":14,"enemies":"Shell Parasite","floor":28,"turns":4},{"damage":20,"enemies":"Snecko","floor":30,"turns":5},{"damage":8,"enemies":"Centurion and Healer","floor":31,"turns":4},{"damage":25,"enemies":"Pondfish","floor":33,"turns":4}],"seed_played":"8788252855139485282","potions_obtained":[{"floor":2,"key":"Explosive Potion"},{"floor":3,"key":"Block Potion"},{"floor":6,"key":"GamblersBrew"},{"floor":8,"key":"Dexterity Potion"},{"floor":10,"key":"Elixir"},{"floor":18,"key":"Explosive Potion"},{"floor":28,"key":"Elixir"},{"floor":31,"key":"Venom Potion"}],"is_trial":false,"path_per_floor":["M","M","M","M","M","E","R","E","T","M","?","?","M","?","R","B",null,"M","?","$","?","$","R","E","R","T","E","M","?","M","M","R","B"],"character_chosen":"WATCHER","items_purchased":["Damaru","Medical Kit","Akabeko"],"campfire_rested":4,"item_purchase_floors":[20,22,22],"current_hp_per_floor":[54,35,35,35,35,14,34,15,15,5,5,5,5,5,25,20,56,30,30,30,52,52,52,39,59,59,44,30,30,10,2,22,0,0],"gold":123,"neow_bonus":"HUNDRED_GOLD","is_daily":false,"chose_seed":false,"campfire_upgraded":0,"win_rate":0.0,"timestamp":1612374630,"path_taken":["M","M","M","M","M","E","R","E","T","?","?","?","M","?","R","BOSS","M","?","$","?","$","R","E","R","T","E","M","?","M","?","R","BOSS"],"items_purchased_type":["Relic","Relic","Relic"],"build_version":"2020-12-22","purchased_purges":0,"victory":false,"max_hp_per_floor":[68,68,68,68,68,68,68,68,68,68,68,68,68,68,68,68,68,68,68,68,68,68,68,68,68,68,68,68,68,68,68,68,68,68],"card_choices":[{"not_picked":["Replay:AtTheReady","SashWhip"],"picked":"FlurryOfBlows","floor":1},{"not_picked":["Replay:Battleflow","ClearTheMind"],"picked":"Prostrate","floor":2},{"not_picked":["CrushJoints","InnerPeace"],"picked":"Wallop","floor":3},{"not_picked":["MasterReality","Collect"],"picked":"EmptyBody","floor":4},{"not_picked":["Worship","EmptyBody"],"picked":"WheelKick","floor":5},{"not_picked":["Conclude","FlyingSleeves"],"picked":"SashWhip","floor":6},{"not_picked":["Evaluate","Replay:AtTheReady"],"picked":"SandsOfTime","floor":8},{"not_picked":["Replay:AllIn","JustLucky"],"picked":"Replay:ManipulateFuture","floor":10},{"not_picked":["Consecrate","Replay:AtTheReady"],"picked":"BowlingBash","floor":13},{"not_picked":["Establishment","Replay:LoomingThreat"],"picked":"Devotion","floor":16},{"not_picked":["Adaptation+1","Replay:BluntJabs+1"],"picked":"Crescendo","floor":18},{"not_picked":["Replay:AtTheReady+1","EmptyBody","ThirdEye"],"picked":"SKIP","floor":24},{"not_picked":["Replay:AtTheReady","EmptyBody"],"picked":"JustLucky+1","floor":27},{"not_picked":["Protect","Worship"],"picked":"Consecrate","floor":28},{"not_picked":["SashWhip","Crescendo"],"picked":"WindmillStrike+1","floor":30},{"not_picked":["Replay:ManipulateFuture","FlyingSleeves"],"picked":"CrushJoints+1","floor":31}],"player_experience":823882,"relics_obtained":[{"floor":6,"key":"Replay:Baseball"},{"floor":8,"key":"Letter Opener"},{"floor":9,"key":"ReplayFunnel"},{"floor":24,"key":"Lantern"},{"floor":26,"key":"StrikeDummy"},{"floor":27,"key":"Pet Ghost"}],"event_choices":[{"damage_healed":5,"gold_gain":0,"player_choice":"Embrace Burn","damage_taken":0,"max_hp_gain":0,"max_hp_loss":68,"event_name":"betterThird:BetterShining","floor":12,"gold_loss":0},{"damage_healed":0,"gold_gain":0,"player_choice":"Grow","damage_taken":0,"max_hp_gain":0,"max_hp_loss":0,"event_name":"Living Wall","floor":14,"gold_loss":0,"cards_upgraded":["Steam"]},{"damage_healed":0,"gold_gain":0,"player_choice":"Ignored","damage_taken":0,"max_hp_gain":0,"max_hp_loss":0,"event_name":"Ghosts","floor":19,"gold_loss":0},{"damage_healed":22,"gold_gain":0,"player_choice":"Heal","damage_taken":0,"max_hp_gain":0,"max_hp_loss":0,"event_name":"The Library","floor":21,"gold_loss":0},{"damage_healed":0,"gold_gain":0,"player_choice":"Ignored","damage_taken":0,"max_hp_gain":0,"max_hp_loss":0,"event_name":"Transmorgrifier","floor":29,"gold_loss":0}],"is_beta":false,"boss_relics":[{"not_picked":["Replay:Drink Me","Ectoplasm"],"picked":"Astrolabe"}],"items_purged_floors":[],"is_endless":false,"potions_floor_spawned":[2,3,6,8,10,18,28,31],"killed_by":"Pondfish","ascension_level":14}}