{"host":"f76wcztdlwlduum6","time":1612337120,"event":{"mods":["BaseMod","BetterRewards","Colored Powertips","Minty Spire (QoL Compilation)","Quick Restart","Rare Cards Sparkle","Relic Stats","StSLib","SuperFastMode","everything is the same but u backflip on backflip"],"gold_per_floor":[118,193,207,207,220,220,246,259,259,259,293,313,329,358,358,457,457,476,476,488,504,254,254,287,307,331,365,0,56,56,98,98,221,221,263,1262,1305,1305,1328,1385,831,913,991,1055,1138,1207,541,47,47,97,97,97,207,236,236],"floor_reached":56,"language":"ENG","playtime":2092,"items_purged":["Strike_P","Strike_P","Strike_P","Strike_P","Eruption","Defend_P","Defend_P","Defend_P","Defend_P","DeceiveReality","Sanctity","Evaluate+1"],"score":2826,"play_id":"712f4dee-cb62-4b82-9049-614bfcc390fe","local_time":"20210203012520","is_ascension_mode":true,"campfire_choices":[{"data":"Impatience","floor":6,"key":"SMITH"},{"data":"Impatience","floor":10,"key":"SMITH"},{"data":"Finesse","floor":15,"key":"SMITH"},{"data":"Finesse","floor":23,"key":"SMITH"},{"data":"Panacea","floor":32,"key":"SMITH"},{"floor":49,"key":"RECALL"},{"floor":52,"key":"DIG"}],"circlet_count":0,"master_deck":["AscendersBane","Impatience+1","PathToVictory","PathToVictory","PathToVictory+1","Impatience+1","Finesse+1","Finesse+1","Wish","Panacea+1","Wish","Flash of Steel"],"relics":["HolyWater","Gremlin Horn","Omamori","Bronze Scales","Oddly Smooth Stone","TeardropLocket","Potion Belt","Philosopher\u0027s Stone","MutagenicStrength","HornCleat","Shuriken","War Paint","Lantern","Anchor","Shovel","Mummified Hand","Damaru","Blue Candle","Lee\u0027s Waffle","Kunai","TheAbacus"],"acts_visited":["Exordium","TheCity","TheBeyond","TheEnding"],"potions_floor_usage":[50,55],"damage_taken":[{"damage":0,"enemies":"2 Louse","floor":1,"turns":2},{"damage":0,"enemies":"Jaw Worm","floor":3,"turns":1},{"damage":0,"enemies":"Small Slimes","floor":5,"turns":2},{"damage":0,"enemies":"Gremlin Nob","floor":7,"turns":2},{"damage":0,"enemies":"3 Louse","floor":8,"turns":1},{"damage":16,"enemies":"3 Sentries","floor":11,"turns":4},{"damage":0,"enemies":"Blue Slaver","floor":12,"turns":2},{"damage":0,"enemies":"Exordium Thugs","floor":13,"turns":2},{"damage":0,"enemies":"Lagavulin","floor":14,"turns":2},{"damage":0,"enemies":"The Guardian","floor":16,"turns":4},{"damage":0,"enemies":"Chosen","floor":18,"turns":2},{"damage":19,"enemies":"3 Byrds","floor":20,"turns":2},{"damage":0,"enemies":"Snecko","floor":21,"turns":3},{"damage":0,"enemies":"Slavers","floor":24,"turns":2},{"damage":0,"enemies":"Chosen and Byrds","floor":25,"turns":3},{"damage":0,"enemies":"Book of Stabbing","floor":27,"turns":3},{"damage":0,"enemies":"Slavers","floor":29,"turns":4},{"damage":0,"enemies":"Cultist and Chosen","floor":31,"turns":3},{"damage":0,"enemies":"Automaton","floor":33,"turns":4},{"damage":0,"enemies":"Orb Walker","floor":35,"turns":2},{"damage":0,"enemies":"3 Shapes","floor":37,"turns":3},{"damage":0,"enemies":"Giant Head","floor":40,"turns":4},{"damage":21,"enemies":"Nemesis","floor":42,"turns":5},{"damage":0,"enemies":"Spire Growth","floor":44,"turns":3},{"damage":0,"enemies":"Giant Head","floor":45,"turns":4},{"damage":0,"enemies":"Writhing Mass","floor":46,"turns":4},{"damage":24,"enemies":"Awakened One","floor":50,"turns":5},{"damage":1,"enemies":"Shield and Spear","floor":54,"turns":3},{"damage":24,"enemies":"The Heart","floor":55,"turns":5}],"seed_played":"5244261735260592435","potions_obtained":[{"floor":1,"key":"DuplicationPotion"},{"floor":5,"key":"StancePotion"},{"floor":8,"key":"SpeedPotion"},{"floor":11,"key":"StancePotion"},{"floor":42,"key":"DistilledChaos"},{"floor":54,"key":"SteroidPotion"}],"is_trial":false,"path_per_floor":["M","?","M","?","M","R","E","M","T","R","E","M","M","E","R","B",null,"M","?","M","M","$","R","E","M","T","E","$","E","?","M","R","B",null,"M","?","M","?","T","E","$","E","T","M","E","M","$","$","R","B",null,"R","$","E","B",null],"character_chosen":"WATCHER","items_purchased":["PathToVictory","Gremlin Horn","Impatience","DeceiveReality","PathToVictory","Omamori","DollysMirror","Strawberry","PathToVictory","Sanctity","Bronze Scales","Oddly Smooth Stone","TeardropLocket","Impatience","Panacea","Flash of Steel","Anchor","Blue Candle","FairyPotion","Lee\u0027s Waffle","TheAbacus"],"campfire_rested":0,"item_purchase_floors":[0,0,0,0,0,0,0,0,0,0,0,0,0,0,28,41,41,47,47,48,53],"current_hp_per_floor":[72,61,61,54,54,54,54,54,54,54,48,48,48,48,48,48,79,79,79,60,60,60,60,60,60,60,60,60,60,43,43,43,43,81,81,81,81,81,81,81,81,60,60,60,60,60,60,96,96,72,90,90,90,89,65],"gold":236,"neow_bonus":"","is_daily":false,"chose_seed":false,"campfire_upgraded":5,"win_rate":0.0,"timestamp":1612337120,"path_taken":["M","?","M","?","M","R","E","M","T","R","E","M","M","E","R","BOSS","M","?","M","M","$","R","E","M","T","E","$","E","?","M","R","BOSS","M","?","M","?","?","E","$","E","T","?","E","M","?","$","R","BOSS","R","$","E","BOSS"],"items_purchased_type":["Card","Relic","Card","Card","Card","Relic","Relic","Relic","Card","Card","Relic","Relic","Relic","Card","Card","Card","Relic","Relic","Potion","Relic","Relic"],"build_version":"2020-12-22","purchased_purges":12,"victory":true,"max_hp_per_floor":[79,79,79,79,79,79,79,79,79,79,89,89,89,89,89,89,89,89,89,89,89,89,89,89,89,89,89,89,89,94,94,94,94,94,94,94,94,89,89,89,89,89,89,89,89,89,89,96,96,96,96,96,96,96,96],"relic_stats":{"Lee\u0027s Waffle":36,"Shovel":1,"TheAbacus":[348],"Gremlin Horn":[21,21],"counters":[174,631],"Shuriken":[18],"Mummified Hand":[194],"Bronze Scales":[268],"Blue Candle":[3],"Kunai":[4],"War Paint":["Vigilance","Evaluate","PathToVictory"],"obtain_stats":[{"Whetstone":9,"Ginger":53,"Bottled Tornado":45,"Sling":37,"Boot":27,"Blood Vial":40,"MealTicket":14,"Kunai":9,"Pear":0,"Blue Candle":48,"Pen Nib":0,"Guardian:PocketSentry":0,"Akabeko":37,"SlaversCollar":17,"Bird Faced Urn":0,"MutagenicStrength":45,"Lantern":38,"Regal Pillow":40,"Singing Bowl":31,"StoneCalendar":53,"Bag of Preparation":0,"Ancient Tea Set":30,"Shovel":42,"Chemical X":53,"Potion Belt":44,"Lee\u0027s Waffle":19,"Golden Idol":5,"Damaru":0,"The Courier":31,"Omamori":0,"Frozen Egg 2":0,"bronze:BronzeIdol":28,"Ornamental Fan":45,"Orrery":31,"Turnip":54,"Art of War":38,"Bottled Lightning":8,"hexamod:BolsterEngine":40,"Toy Ornithopter":11,"Ice Cream":0,"Gremlin Horn":0,"CeramicFish":11,"Vajra":23,"Sozu":34,"Lizard Tail":53,"HornCleat":53,"DollysMirror":0,"Strawberry":3,"Prayer Wheel":22,"Philosopher\u0027s Stone":34,"VioletLotus":1,"Toxic Egg 2":3,"Girya":43,"Happy Flower":0,"Dead Branch":41,"Oddly Smooth Stone":0,"Letter Opener":26,"War Paint":37,"sneckomod:SneckoTalon":34,"Question Card":0,"Du-Vu Doll":8,"OrangePellets":0,"Bottled Flame":54,"Shuriken":0,"Bronze Scales":0,"Slimebound:PreparedRelic":37,"Nloth\u0027s Gift":22,"Meat on the Bone":2,"Pocketwatch":47,"Enchiridion":30,"Mango":19,"Yang":26,"CloakClasp":1,"Juzu Bracelet":6,"Incense Burner":45,"TeardropLocket":0,"PrismaticShard":25,"ClockworkSouvenir":0,"Nunchaku":9,"Dream Catcher":28,"TheAbacus":0,"Slimebound:StickyStick":2,"Mummified Hand":23,"Pantograph":53,"Red Mask":36,"Orichalcum":21,"Odd Mushroom":13,"Medical Kit":38,"Mercury Hourglass":21,"Strange Spoon":53,"Anchor":0,"HolyWater":34,"Coffee Dripper":34,"Bag of Marbles":0,"Membership Card":0,"PureWater":0,"FossilizedHelix":27},{"Whetstone":33,"Ginger":51,"Bottled Tornado":142,"Sling":21,"Boot":41,"Blood Vial":77,"MealTicket":36,"Kunai":58,"Pear":29,"Blue Candle":50,"Pen Nib":29,"Guardian:PocketSentry":29,"Akabeko":21,"SlaversCollar":9,"Bird Faced Urn":53,"MutagenicStrength":111,"Lantern":21,"Regal Pillow":109,"Singing Bowl":72,"StoneCalendar":27,"Bag of Preparation":29,"Ancient Tea Set":43,"Shovel":168,"Chemical X":27,"Potion Belt":24,"Lee\u0027s Waffle":10,"Golden Idol":119,"Damaru":29,"The Courier":18,"Omamori":29,"Frozen Egg 2":29,"bronze:BronzeIdol":16,"Ornamental Fan":49,"Orrery":72,"Turnip":52,"Art of War":46,"Bottled Lightning":5,"hexamod:BolsterEngine":23,"Toy Ornithopter":6,"Ice Cream":29,"Gremlin Horn":145,"CeramicFish":35,"Vajra":14,"Sozu":104,"Lizard Tail":114,"HornCleat":27,"DollysMirror":29,"Strawberry":30,"Prayer Wheel":67,"Philosopher\u0027s Stone":73,"VioletLotus":1,"Toxic Egg 2":1,"Girya":23,"Happy Flower":29,"Dead Branch":78,"Oddly Smooth Stone":85,"Letter Opener":15,"War Paint":21,"sneckomod:SneckoTalon":45,"Question Card":85,"Du-Vu Doll":5,"OrangePellets":53,"Bottled Flame":28,"Shuriken":85,"Bronze Scales":29,"Slimebound:PreparedRelic":21,"Nloth\u0027s Gift":67,"Meat on the Bone":1,"Pocketwatch":26,"Enchiridion":133,"Mango":10,"Yang":131,"CloakClasp":1,"Juzu Bracelet":4,"Incense Burner":142,"TeardropLocket":0,"PrismaticShard":40,"ClockworkSouvenir":53,"Nunchaku":121,"Dream Catcher":132,"TheAbacus":29,"Slimebound:StickyStick":1,"Mummified Hand":14,"Pantograph":27,"Red Mask":74,"Orichalcum":39,"Odd Mushroom":93,"Medical Kit":46,"Mercury Hourglass":39,"Strange Spoon":114,"Anchor":29,"HolyWater":164,"Coffee Dripper":19,"Bag of Marbles":29,"Membership Card":29,"PureWater":0,"FossilizedHelix":71},{"Whetstone":157,"Ginger":214,"Bottled Tornado":534,"Sling":100,"Boot":180,"Blood Vial":306,"MealTicket":166,"Kunai":239,"Pear":149,"Blue Candle":209,"Pen Nib":149,"Guardian:PocketSentry":149,"Akabeko":100,"SlaversCollar":44,"Bird Faced Urn":225,"MutagenicStrength":431,"Lantern":100,"Regal Pillow":423,"Singing Bowl":283,"StoneCalendar":136,"Bag of Preparation":149,"Ancient Tea Set":185,"Shovel":607,"Chemical X":136,"Potion Belt":120,"Lee\u0027s Waffle":48,"Golden Idol":464,"Damaru":149,"The Courier":85,"Omamori":149,"Frozen Egg 2":149,"bronze:BronzeIdol":77,"Ornamental Fan":206,"Orrery":283,"Turnip":219,"Art of War":196,"Bottled Lightning":27,"hexamod:BolsterEngine":113,"Toy Ornithopter":31,"Ice Cream":149,"Gremlin Horn":545,"CeramicFish":163,"Vajra":72,"Sozu":406,"Lizard Tail":444,"HornCleat":136,"DollysMirror":149,"Strawberry":150,"Prayer Wheel":264,"Philosopher\u0027s Stone":291,"VioletLotus":3,"Toxic Egg 2":8,"Girya":113,"Happy Flower":149,"Dead Branch":309,"Oddly Smooth Stone":343,"Letter Opener":74,"War Paint":100,"sneckomod:SneckoTalon":193,"Question Card":343,"Du-Vu Doll":27,"OrangePellets":225,"Bottled Flame":141,"Shuriken":343,"Bronze Scales":149,"Slimebound:PreparedRelic":100,"Nloth\u0027s Gift":264,"Meat on the Bone":8,"Pocketwatch":129,"Enchiridion":512,"Mango":48,"Yang":507,"CloakClasp":3,"Juzu Bracelet":23,"Incense Burner":534,"TeardropLocket":0,"PrismaticShard":177,"ClockworkSouvenir":225,"Nunchaku":475,"Dream Catcher":510,"TheAbacus":149,"Slimebound:StickyStick":8,"Mummified Hand":70,"Pantograph":136,"Red Mask":294,"Orichalcum":175,"Odd Mushroom":367,"Medical Kit":196,"Mercury Hourglass":175,"Strange Spoon":444,"Anchor":149,"HolyWater":593,"Coffee Dripper":92,"Bag of Marbles":149,"Membership Card":149,"PureWater":0,"FossilizedHelix":279}]},"card_choices":[{"not_picked":["Consecrate","Halt"],"picked":"Evaluate","floor":1},{"not_picked":["ReachHeaven","BowlingBash","CutThroughFate"],"picked":"SKIP","floor":3},{"not_picked":["CutThroughFate","SashWhip","JustLucky"],"picked":"SKIP","floor":5},{"not_picked":["TalkToTheHand","Brilliance","ThirdEye"],"picked":"SKIP","floor":7},{"not_picked":["Crescendo","WheelKick","Adaptation"],"picked":"SKIP","floor":8},{"not_picked":["Prostrate","BowlingBash","InnerPeace"],"picked":"SKIP","floor":11},{"not_picked":["Crescendo","ThirdEye","Prostrate"],"picked":"SKIP","floor":12},{"not_picked":["Wireheading","ThirdEye","Judgement"],"picked":"SKIP","floor":13},{"not_picked":["Nirvana","Fasting2","Devotion"],"picked":"SKIP","floor":14},{"not_picked":["Consecrate","Fasting2","Nirvana"],"picked":"SKIP","floor":18},{"not_picked":["Halt+1","BattleHymn+1","ForeignInfluence+1"],"picked":"SKIP","floor":20},{"not_picked":["Consecrate","BowlingBash","Indignation+1"],"picked":"SKIP","floor":21},{"not_picked":["ClearTheMind","Halt","FlyingSleeves"],"picked":"SKIP","floor":24},{"not_picked":["EmptyBody","Protect","Vengeance"],"picked":"SKIP","floor":25},{"not_picked":["Wallop","ReachHeaven"],"picked":"Wish","floor":27},{"not_picked":["BattleHymn","WheelKick+1","SashWhip"],"picked":"SKIP","floor":29},{"not_picked":["Nirvana","EmptyBody","FlyingSleeves"],"picked":"SKIP","floor":31},{"not_picked":["ThirdEye+1","Wallop+1","FlurryOfBlows+1"],"picked":"SKIP","floor":35},{"not_picked":["FlurryOfBlows","ThirdEye+1","CutThroughFate+1"],"picked":"SKIP","floor":37},{"not_picked":["JustLucky+1","EmptyMind+1"],"picked":"Wish","floor":40},{"not_picked":["Consecrate+1","JustLucky+1","ClearTheMind"],"picked":"SKIP","floor":42},{"not_picked":["FlurryOfBlows+1","Prostrate","LikeWater+1"],"picked":"SKIP","floor":44},{"not_picked":["Conclude+1","Protect","Brilliance"],"picked":"SKIP","floor":45},{"not_picked":["FlurryOfBlows","Consecrate+1","Conclude+1"],"picked":"SKIP","floor":46},{"not_picked":["PathToVictory","Study","Consecrate+1"],"picked":"SKIP","floor":54}],"player_experience":253013,"relics_obtained":[{"floor":7,"key":"Potion Belt"},{"floor":11,"key":"Pear"},{"floor":14,"key":"Orichalcum"},{"floor":24,"key":"HornCleat"},{"floor":29,"key":"Shuriken"},{"floor":39,"key":"War Paint"},{"floor":40,"key":"Lantern"},{"floor":42,"key":"Shovel"},{"floor":43,"key":"Mummified Hand"},{"floor":45,"key":"Damaru"},{"floor":52,"key":"Kunai"}],"event_choices":[{"damage_healed":0,"gold_gain":75,"player_choice":"Gather Gold","damage_taken":11,"max_hp_gain":0,"max_hp_loss":0,"event_name":"World of Goop","floor":2,"gold_loss":0},{"cards_removed":["Vigilance"],"damage_healed":0,"gold_gain":0,"player_choice":"Card Removal","damage_taken":7,"max_hp_gain":0,"max_hp_loss":0,"event_name":"Golden Wing","floor":4,"gold_loss":0},{"damage_healed":0,"gold_gain":0,"player_choice":"Inject Mutagens","damage_taken":0,"relics_obtained":["MutagenicStrength"],"max_hp_gain":0,"max_hp_loss":0,"event_name":"Drug Dealer","floor":19,"gold_loss":0},{"damage_healed":0,"gold_gain":0,"player_choice":"Shed Blood","damage_taken":22,"max_hp_gain":5,"max_hp_loss":0,"event_name":"Forgotten Altar","floor":30,"gold_loss":0},{"damage_healed":0,"gold_gain":999,"player_choice":"Gold","damage_taken":0,"max_hp_gain":0,"max_hp_loss":0,"event_name":"MindBloom","floor":36,"gold_loss":0,"cards_obtained":["Normality","Normality"]},{"damage_healed":0,"gold_gain":0,"player_choice":"Max HP","damage_taken":0,"max_hp_gain":0,"max_hp_loss":5,"event_name":"Winding Halls","floor":38,"gold_loss":0}],"is_beta":false,"boss_relics":[{"not_picked":["Tiny House","Runic Dome"],"picked":"Philosopher\u0027s Stone"},{"not_picked":["Cursed Key","Busted Crown"],"picked":"HolyWater"}],"items_purged_floors":[0,0,0,0,0,0,0,22,28,41,47,48],"is_endless":false,"potions_floor_spawned":[1,5,8,11,13,18,25,27,31,35,40,42,46,54],"ascension_level":11}}