{"host":"31s8hzukbhz1k6i6","time":1612316938,"event":{"mods":["AchievementEnabler","BaseMod","Bestiary","Colored Map","Filter the Spire","Minty Spire (QoL Compilation)","Relic Stats","ojb\u0027s Info Mod"],"gold_per_floor":[119,119,194,194,210,210,93,18,18,18,18,52,66,66,66,66,66],"floor_reached":16,"language":"ENG","playtime":605,"items_purged":["Strike_G"],"score":192,"play_id":"7b9bac07-474f-499c-b6fd-ce0d32fe6377","local_time":"20210202174858","is_ascension_mode":true,"campfire_choices":[{"data":"Acrobatics","floor":6,"key":"SMITH"},{"data":"Noxious Fumes","floor":10,"key":"SMITH"},{"floor":15,"key":"REST"}],"circlet_count":0,"master_deck":["AscendersBane","Strike_G","Strike_G","Defend_G","Defend_G","Defend_G","Defend_G","Defend_G","Survivor","Neutralize+1","Flying Knee","Acrobatics+1","Noxious Fumes+1","Heel Hook","Blade Dance+1"],"relics":["Ring of the Snake","Snake Skull","Letter Opener","Darkstone Periapt"],"acts_visited":["Exordium"],"potions_floor_usage":[12,16,16],"damage_taken":[{"damage":1,"enemies":"2 Louse","floor":1,"turns":4},{"damage":4,"enemies":"Jaw Worm","floor":5,"turns":5},{"damage":16,"enemies":"3 Sentries","floor":12,"turns":7},{"damage":6,"enemies":"Small Slimes","floor":13,"turns":4},{"damage":29,"enemies":"Slime Boss","floor":16,"turns":7}],"seed_played":"6977336122523158486","potions_obtained":[{"floor":5,"key":"Dexterity Potion"},{"floor":12,"key":"Explosive Potion"},{"floor":13,"key":"Dexterity Potion"}],"is_trial":false,"path_per_floor":["M","?","?","?","M","R","$","?","T","R","$","E","M","?","R","B"],"character_chosen":"THE_SILENT","items_purchased":["Noxious Fumes"],"campfire_rested":1,"item_purchase_floors":[7],"current_hp_per_floor":[58,51,40,35,31,31,31,31,31,31,31,15,9,9,28,0,0],"gold":66,"neow_bonus":"UPGRADE_CARD","is_daily":false,"chose_seed":false,"campfire_upgraded":2,"win_rate":0.0,"timestamp":1612316938,"path_taken":["M","?","?","?","M","R","$","?","T","R","?","E","?","?","R","BOSS"],"items_purchased_type":["Card"],"build_version":"2020-12-22","purchased_purges":1,"victory":false,"max_hp_per_floor":[66,66,66,66,66,66,66,66,66,66,66,66,66,66,66,66,66],"relic_stats":{"Darkstone Periapt":0,"counters":[5,27],"Snake Skull":[31],"Letter Opener":[10],"obtain_stats":[{"Darkstone Periapt":12,"Snake Skull":4,"Letter Opener":9,"Ring of the Snake":0},{"Darkstone Periapt":3,"Snake Skull":1,"Letter Opener":2,"Ring of the Snake":0},{"Darkstone Periapt":16,"Snake Skull":4,"Letter Opener":9,"Ring of the Snake":0}],"Ring of the Snake":[10]},"card_choices":[{"not_picked":["Infinite Blades","Expertise"],"picked":"Flying Knee","floor":1},{"not_picked":["Flying Knee","Prepared"],"picked":"Acrobatics","floor":5},{"not_picked":["Reflex","Backflip"],"picked":"Heel Hook","floor":12},{"not_picked":["Dagger Throw","Terror"],"picked":"Blade Dance","floor":13}],"player_experience":203884,"relics_obtained":[{"floor":9,"key":"Letter Opener"},{"floor":12,"key":"Darkstone Periapt"}],"event_choices":[{"cards_removed":["Strike_G"],"damage_healed":0,"gold_gain":0,"player_choice":"Card Removal","damage_taken":7,"max_hp_gain":0,"max_hp_loss":0,"event_name":"Golden Wing","floor":2,"gold_loss":0},{"damage_healed":0,"gold_gain":75,"player_choice":"Gather Gold","damage_taken":11,"max_hp_gain":0,"max_hp_loss":0,"event_name":"World of Goop","floor":3,"gold_loss":0},{"damage_healed":0,"gold_gain":0,"player_choice":"Success","damage_taken":5,"relics_obtained":["Snake Skull"],"max_hp_gain":0,"max_hp_loss":0,"event_name":"Scrap Ooze","floor":4,"gold_loss":0},{"cards_removed":["Strike_G"],"damage_healed":0,"gold_gain":0,"player_choice":"Card Removal","damage_taken":0,"max_hp_gain":0,"max_hp_loss":0,"event_name":"The Cleric","floor":8,"gold_loss":75},{"damage_healed":0,"gold_gain":0,"player_choice":"Upgraded","damage_taken":0,"max_hp_gain":0,"max_hp_loss":0,"event_name":"Upgrade Shrine","floor":14,"gold_loss":0,"cards_upgraded":["Blade Dance"]}],"is_beta":false,"boss_relics":[],"items_purged_floors":[7],"is_endless":false,"potions_floor_spawned":[5,12,13],"killed_by":"Slime Boss","ascension_level":20}}