{"host":"3y33rrrkia6pkpow","time":1612326946,"event":{"mods":["2.2 Compatiblity","AchievementEnabler","Act Like it!","BaseMod","BetterRewards","Block Reminder","Colored Map","Colored Powertips","DeckTracker","Faster Ascension Climbing","Gensokyo","Highlight Path","Infinite Spire","Minty Spire (QoL Compilation)","Quick Restart","Rare Cards Sparkle","Replay The Spire","Shop Mod","Spicy Shops","StSLib","Synergy Search","The Animator","The Blue Laboratory","Unknown Chances"],"gold_per_floor":[124,124,152,152,152,152,183,200,200,200,234,234,234,234,234,267,267,364,364,382,382,332,359,359,359,388,423,423,54,54,54,82,82,82],"floor_reached":33,"language":"ENG","playtime":3199,"items_purged":[],"score":436,"play_id":"c9abfb30-39b6-49a5-901c-2a84726104e0","local_time":"20210202223546","is_ascension_mode":true,"campfire_choices":[{"floor":6.0,"key":"REST"},{"floor":15.0,"key":"REST"},{"floor":17.0,"key":"REST"},{"data":"animator:AyatoNaoi","floor":25.0,"key":"SMITH"},{"floor":30,"key":"REST"}],"circlet_count":0,"master_deck":["AscendersBane","animator:Strike_TenSura","animator:Defend_TenSura","animator:Strike+1","animator:Strike","animator:Strike","animator:Defend","animator:Defend","animator:Defend","animator:Benimaru+1","animator:Shuna","animator:Kyubey","animator:RinTohsaka","Gensokyo:CrescentMoonSlash","animator:Kaijin","animator:Shinku","animator:Benimaru+1","animator:Arpeggio+1","animator:HiiragiShinya","animator:Hakurou","animator:AyatoNaoi+1","CurseOfTheBell","animator:AliceMargatroid","animator:Millim","animator:Witch+1","animator:Suigintou","animator:Archer","Reinforced Body","animator:Saber"],"relics":["animator:LivingPicture","animator:TheMissingPiece","animator:PurgingStone","Pear","Quantum Egg","Oddly Smooth Stone","Replay:Bottled Eggs","infinitespire:Eraser","Calling Bell","MealTicket","Letter Opener","animator:MantleOfTheStrategist","Gensokyo:ChorusOfJoy","infinitespire:Broken Mirror","Orichalcum","Art of War","Bag of Preparation","Paper Crane"],"acts_visited":["Gensokyo:Gensokyo","Gensokyo:Gensokyoer"],"potions_floor_usage":[27,27,27],"damage_taken":[{"damage":5.0,"enemies":"Gensokyo:Gryphon","floor":1.0,"turns":5.0},{"damage":0.0,"enemies":"Gensokyo:3_Fairies","floor":3.0,"turns":4.0},{"damage":29.0,"enemies":"Gensokyo:Aya","floor":7.0,"turns":7.0},{"damage":8.0,"enemies":"Gensokyo:Python","floor":8.0,"turns":4.0},{"damage":2.0,"enemies":"Gensokyo:Mamizou","floor":11.0,"turns":6.0},{"damage":15.0,"enemies":"Gensokyo:Aya","floor":16.0,"turns":4.0},{"damage":17.0,"enemies":"Gensokyo:Kokoro","floor":18.0,"turns":8.0},{"damage":6.0,"enemies":"Gensokyo:2_Gloops","floor":20.0,"turns":4.0},{"damage":18.0,"enemies":"Gensokyo:3_Dogs","floor":23.0,"turns":6.0},{"damage":23.0,"enemies":"Gensokyo:Wraith","floor":26.0,"turns":5.0},{"damage":14,"enemies":"Gensokyo:Reisen","floor":27,"turns":5},{"damage":51,"enemies":"Gensokyo:Koishi","floor":32,"turns":7},{"damage":19,"enemies":"Gensokyo:Swordslinger","floor":33,"turns":1}],"seed_played":"6236875419117381702","potions_obtained":[{"floor":3.0,"key":"blueLaboratory:FruitPunch"},{"floor":11.0,"key":"Elixir"},{"floor":16.0,"key":"Block Potion"},{"floor":26.0,"key":"DistilledChaos"},{"floor":32,"key":"Elixir"}],"is_trial":false,"path_per_floor":["M","?","M","?","?","R","E","M","T","?","E","PTL","PTL","T","R","E","R","B",null,"M","?","?","M","?","R","M","E","T","$","R","?","E","M"],"character_chosen":"THE_ANIMATOR","items_purchased":["animator:Archer","Art of War","Bag of Preparation"],"campfire_rested":4,"item_purchase_floors":[29,29,29],"current_hp_per_floor":[54,45,45,39,34,56,27,19,19,19,17,17,17,17,39,25,48,31,66,60,60,67,51,51,51,28,14,14,29,54,54,4,0,0],"gold":82,"neow_bonus":"ONE_RANDOM_RARE_CARD","is_daily":false,"chose_seed":true,"campfire_upgraded":1,"win_rate":0.0,"timestamp":1612326946,"path_taken":["M","?","M","?","?","R","E","?","T","?","E","PTL","PTL","?","R","E","R","BOSS","M","?","?","?","?","R","M","E","T","?","R","?","E","M"],"items_purchased_type":["Card","Relic","Relic"],"build_version":"2020-12-22","purchased_purges":0,"victory":false,"max_hp_per_floor":[66,66,66,66,76,76,76,76,76,76,76,76,76,76,76,77,77,77,77,77,77,84,86,86,86,86,86,86,86,86,86,87,87,87],"card_choices":[{"not_picked":["animator:YachiyoNanami","animator:Hinaichigo"],"picked":"animator:RinTohsaka","floor":1.0},{"not_picked":["animator:KomachiOnozuka","animator:YachiyoNanami"],"picked":"animator:Kaijin","floor":3.0},{"not_picked":["animator:GuildGirl","animator:Shigure"],"picked":"animator:Shinku","floor":7.0},{"not_picked":["animator:Souei","animator:Vesta"],"picked":"animator:Benimaru","floor":8.0},{"not_picked":["animator:SuikaIbuki","animator:Mikaela"],"picked":"animator:HiiragiShinya","floor":11.0},{"not_picked":["animator:YuukaKazami","animator:Berserker"],"picked":"animator:Hakurou","floor":16.0},{"not_picked":["animator:Enju","animator:Shinku"],"picked":"animator:AyatoNaoi","floor":18.0},{"not_picked":["animator:OrikoMikuni","animator:EriShiina"],"picked":"animator:AliceMargatroid","floor":20.0},{"not_picked":["animator:Shion","animator:Souei"],"picked":"animator:Millim","floor":23.0},{"not_picked":["animator:Shinoa+1","animator:TukaLunaMarceau"],"picked":"animator:Witch+1","floor":26.0},{"not_picked":["animator:NagisaMomoe+1","animator:Suiseiseki"],"picked":"animator:Suigintou","floor":27},{"not_picked":["animator:Berserker+1","animator:YuukaKazami+1"],"picked":"animator:Saber","floor":32}],"player_experience":960565,"relics_obtained":[{"floor":7.0,"key":"Quantum Egg"},{"floor":9.0,"key":"Oddly Smooth Stone"},{"floor":11.0,"key":"Replay:Bottled Eggs"},{"floor":16.0,"key":"infinitespire:Eraser"},{"floor":19.0,"key":"MealTicket"},{"floor":19.0,"key":"Letter Opener"},{"floor":19.0,"key":"animator:MantleOfTheStrategist"},{"floor":27,"key":"infinitespire:Broken Mirror"},{"floor":28,"key":"Orichalcum"},{"floor":32,"key":"Paper Crane"}],"event_choices":[],"is_beta":false,"boss_relics":[{"not_picked":["Velvet Choker","Replay:Drink Me"],"picked":"Calling Bell"}],"items_purged_floors":[],"is_endless":false,"potions_floor_spawned":[3,11,16,26,32],"killed_by":"Gensokyo:Swordslinger","ascension_level":10}}