{"host":"8o45mh5p3pp1o2mi","time":1612312360,"event":{"mods":["BaseMod","Bestiary","Better Match","Better Third Choice","BetterRewards","Dark Map","Downfall","Fox Events","Minty Spire (QoL Compilation)","Rare Cards Sparkle","Relic Stats","Replay The Spire","Shop Mod","Spire Exporter","StSLib","everything is the same but u backflip on backflip"],"gold_per_floor":[110,110,122,122,133,163,177,177,228,228,239,264,264,278,278,374,374,384,397,312,93,110,145,158,158,209,209,224,235,267,267,267,363,363,375,335,353,370,370,398,398,433,481,501,501,512,203,276,276,276],"floor_reached":51,"language":"ENG","playtime":3105,"items_purged":["Strike_G","Strike_G","Strike_G","Choke","Defend_G"],"score":971,"play_id":"2e0dd91d-f3f6-44b2-9195-c8de4d2d2da3","local_time":"20210203003240","is_ascension_mode":true,"campfire_choices":[{"data":"ReplayTheSpireMod:Scrap Shanks","floor":8,"key":"SMITH"},{"data":"1","floor":10,"key":"LIFT"},{"data":"2","floor":13,"key":"LIFT"},{"data":"3","floor":15,"key":"LIFT"},{"data":"Envenom","floor":25,"key":"SMITH"},{"floor":27,"key":"DIG"},{"floor":32,"key":"DIG"},{"data":"Phantasmal Killer","floor":45,"key":"SMITH"},{"floor":49,"key":"DIG"}],"circlet_count":0,"master_deck":["Defend_G+1","Defend_G+1","Survivor","Neutralize+1","Hidden Blade","Calculated Gamble+1","ReplayTheSpireMod:Scrap Shanks+1","Hidden Blade","Calculated Gamble","Unload+1","ReplayTheSpireMod:Exploit Weakness","Blade Dance+1","Terror","Concentrate","Glass Knife+1","Leg Sweep","Cloak And Dagger","Envenom+1","Well Laid Plans","All Out Attack+1","ReplayTheSpireMod:From All Sides+1","Corpse Explosion+1","Deflect+1","Choke+1","Accuracy","Phantasmal Killer+1","Footwork","Backflip+1","Hidden Blade+1","Dodge and Roll+1","ReplayTheSpireMod:The Works","Prepared+1","Finisher"],"relics":["Ring of the Snake","Membership Card","Unceasing Top","Girya","Replay:Towering Pillar of Hats","InkBottle","Blood Vial","ChewingGum","Replay:Rubber Ducky","TungstenRod","Shovel","Juzu Bracelet","Bottled Flame","Red Mask","Kunai","Astrolabe","BargainBundle","Sundial","MerchantsRug","Ornamental Fan","Torii","Simple Rune","Bag of Preparation","Guide Book","Oddly Smooth Stone","Lantern","ReplayFunnel"],"acts_visited":["Exordium","TheCity","TheBeyond"],"potions_floor_usage":[35,42,50,50,50],"damage_taken":[{"damage":5,"enemies":"Jaw Worm","floor":1,"turns":6},{"damage":0,"enemies":"Cultist","floor":3,"turns":4},{"damage":0,"enemies":"Small Slimes","floor":5,"turns":2},{"damage":9,"enemies":"Lagavulin","floor":6,"turns":5},{"damage":0,"enemies":"Looter","floor":7,"turns":2},{"damage":12,"enemies":"3 Louse","floor":11,"turns":2},{"damage":0,"enemies":"Gremlin Nob","floor":12,"turns":1},{"damage":1,"enemies":"Lots of Slimes","floor":14,"turns":3},{"damage":0,"enemies":"Slime Boss","floor":16,"turns":2},{"damage":0,"enemies":"3 Byrds","floor":18,"turns":2},{"damage":3,"enemies":"2 Thieves","floor":19,"turns":2},{"damage":7,"enemies":"Snecko","floor":22,"turns":4},{"damage":0,"enemies":"Slavers","floor":23,"turns":2},{"damage":0,"enemies":"Shelled Parasite and Fungi","floor":24,"turns":4},{"damage":0,"enemies":"3 Cultists","floor":28,"turns":2},{"damage":0,"enemies":"Sentry and Sphere","floor":29,"turns":3},{"damage":0,"enemies":"Masked Bandits","floor":30,"turns":2},{"damage":6,"enemies":"Champ","floor":33,"turns":4},{"damage":0,"enemies":"3 Shapes","floor":35,"turns":2},{"damage":0,"enemies":"3 Darklings","floor":37,"turns":2},{"damage":0,"enemies":"Jaw Worm Horde","floor":38,"turns":1},{"damage":6,"enemies":"R_Hoarder","floor":40,"turns":4},{"damage":0,"enemies":"Giant Head","floor":42,"turns":6},{"damage":0,"enemies":"Transient","floor":44,"turns":5},{"damage":0,"enemies":"Maw","floor":46,"turns":4},{"damage":0,"enemies":"Replay:Hell Engine","floor":50,"turns":4}],"seed_played":"-7392407938506826647","potions_obtained":[{"floor":3,"key":"Swift Potion"},{"floor":6,"key":"Poison Potion"},{"floor":12,"key":"SpeedPotion"},{"floor":16,"key":"SkillPotion"},{"floor":24,"key":"Adrenaline Potion"},{"floor":37,"key":"LiquidBronze"},{"floor":42,"key":"ColorlessPotion"}],"is_trial":false,"path_per_floor":["M","?","M","?","M","E","M","R","T","R","M","E","R","M","R","B",null,"M","M","?","$","M","E","M","R","T","R","M","M","?","?","R","B",null,"M","$","M","M","?","E","?","E","T","M","R","M","$","?","R","B",null],"character_chosen":"THE_SILENT","items_purchased":["Membership Card","Unceasing Top","Hidden Blade","Calculated Gamble","ReplayTheSpireMod:Scrap Shanks","Strawberry","TungstenRod","BargainBundle","Accuracy","Phantasmal Killer","Whetstone","Sundial","MerchantsRug","Bag of Preparation","Guide Book","Oddly Smooth Stone"],"campfire_rested":0,"item_purchase_floors":[0,0,0,0,0,0,21,36,36,36,36,36,36,47,47,47],"current_hp_per_floor":[65,65,65,65,65,56,56,56,56,56,44,44,44,45,45,47,70,72,71,71,71,66,68,70,70,70,70,72,74,76,76,76,71,76,77,77,77,77,77,71,71,73,73,73,73,73,73,73,73,73],"gold":276,"neow_bonus":"","is_daily":false,"chose_seed":false,"campfire_upgraded":3,"win_rate":0.0,"timestamp":1612312360,"path_taken":["M","?","?","?","M","E","M","R","T","R","M","E","R","M","R","BOSS","M","M","?","$","M","E","M","R","T","R","M","M","?","?","R","BOSS","M","$","M","M","?","E","?","E","T","M","R","M","$","?","R","BOSS"],"items_purchased_type":["Relic","Relic","Card","Card","Card","Relic","Relic","Relic","Card","Card","Relic","Relic","Relic","Relic","Relic","Relic"],"build_version":"2020-12-22","purchased_purges":5,"victory":true,"max_hp_per_floor":[77,77,77,77,77,77,77,77,77,77,77,77,77,77,77,77,77,77,77,77,77,77,77,77,77,77,77,77,77,77,77,77,77,77,77,77,77,77,77,77,73,73,73,73,73,73,73,73,73,73],"relic_stats":{"Torii":0,"counters":[89,370],"Astrolabe":["Corpse Explosion","Deflect","Choke"],"Juzu Bracelet":1,"Bag of Preparation":[2],"Blood Vial":24,"Shovel":3,"Sundial":[2],"Ornamental Fan":[92],"Kunai":[36],"obtain_stats":[{"TwistedFunnel":20,"Ice Cream":23,"Vajra":25,"Whetstone":12,"Old Coin":30,"Blood Vial":0,"Sundial":0,"Strawberry":26,"Replay:Bronze Core":17,"Philosopher\u0027s Stone":34,"Iron Hammer":23,"Kunai":32,"MerchantsRug":0,"Girya":0,"Pear":29,"ReplayTheSpireMod:CursedCoin":4,"Dead Branch":0,"Astrolabe":34,"Oddly Smooth Stone":47,"Question Card":0,"Replay:Baseball":9,"Bottled Flame":27,"Onion Ring":26,"Simple Rune":43,"foxEvents:LuckyCharm":3,"Black Star":34,"Grinning Jar":8,"Unceasing Top":0,"ReplayFunnel":49,"Lantern":48,"bronze:BronzeCore":0,"Replay:PocketPolymizer":0,"Torii":3,"Singing Bowl":22,"Mango":6,"Painkiller Herb":17,"Snake Skull":9,"Juzu Bracelet":11,"Bag of Preparation":43,"Replay:Mystery Machine":0,"Replay:Rubber Ducky":20,"BranchBurnRelic":6,"SsserpentHead":13,"Nunchaku":41,"Tough Bandages":0,"Chameleon Ring":9,"Shovel":23,"Tiny Chest":11,"Red Mask":30,"Replay:Bottled Eggs":23,"InkBottle":42,"Ring of the Snake":7,"Gremlin Food":22,"BargainBundle":36,"Replay:Towering Pillar of Hats":0,"Guide Book":5,"Orichalcum":6,"White Beast Statue":10,"Calling Bell":0,"sneckomod:BabySnecko":20,"Anchor":4,"Busted Crown":17,"Ornamental Fan":40,"ChewingGum":17,"Art of War":4,"Membership Card":0,"TungstenRod":0},{"TwistedFunnel":18,"Ice Cream":43,"Vajra":22,"Whetstone":38,"Old Coin":57,"Blood Vial":9,"Sundial":45,"Strawberry":22,"Replay:Bronze Core":52,"Philosopher\u0027s Stone":26,"Iron Hammer":20,"Kunai":80,"MerchantsRug":9,"Girya":63,"Pear":24,"ReplayTheSpireMod:CursedCoin":46,"Dead Branch":32,"Astrolabe":81,"Oddly Smooth Stone":88,"Question Card":32,"Replay:Baseball":68,"Bottled Flame":77,"Onion Ring":56,"Simple Rune":86,"foxEvents:LuckyCharm":2,"Black Star":59,"Grinning Jar":50,"Unceasing Top":63,"ReplayFunnel":88,"Lantern":88,"bronze:BronzeCore":0,"Replay:PocketPolymizer":45,"Torii":34,"Singing Bowl":55,"Mango":12,"Painkiller Herb":16,"Snake Skull":13,"Juzu Bracelet":7,"Bag of Preparation":30,"Replay:Mystery Machine":45,"Replay:Rubber Ducky":74,"BranchBurnRelic":34,"SsserpentHead":38,"Nunchaku":29,"Tough Bandages":61,"Chameleon Ring":35,"Shovel":76,"Tiny Chest":51,"Red Mask":80,"Replay:Bottled Eggs":56,"InkBottle":30,"Ring of the Snake":12,"Gremlin Food":42,"BargainBundle":82,"Replay:Towering Pillar of Hats":9,"Guide Book":11,"Orichalcum":48,"White Beast Statue":36,"Calling Bell":45,"sneckomod:BabySnecko":41,"Anchor":11,"Busted Crown":40,"Ornamental Fan":85,"ChewingGum":72,"Art of War":46,"Membership Card":9,"TungstenRod":9},{"TwistedFunnel":60,"Ice Cream":182,"Vajra":78,"Whetstone":158,"Old Coin":249,"Blood Vial":25,"Sundial":191,"Strawberry":78,"Replay:Bronze Core":226,"Philosopher\u0027s Stone":99,"Iron Hammer":69,"Kunai":338,"MerchantsRug":25,"Girya":290,"Pear":87,"ReplayTheSpireMod:CursedCoin":196,"Dead Branch":132,"Astrolabe":342,"Oddly Smooth Stone":366,"Question Card":132,"Replay:Baseball":309,"Bottled Flame":331,"Onion Ring":246,"Simple Rune":357,"foxEvents:LuckyCharm":5,"Black Star":264,"Grinning Jar":213,"Unceasing Top":290,"ReplayFunnel":366,"Lantern":366,"bronze:BronzeCore":0,"Replay:PocketPolymizer":191,"Torii":143,"Singing Bowl":241,"Mango":34,"Painkiller Herb":52,"Snake Skull":36,"Juzu Bracelet":19,"Bag of Preparation":118,"Replay:Mystery Machine":191,"Replay:Rubber Ducky":321,"BranchBurnRelic":143,"SsserpentHead":158,"Nunchaku":109,"Tough Bandages":273,"Chameleon Ring":146,"Shovel":327,"Tiny Chest":218,"Red Mask":338,"Replay:Bottled Eggs":246,"InkBottle":118,"Ring of the Snake":34,"Gremlin Food":176,"BargainBundle":344,"Replay:Towering Pillar of Hats":25,"Guide Book":30,"Orichalcum":204,"White Beast Statue":151,"Calling Bell":191,"sneckomod:BabySnecko":173,"Anchor":30,"Busted Crown":168,"Ornamental Fan":351,"ChewingGum":317,"Art of War":196,"Membership Card":25,"TungstenRod":25}],"Unceasing Top":[39],"InkBottle":[51],"TungstenRod":3,"Ring of the Snake":[56]},"card_choices":[{"not_picked":["Prepared","Dagger Throw","ReplayTheSpireMod:Tripwire"],"picked":"SKIP","floor":1},{"not_picked":["Quick Slash","ReplayTheSpireMod:Tripwire"],"picked":"Hidden Blade","floor":3},{"not_picked":["Dodge and Roll","Flying Knee"],"picked":"Calculated Gamble","floor":5},{"not_picked":["Tactician","Atom Bomb"],"picked":"Unload","floor":6},{"not_picked":["Dagger Throw","Dagger Spray"],"picked":"ReplayTheSpireMod:Exploit Weakness","floor":7},{"not_picked":["Backstab","Cloak And Dagger"],"picked":"Blade Dance","floor":11},{"not_picked":["Calculated Gamble","Prepared"],"picked":"Terror","floor":12},{"not_picked":["Deadly Poison","Hidden Blade"],"picked":"Concentrate","floor":14},{"not_picked":["Poison Darts","Doppelganger"],"picked":"Glass Knife","floor":16},{"not_picked":["Dagger Spray+1","Sneak Up"],"picked":"Leg Sweep","floor":18},{"not_picked":["Backflip+1","Outmaneuver"],"picked":"Choke","floor":19},{"not_picked":["Flechettes+1","Dagger Throw"],"picked":"Cloak And Dagger","floor":22},{"not_picked":["Caltrops","Flying Knee+1"],"picked":"Envenom","floor":23},{"not_picked":["Blade Dance","Outmaneuver"],"picked":"Well Laid Plans","floor":24},{"not_picked":["Deflect","Poisoned Stab+1","Sucker Punch"],"picked":"SKIP","floor":28},{"not_picked":["Dodge and Roll","Sucker Punch"],"picked":"All Out Attack+1","floor":29},{"not_picked":["Die Die Die","Glass Knife"],"picked":"ReplayTheSpireMod:From All Sides","floor":33},{"not_picked":["Poisoned Stab+1","Flying Knee+1","Skewer"],"picked":"SKIP","floor":35},{"not_picked":["Cloak And Dagger","Acrobatics+1"],"picked":"Footwork","floor":37},{"not_picked":["Sneak Up","Cloak And Dagger+1"],"picked":"Backflip+1","floor":38},{"not_picked":["ReplayTheSpireMod:Speed Training","Flying Knee"],"picked":"Hidden Blade+1","floor":40},{"not_picked":["Sucker Punch","Poisoned Stab+1"],"picked":"Dodge and Roll+1","floor":42},{"not_picked":["Bane+1","Outmaneuver+1","Deadly Poison+1"],"picked":"SKIP","floor":44},{"not_picked":["Night Terror","PiercingWail"],"picked":"ReplayTheSpireMod:The Works","floor":46},{"not_picked":["Sneak Up","Bane+1"],"picked":"Prepared+1","floor":48},{"not_picked":["Acrobatics","Dodge and Roll+1"],"picked":"Finisher","floor":48}],"player_experience":160715,"relics_obtained":[{"floor":6,"key":"InkBottle"},{"floor":9,"key":"Replay:Baseball"},{"floor":12,"key":"Blood Vial"},{"floor":23,"key":"Shovel"},{"floor":26,"key":"Juzu Bracelet"},{"floor":27,"key":"Bottled Flame"},{"floor":30,"key":"Red Mask"},{"floor":32,"key":"Kunai"},{"floor":40,"key":"Ornamental Fan"},{"floor":42,"key":"Torii"},{"floor":43,"key":"Simple Rune"},{"floor":48,"key":"Lantern"},{"floor":49,"key":"ReplayFunnel"}],"event_choices":[{"cards_removed":["Defend_G"],"damage_healed":0,"gold_gain":0,"player_choice":"Purged","damage_taken":0,"max_hp_gain":0,"max_hp_loss":0,"event_name":"Purifier","floor":2,"gold_loss":0},{"damage_healed":0,"gold_gain":0,"player_choice":"Obtained Relic","damage_taken":0,"relics_obtained":["Replay:Rubber Ducky"],"max_hp_gain":0,"max_hp_loss":0,"event_name":"Addict","floor":20,"gold_loss":85},{"damage_healed":0,"gold_gain":0,"player_choice":"Fought Bandits","damage_taken":0,"max_hp_gain":0,"max_hp_loss":0,"event_name":"Masked Bandits","floor":30,"gold_loss":0},{"damage_healed":0,"gold_gain":0,"player_choice":"Upgraded","damage_taken":0,"max_hp_gain":0,"max_hp_loss":0,"event_name":"Upgrade Shrine","floor":31,"gold_loss":0,"cards_upgraded":["Blade Dance"]},{"damage_healed":0,"gold_gain":0,"player_choice":"Max HP","damage_taken":0,"max_hp_gain":0,"max_hp_loss":4,"event_name":"Winding Halls","floor":41,"gold_loss":0}],"is_beta":false,"boss_relics":[{"not_picked":["Snecko Eye","Replay:Wanted Poster"],"picked":"ChewingGum"},{"not_picked":["Ring of Chaos","Tiny House"],"picked":"Astrolabe"}],"items_purged_floors":[0,0,21,36,47],"is_endless":false,"potions_floor_spawned":[3,6,12,16,22,23,24,29,37,40,42,46],"ascension_level":6}}