{"host":"yq2wmfr0u0wuvxc0","time":1612380823,"event":{"mods":["Act Like it!","Aspiration","BaseMod","Colored Powertips","Curses Come First","Defuse TimeMaze Blight","Downfall","Friendly Minions","Gensokyo","Gremlin Mod","Hallownest","Hubris","Infinite Spire","Koishi","Marisa????????","Minty Spire (QoL Compilation)","Pale of the Ancients","Quick Restart","Rare Cards Sparkle","Remilia??????","Shop Mod","Smile Girya","Spicy Shops","StSLib","The Servant 0.9.4","Wide Potions","Youmu??????"],"gold_per_floor":[0,19,38,58,58,74,74,74,59,93,162,181,181,231,250,250,250,250],"floor_reached":16,"language":"ZHS","playtime":1027,"items_purged":[],"score":109,"play_id":"04431dea-1ad4-481c-ad49-0d5148338c9b","local_time":"20210203113343","is_ascension_mode":true,"campfire_choices":[{"data":"champ:Taunt","floor":1,"key":"SMITH"},{"data":"champ:SetATrap","floor":8,"key":"SMITH"},{"data":"champ:GutPunch","floor":13,"key":"SMITH"}],"circlet_count":0,"master_deck":["champ:Strike","champ:Strike","champ:Strike","champ:Defend","champ:Defend","champ:Defend","champ:Execute","champ:Taunt+1","champ:GutPunch+1","champ:FocusedDefense","champ:SetATrap+1","champ:CalledShot","champ:DancingMaster","champ:DefensiveShout+1","champ:ViciousMockery+1","champ:Circumvent+1","champ:StanceDance+1"],"relics":["champ:ChampionCrown","SsserpentHead","Toxic Egg 2","CeramicFish","Thread and Needle"],"acts_visited":["Exordium"],"potions_floor_usage":[9,15],"damage_taken":[{"damage":13,"enemies":"Jaw Worm","floor":2,"turns":5},{"damage":36,"enemies":"infinitespire:Voidling","floor":3,"turns":5},{"damage":12,"enemies":"2 Louse","floor":4,"turns":3},{"damage":32,"enemies":"Exordium Wildlife","floor":6,"turns":5},{"damage":35,"enemies":"downfall:FleeingMerchant","floor":9,"turns":4},{"damage":33,"enemies":"Gremlin Nob","floor":10,"turns":5},{"damage":25,"enemies":"Lots of Slimes","floor":11,"turns":5},{"damage":18,"enemies":"Red Slaver","floor":12,"turns":3},{"damage":22,"enemies":"Exordium Thugs","floor":15,"turns":2},{"damage":24,"enemies":"IC_STATUS_ARCHETYPE","floor":16,"turns":10}],"seed_played":"5463740455866130988","potions_obtained":[{"floor":3,"key":"AttackPotion"},{"floor":4,"key":"Slimebound:ThreeZeroPotion"},{"floor":6,"key":"DistilledChaos"},{"floor":15,"key":"Ancient Potion"}],"is_trial":false,"path_per_floor":["R","M","M","M","?","M","T","R","$","E","M","M","R","?","M","B"],"character_chosen":"THE_CHAMP","items_purchased":[],"campfire_rested":0,"item_purchase_floors":[],"current_hp_per_floor":[90,87,80,78,78,76,76,76,76,53,43,35,35,23,23,0,0,0],"gold":250,"neow_bonus":"REMOVE_TWO","is_daily":false,"chose_seed":false,"campfire_upgraded":3,"win_rate":0.0,"timestamp":1612380823,"path_taken":["R","M","M","M","?","M","T","R","$","E","?","M","R","?","M","BOSS"],"items_purchased_type":[],"build_version":"2020-12-22","purchased_purges":0,"victory":false,"max_hp_per_floor":[90,90,90,90,90,90,90,90,90,90,90,90,90,90,90,90,90,90],"card_choices":[{"not_picked":["champ:IronFortress","champ:BerserkersShout"],"picked":"champ:GutPunch","floor":2},{"not_picked":["champ:RecklessLeap","champ:DefensiveShout"],"picked":"champ:FocusedDefense","floor":3},{"not_picked":["champ:Haymaker","champ:Backstep"],"picked":"champ:SetATrap","floor":4},{"not_picked":["champ:Encircle","champ:PerfectedStrike"],"picked":"champ:CalledShot","floor":6},{"not_picked":["champ:GutPunch","champ:PreciseThrust"],"picked":"champ:DancingMaster","floor":9},{"not_picked":["champ:FocusedDefense+1","champ:BringItOn+1"],"picked":"champ:DefensiveShout+1","floor":10},{"not_picked":["champ:BringItOn+1","champ:RecklessLeap"],"picked":"champ:ViciousMockery+1","floor":11},{"not_picked":["champ:StanceDance+1","champ:Backstep+1"],"picked":"champ:Circumvent+1","floor":12},{"not_picked":["champ:Encircle","champ:BerserkerStyle"],"picked":"champ:StanceDance+1","floor":15}],"player_experience":322426,"relics_obtained":[{"floor":7,"key":"Toxic Egg 2"},{"floor":10,"key":"CeramicFish"}],"event_choices":[{"damage_healed":0,"gold_gain":0,"player_choice":"Trade","damage_taken":0,"relics_obtained":["SsserpentHead"],"max_hp_gain":0,"max_hp_loss":0,"event_name":"FaceTrader","floor":5,"gold_loss":0},{"damage_healed":0,"gold_gain":0,"player_choice":"Success","damage_taken":12,"relics_obtained":["Thread and Needle"],"max_hp_gain":0,"max_hp_loss":0,"event_name":"Scrap Ooze","floor":14,"gold_loss":0}],"is_beta":false,"boss_relics":[],"items_purged_floors":[],"is_endless":false,"potions_floor_spawned":[3,4,6,15],"killed_by":"IC_STATUS_ARCHETYPE","ascension_level":1}}