{"host":"y4sghvfd0ewtcchd","time":1612376476,"event":{"mods":["A Penny For Your Troubles","Aspiration","BaseMod","Better Altar","Better Debug","Better Note","Better Third Choice","BetterRewards","Block Reminder","Colored Map","Colored Powertips","Highlight Path","Hubris","Infinite Spire","Minty Spire (QoL Compilation)","Relic Sorter","Relic Stats","Replay The Spire","Robot Space Explorer","Shop Mod","Spicy Shops","StSLib","The Jungle","The Saiyan","Wide Potions"],"gold_per_floor":[113,113,127,137,137,137,171,181,181,200,200,150,162,193,193,291,291,301,311,325,338,357,357,388,388,388,388,291,316,356,378,378,491,491,521,551,581,607,638,638,638,689,759,759,759,786,786,804,804,821,821,821,1068,1068,1074],"floor_reached":56,"language":"ENG","playtime":5307,"items_purged":["Languid","Strike_R","Strike_R"],"score":1803,"play_id":"b34af105-545b-4fc9-8a6a-2e0de3b51c06","local_time":"20210203212116","is_ascension_mode":true,"campfire_choices":[{"data":"ReplayReversal","floor":6,"key":"SMITH"},{"data":"hubris:EnhanceAbility","floor":11,"key":"SMITH"},{"data":"Seeing Red","floor":15,"key":"SMITH"},{"data":"Corruption","floor":23,"key":"SMITH"},{"data":"Uppercut","floor":25,"key":"SMITH"},{"data":"Warcry","floor":27,"key":"SMITH"},{"data":"Dark Embrace","floor":32,"key":"SMITH"},{"data":"ReplayReversal","floor":40,"key":"SMITH"},{"data":"Double Tap","floor":44,"key":"SMITH"},{"floor":47,"key":"RECALL"},{"data":"Double Tap","floor":49,"key":"SMITH"},{"data":"Offering","floor":52,"key":"SMITH"}],"circlet_count":0,"master_deck":["Strike_R+1","Defend_R","Defend_R","Defend_R","Defend_R+1","Bash","Warcry","Warcry+1","True Grit","ReplayReversal+1","Shrug It Off","True Grit","Uppercut+1","Second Wind","Battle Trance","Dark Embrace+1","hubris:EnhanceAbility+1","Dramatic Entrance","Combust+1","Flame Barrier","Defy Death","Double Tap+1","Entrench","Offering+1","Seeing Red+1","Flame Barrier","Immolate","Body Slam+1","Corruption+1","Carnage","Shrug It Off","Double Tap+1","Body Slam","ReplayReversal+1","Rage","Headbutt+1","Dark Embrace+1","Body Slam","Body Slam","Life Link","hubris:EnhanceAbility","Enlightenment","Replay:Dark Deal"],"relics":["Burning Blood","hubris:Reverence","Membership Card","FossilizedHelix","ReplayTheSpireMod:CursedCoin","aspiration:HummingbirdHeart","infinitespire:Satchel","Orrery","Bottled Lightning","Bag of Preparation","Bronze Scales","infinitespire:Midas Blood","Kunai","Simple Rune","hubris:GrandSneckoEye","hubris:BottledRain","infinitespire:ShieldingShard","Replay:Wax Seal","Pet Ghost","Replay:Bandana","Replay:Fungal Core","aspiration:FrozenJewel","hubris:VirtuousBlindfold","Brimstone","hubris:NiceRug","infinitespire:Beetle Shell","infinitespire:BottledMercury","ReplayTheSpireMod:ShopPack","ReplayTheSpireMod:Lightbulb","aspiration:HatOfInfinitePower","Cauldron"],"acts_visited":["Exordium","TheCity","TheBeyond","TheEnding"],"potions_floor_usage":[8,18,42,46,55],"damage_taken":[{"damage":0,"enemies":"Small Slimes","floor":1,"turns":3},{"damage":0,"enemies":"Cultist","floor":3,"turns":3},{"damage":0,"enemies":"Jaw Worm","floor":4,"turns":2},{"damage":0,"enemies":"Lagavulin","floor":7,"turns":5},{"damage":0,"enemies":"Gremlin Gang","floor":8,"turns":2},{"damage":0,"enemies":"2 Fungi Beasts","floor":10,"turns":3},{"damage":0,"enemies":"Exordium Thugs","floor":13,"turns":3},{"damage":0,"enemies":"Gremlin Nob","floor":14,"turns":4},{"damage":0,"enemies":"Slime Boss","floor":16,"turns":10},{"damage":0,"enemies":"2 Thieves","floor":18,"turns":2},{"damage":0,"enemies":"3 Byrds","floor":19,"turns":2},{"damage":0,"enemies":"Snake Plant","floor":20,"turns":2},{"damage":0,"enemies":"Centurion and Healer","floor":21,"turns":5},{"damage":0,"enemies":"Chosen and Byrds","floor":22,"turns":3},{"damage":0,"enemies":"Book of Stabbing","floor":24,"turns":3},{"damage":0,"enemies":"Replay:Snechameleon","floor":29,"turns":3},{"damage":0,"enemies":"Cultist and Chosen","floor":30,"turns":3},{"damage":0,"enemies":"Snake Plant","floor":31,"turns":2},{"damage":0,"enemies":"Automaton","floor":33,"turns":2},{"damage":0,"enemies":"3 Darklings","floor":35,"turns":3},{"damage":0,"enemies":"3 Shapes","floor":36,"turns":2},{"damage":0,"enemies":"Maw","floor":37,"turns":5},{"damage":0,"enemies":"Spire Growth","floor":38,"turns":3},{"damage":0,"enemies":"Transient","floor":39,"turns":5},{"damage":0,"enemies":"Nemesis","floor":42,"turns":5},{"damage":0,"enemies":"Sphere and 2 Shapes","floor":46,"turns":3},{"damage":0,"enemies":"Writhing Mass","floor":48,"turns":2},{"damage":0,"enemies":"Replay:Hell Engine","floor":50,"turns":6},{"damage":0,"enemies":"hubris:Merchant","floor":53,"turns":2},{"damage":0,"enemies":"The Heart","floor":55,"turns":2}],"seed_played":"1892542045363297238","potions_obtained":[{"floor":1,"key":"SkillPotion"},{"floor":3,"key":"Strength Potion"},{"floor":4,"key":"LiquidMemories"},{"floor":14,"key":"LiquidMemories"},{"floor":16,"key":"SkillPotion"},{"floor":19,"key":"infinitespire:BlackPotion"},{"floor":21,"key":"BloodPotion"},{"floor":24,"key":"Fire Potion"},{"floor":42,"key":"BlessingOfTheForge"},{"floor":48,"key":"Fire Potion"},{"floor":53,"key":"FairyPotion"},{"floor":53,"key":"BloodPotion"},{"floor":53,"key":"infinitespire:BlackPotion"}],"is_trial":false,"path_per_floor":["M","?","M","M","?","R","E","M","T","M","R","$","M","E","R","B",null,"M","M","M","M","M","R","E","R","T","R","$","E","M","M","R","B",null,"M","M","M","M","M","R","?","E","T","R","AVR","M","R","M","R","B",null,"R","$","E","B",null],"character_chosen":"IRONCLAD","items_purchased":["Membership Card","FossilizedHelix","Warcry","True Grit","ReplayTheSpireMod:CursedCoin","aspiration:HummingbirdHeart","infinitespire:Satchel","hubris:MobiusCoin","Orrery","Bottled Lightning","Bag of Preparation","Battle Trance","hubris:Reverence","Dark Embrace","Bronze Scales","hubris:EnhanceAbility","Dramatic Entrance","Combust+1","Seeing Red","Replay:Wax Seal","Pet Ghost","Body Slam"],"campfire_rested":0,"item_purchase_floors":[0,0,0,0,0,0,0,0,0,0,0,0,0,0,0,0,0,0,12,28,28,53],"current_hp_per_floor":[30,30,36,42,42,42,48,54,54,60,60,60,66,72,72,78,80,80,80,80,80,80,80,80,80,80,80,80,80,80,80,80,80,80,80,80,80,80,80,80,80,80,80,80,80,80,80,80,80,80,80,80,80,80,80],"gold":1074,"neow_bonus":"","is_daily":false,"chose_seed":false,"campfire_upgraded":11,"win_rate":0.0,"timestamp":1612376476,"path_taken":["M","?","?","M","?","R","E","M","T","M","R","$","?","E","R","BOSS","M","M","M","M","M","R","E","R","T","R","$","E","M","M","R","BOSS","M","M","M","M","M","R","?","E","T","R","AVR","M","R","M","R","BOSS","R","$","E","BOSS"],"items_purchased_type":["Relic","Relic","Card","Card","Relic","Relic","Relic","Relic","Relic","Relic","Relic","Card","Relic","Card","Relic","Card","Card","Card","Card","Relic","Relic","Card"],"build_version":"2020-12-22","purchased_purges":3,"victory":true,"max_hp_per_floor":[80,80,80,80,80,80,80,80,80,80,80,80,80,80,80,80,80,80,80,80,80,80,80,80,80,80,80,80,80,80,80,80,80,80,80,80,80,80,80,80,80,80,80,80,80,80,80,80,80,80,80,80,80,80,80],"relic_stats":{"counters":[272,1095],"Bronze Scales":[254],"Bag of Preparation":[124],"Kunai":[51],"obtain_stats":[{"infinitespire:BottledMercury":26,"Golden Egg":53,"infinitespire:Cubic Diamond":2,"aspiration:PoetsPen_weak":17,"Whetstone":53,"Ginger":55,"Bottled Tornado":7,"Sling":0,"Boot":0,"aspiration:RitualStick":31,"Old Coin":43,"Blood Vial":5,"Replay:Wanted Poster":17,"infinitespire:ShieldingShard":0,"Replay:Bronze Core":17,"hubris:DeckOfHolding":10,"infinitespire:Golems Mask":0,"Fusion Hammer":34,"HandDrill":53,"Replay:Bottled Flurry":9,"Kunai":9,"Replay:Wax Seal":28,"hubris:TinFlute":0,"hubris:MobiusCoin":0,"Blue Candle":7,"hubris:SphereOfDissonance":24,"ReplayTheSpireMod:SealedPack":17,"aspiration:FrozenJewel":46,"infinitespire:EvilPickle":33,"infinitespire:Broken Mirror":0,"MutagenicStrength":29,"Bird Faced Urn":25,"aspiration:SilentSkillbook":34,"infinitespire:PuzzleCube":0,"Abe\u0027s Treasure":17,"Unceasing Top":54,"hubris:Reverence":46,"Regal Pillow":6,"aspiration:Lifesprig":0,"Lantern":0,"hubris:Metronome":54,"Singing Bowl":7,"Magic Flower":47,"Blue Doll":0,"Painkiller Herb":28,"King of Hearts":40,"Bag of Preparation":9,"hubris:EmptyBottle":53,"Smiling Mask":26,"Burning Blood":0,"Pet Ghost":28,"Replay:Rubber Ducky":9,"hubris:Backtick":46,"Matryoshka":0,"Shovel":29,"infinitespire:Bottled Soul":28,"aspiration:AnachronicSnailShell":36,"hubris:ScarierMask":34,"hubris:FunFungus":11,"WingedGreaves":23,"aspiration:FutureDiary":34,"hubris:GlazedTorus":0,"aspiration:ChemicalBlood":55,"Potion Belt":23,"Lee\u0027s Waffle":0,"NeowsBlessing":0,"Replay:Fungal Core":34,"Golden Idol":3,"Self Forming Clay":53,"The Courier":38,"PreservedInsect":8,"Omamori":28,"infinitespire:Lucky Rock":25,"Frozen Egg 2":26,"hubris:Towel":38,"Bloody Idol":37,"Orrery":36,"Art of War":25,"Champion Belt":6,"Bottled Lightning":39,"ReplayTheSpireMod:Lightbulb":53,"Toy Ornithopter":9,"infinitespire:Midas Blood":7,"hubris:BottledRain":24,"Ice Cream":55,"Tiny House":17,"hubris:CrystalStatue":40,"Calipers":0,"Gremlin Horn":0,"Vajra":0,"hubris:VirtuousBlindfold":45,"Centennial Puzzle":54,"HornCleat":7,"Prayer Wheel":7,"Philosopher\u0027s Stone":19,"Toxic Egg 2":0,"hexamod:SpiritBrand":24,"Happy Flower":0,"hubris:DuctTape":22,"ReplayTheSpireMod:CursedCoin":4,"aspiration:Nostalgia":24,"Oddly Smooth Stone":13,"infinitespire:Beetle Shell":53,"Ring of Chaos":17,"hubris:Zylophone":46,"OrangePellets":0,"Replay:Baseball":0,"ReplayTheSpireMod:Shallot":45,"Shuriken":31,"Brimstone":44,"Bronze Scales":29,"Onion Ring":42,"hubris:PeanutButter":30,"Simple Rune":14,"ReplayTheSpireMod:TigerMarble":29,"hubris:ToyBattleship":6,"Mirror":0,"ReplayTheSpireMod:DimensionalGlitch":34,"aspiration:HatOfInfinitePower":53,"Darkstone Periapt":13,"Juzu Bracelet":19,"ClockworkSouvenir":47,"Replay:Bandana":7,"hubris:Icosahedron":42,"Chameleon Ring":38,"TheAbacus":53,"Mummified Hand":0,"Pantograph":19,"Tiny Chest":14,"Cracked Core":0,"Red Skull":28,"hubris:DisguiseKit":9,"BargainBundle":0,"ReplayTheSpireMod:Ninjato":41,"Guide Book":0,"hubris:MedicalManual":46,"aspiration:HummingbirdHeart":0,"Orichalcum":29,"Medical Kit":39,"White Beast Statue":53,"Peace Pipe":31,"Strange Spoon":0,"Cauldron":53,"Anchor":24,"CaptainsWheel":39,"infinitespire:WardingShard":9,"infinitespire:Satchel":4,"ChewingGum":34,"hubris:BundleOfHerbs":41,"Another Sword":0,"Coffee Dripper":17,"hubris:GrandSneckoEye":17,"Bag of Marbles":0,"Membership Card":0,"hubris:Potato":26,"FossilizedHelix":44,"TungstenRod":45,"m_BurningSludge":2,"hubris:NiceRug":53,"ReplayTheSpireMod:ShopPack":55},{"infinitespire:BottledMercury":66,"Golden Egg":126,"infinitespire:Cubic Diamond":19,"aspiration:PoetsPen_weak":85,"Whetstone":101,"Ginger":241,"Bottled Tornado":185,"Sling":103,"Boot":128,"aspiration:RitualStick":115,"Old Coin":203,"Blood Vial":161,"Replay:Wanted Poster":165,"infinitespire:ShieldingShard":176,"Replay:Bronze Core":47,"hubris:DeckOfHolding":21,"infinitespire:Golems Mask":128,"Fusion Hammer":197,"HandDrill":101,"Replay:Bottled Flurry":185,"Kunai":247,"Replay:Wax Seal":257,"hubris:TinFlute":157,"hubris:MobiusCoin":242,"Blue Candle":42,"hubris:SphereOfDissonance":168,"ReplayTheSpireMod:SealedPack":109,"aspiration:FrozenJewel":72,"infinitespire:EvilPickle":68,"infinitespire:Broken Mirror":157,"MutagenicStrength":91,"Bird Faced Urn":224,"aspiration:SilentSkillbook":68,"infinitespire:PuzzleCube":12,"Abe\u0027s Treasure":33,"Unceasing Top":156,"hubris:Reverence":98,"Regal Pillow":3,"aspiration:Lifesprig":39,"Lantern":77,"hubris:Metronome":127,"Singing Bowl":105,"Magic Flower":73,"Blue Doll":103,"Painkiller Herb":141,"King of Hearts":233,"Bag of Preparation":5,"hubris:EmptyBottle":155,"Smiling Mask":168,"Burning Blood":0,"Pet Ghost":257,"Replay:Rubber Ducky":82,"hubris:Backtick":98,"Matryoshka":157,"Shovel":169,"infinitespire:Bottled Soul":66,"aspiration:AnachronicSnailShell":96,"hubris:ScarierMask":144,"hubris:FunFungus":57,"WingedGreaves":65,"aspiration:FutureDiary":172,"hubris:GlazedTorus":180,"aspiration:ChemicalBlood":241,"Potion Belt":223,"Lee\u0027s Waffle":39,"NeowsBlessing":0,"Replay:Fungal Core":261,"Golden Idol":104,"Self Forming Clay":155,"The Courier":70,"PreservedInsect":133,"Omamori":114,"infinitespire:Lucky Rock":66,"Frozen Egg 2":141,"hubris:Towel":200,"Bloody Idol":174,"Orrery":145,"Art of War":141,"Champion Belt":133,"Bottled Lightning":232,"ReplayTheSpireMod:Lightbulb":271,"Toy Ornithopter":133,"infinitespire:Midas Blood":246,"hubris:BottledRain":257,"Ice Cream":241,"Tiny House":10,"hubris:CrystalStatue":148,"Calipers":157,"Gremlin Horn":103,"Vajra":39,"hubris:VirtuousBlindfold":267,"Centennial Puzzle":102,"HornCleat":215,"Prayer Wheel":56,"Philosopher\u0027s Stone":191,"Toxic Egg 2":128,"hexamod:SpiritBrand":112,"Happy Flower":39,"hubris:DuctTape":192,"ReplayTheSpireMod:CursedCoin":80,"aspiration:Nostalgia":112,"Oddly Smooth Stone":135,"infinitespire:Beetle Shell":155,"Ring of Chaos":190,"hubris:Zylophone":205,"OrangePellets":176,"Replay:Baseball":128,"ReplayTheSpireMod:Shallot":98,"Shuriken":143,"Brimstone":203,"Bronze Scales":66,"Onion Ring":122,"hubris:PeanutButter":170,"Simple Rune":250,"ReplayTheSpireMod:TigerMarble":66,"hubris:ToyBattleship":82,"Mirror":51,"ReplayTheSpireMod:DimensionalGlitch":94,"aspiration:HatOfInfinitePower":271,"Darkstone Periapt":8,"Juzu Bracelet":48,"ClockworkSouvenir":98,"Replay:Bandana":29,"hubris:Icosahedron":71,"Chameleon Ring":97,"TheAbacus":126,"Mummified Hand":26,"Pantograph":191,"Tiny Chest":46,"Cracked Core":0,"Red Skull":141,"hubris:DisguiseKit":105,"BargainBundle":77,"ReplayTheSpireMod:Ninjato":98,"Guide Book":77,"hubris:MedicalManual":98,"aspiration:HummingbirdHeart":157,"Orichalcum":169,"Medical Kit":175,"White Beast Statue":101,"Peace Pipe":93,"Strange Spoon":39,"Cauldron":271,"Anchor":112,"CaptainsWheel":232,"infinitespire:WardingShard":14,"infinitespire:Satchel":2,"ChewingGum":116,"hubris:BundleOfHerbs":71,"Another Sword":180,"Coffee Dripper":24,"hubris:GrandSneckoEye":59,"Bag of Marbles":180,"Membership Card":128,"hubris:Potato":112,"FossilizedHelix":122,"TungstenRod":150,"m_BurningSludge":19,"hubris:NiceRug":101,"ReplayTheSpireMod:ShopPack":241},{"infinitespire:BottledMercury":326,"Golden Egg":582,"infinitespire:Cubic Diamond":63,"aspiration:PoetsPen_weak":417,"Whetstone":468,"Ginger":990,"Bottled Tornado":814,"Sling":477,"Boot":601,"aspiration:RitualStick":529,"Old Coin":879,"Blood Vial":726,"Replay:Wanted Poster":741,"infinitespire:ShieldingShard":791,"Replay:Bronze Core":225,"hubris:DeckOfHolding":83,"infinitespire:Golems Mask":601,"Fusion Hammer":853,"HandDrill":468,"Replay:Bottled Flurry":814,"Kunai":1010,"Replay:Wax Seal":1047,"hubris:TinFlute":711,"hubris:MobiusCoin":995,"Blue Candle":196,"hubris:SphereOfDissonance":755,"ReplayTheSpireMod:SealedPack":500,"aspiration:FrozenJewel":357,"infinitespire:EvilPickle":338,"infinitespire:Broken Mirror":711,"MutagenicStrength":436,"Bird Faced Urn":945,"aspiration:SilentSkillbook":338,"infinitespire:PuzzleCube":39,"Abe\u0027s Treasure":146,"Unceasing Top":706,"hubris:Reverence":457,"Regal Pillow":3,"aspiration:Lifesprig":175,"Lantern":393,"hubris:Metronome":590,"Singing Bowl":482,"Magic Flower":364,"Blue Doll":477,"Painkiller Herb":649,"King of Hearts":967,"Bag of Preparation":11,"hubris:EmptyBottle":703,"Smiling Mask":755,"Burning Blood":0,"Pet Ghost":1047,"Replay:Rubber Ducky":406,"hubris:Backtick":457,"Matryoshka":711,"Shovel":758,"infinitespire:Bottled Soul":326,"aspiration:AnachronicSnailShell":450,"hubris:ScarierMask":662,"hubris:FunFungus":272,"WingedGreaves":322,"aspiration:FutureDiary":773,"hubris:GlazedTorus":801,"aspiration:ChemicalBlood":990,"Potion Belt":940,"Lee\u0027s Waffle":175,"NeowsBlessing":0,"Replay:Fungal Core":1057,"Golden Idol":479,"Self Forming Clay":703,"The Courier":347,"PreservedInsect":616,"Omamori":524,"infinitespire:Lucky Rock":326,"Frozen Egg 2":649,"hubris:Towel":865,"Bloody Idol":782,"Orrery":667,"Art of War":649,"Champion Belt":616,"Bottled Lightning":966,"ReplayTheSpireMod:Lightbulb":1093,"Toy Ornithopter":616,"infinitespire:Midas Blood":1008,"hubris:BottledRain":1047,"Ice Cream":990,"Tiny House":30,"hubris:CrystalStatue":675,"Calipers":711,"Gremlin Horn":477,"Vajra":175,"hubris:VirtuousBlindfold":1080,"Centennial Puzzle":471,"HornCleat":919,"Prayer Wheel":267,"Philosopher\u0027s Stone":832,"Toxic Egg 2":601,"hexamod:SpiritBrand":513,"Happy Flower":175,"hubris:DuctTape":835,"ReplayTheSpireMod:CursedCoin":401,"aspiration:Nostalgia":513,"Oddly Smooth Stone":623,"infinitespire:Beetle Shell":703,"Ring of Chaos":829,"hubris:Zylophone":884,"OrangePellets":791,"Replay:Baseball":601,"ReplayTheSpireMod:Shallot":457,"Shuriken":656,"Brimstone":879,"Bronze Scales":326,"Onion Ring":563,"hubris:PeanutButter":761,"Simple Rune":1020,"ReplayTheSpireMod:TigerMarble":326,"hubris:ToyBattleship":406,"Mirror":248,"ReplayTheSpireMod:DimensionalGlitch":445,"aspiration:HatOfInfinitePower":1093,"Darkstone Periapt":22,"Juzu Bracelet":230,"ClockworkSouvenir":457,"Replay:Bandana":131,"hubris:Icosahedron":353,"Chameleon Ring":452,"TheAbacus":582,"Mummified Hand":119,"Pantograph":832,"Tiny Chest":215,"Cracked Core":0,"Red Skull":649,"hubris:DisguiseKit":482,"BargainBundle":393,"ReplayTheSpireMod:Ninjato":457,"Guide Book":393,"hubris:MedicalManual":457,"aspiration:HummingbirdHeart":711,"Orichalcum":758,"Medical Kit":787,"White Beast Statue":468,"Peace Pipe":440,"Strange Spoon":175,"Cauldron":1093,"Anchor":513,"CaptainsWheel":966,"infinitespire:WardingShard":45,"infinitespire:Satchel":2,"ChewingGum":533,"hubris:BundleOfHerbs":353,"Another Sword":801,"Coffee Dripper":106,"hubris:GrandSneckoEye":290,"Bag of Marbles":801,"Membership Card":601,"hubris:Potato":513,"FossilizedHelix":563,"TungstenRod":681,"m_BurningSludge":63,"hubris:NiceRug":468,"ReplayTheSpireMod:ShopPack":990}],"Burning Blood":878},"card_choices":[{"not_picked":["Armaments","Sword Boomerang"],"picked":"ReplayReversal","floor":0},{"not_picked":["Eclipse","Clothesline"],"picked":"Shrug It Off","floor":0},{"not_picked":["Disarm","Intimidate"],"picked":"True Grit","floor":0},{"not_picked":["Flex","Clash"],"picked":"Uppercut","floor":0},{"not_picked":["Headbutt","Heavy Blade"],"picked":"Second Wind","floor":0},{"not_picked":["Ghostly Armor","Wild Strike"],"picked":"Flame Barrier","floor":1},{"not_picked":["Dark Embrace","Iron Wave"],"picked":"Defy Death","floor":3},{"not_picked":["ReplayTheSpireMod:LeadingStrike","Spot Weakness","Twin Strike"],"picked":"SKIP","floor":4},{"not_picked":["Armaments","Disarm"],"picked":"Double Tap","floor":7},{"not_picked":["Twin Strike","Pommel Strike"],"picked":"Entrench","floor":8},{"not_picked":["Disarm","Rage"],"picked":"Offering","floor":10},{"not_picked":["Sword Boomerang","Abandon","Twin Strike"],"picked":"SKIP","floor":13},{"not_picked":["Thunderclap","Wild Strike"],"picked":"Flame Barrier","floor":14},{"not_picked":["Replay:Many Hands","Limit Break"],"picked":"Immolate","floor":16},{"not_picked":["Wild Strike+1","Heavy Blade","Thunderclap"],"picked":"SKIP","floor":18},{"not_picked":["Second Wind","Rupture+1","Warcry"],"picked":"SKIP","floor":19},{"not_picked":["Run Through+1","Clothesline","Headbutt"],"picked":"SKIP","floor":20},{"not_picked":["ReplayTheSpireMod:LeadingStrike","Wild Strike"],"picked":"Body Slam+1","floor":21},{"not_picked":["Cleave","True Grit"],"picked":"Corruption","floor":22},{"not_picked":["Anger","Corruption"],"picked":"Carnage","floor":24},{"not_picked":["Armaments","Iron Wave+1"],"picked":"Shrug It Off","floor":29},{"not_picked":["Heavy Blade+1","Clothesline","hubris:ReadiedAction"],"picked":"SKIP","floor":30},{"not_picked":["Wild Strike","Defy Death","True Grit"],"picked":"SKIP","floor":31},{"not_picked":["Immolate","Brutality"],"picked":"Double Tap","floor":33},{"not_picked":["Shrug It Off","Flex","Anger"],"picked":"SKIP","floor":35},{"not_picked":["Heavy Blade+1","True Grit","Life Link"],"picked":"SKIP","floor":36},{"not_picked":["Twin Strike","Uppercut+1"],"picked":"Body Slam","floor":37},{"not_picked":["Flex+1","ReplayTheSpireMod:Corrosion Curse+1"],"picked":"ReplayReversal","floor":38},{"not_picked":["Perfected Strike","Shrug It Off+1"],"picked":"Rage","floor":39},{"not_picked":["Hemogenesis","Disarm"],"picked":"Headbutt+1","floor":42},{"not_picked":["Ghostly Armor","Life Link+1"],"picked":"Dark Embrace+1","floor":46},{"not_picked":["ReplayTheSpireMod:Strike From Hell+1","ReplayTheSpireMod:LeadingStrike+1","Shrug It Off"],"picked":"SKIP","floor":48},{"not_picked":[],"picked":"Life Link","floor":53},{"not_picked":["Replay:Undeath\u0027s Touch"],"picked":"SKIP","floor":53},{"not_picked":["Flex"],"picked":"SKIP","floor":53},{"not_picked":["Armaments"],"picked":"SKIP","floor":53},{"not_picked":["hubris:Ssssneak"],"picked":"SKIP","floor":53},{"not_picked":["Crow Ritual"],"picked":"SKIP","floor":53},{"not_picked":["Replay:Undeath\u0027s Touch"],"picked":"SKIP","floor":53},{"not_picked":["Flex"],"picked":"SKIP","floor":53},{"not_picked":["Armaments"],"picked":"SKIP","floor":53},{"not_picked":["hubris:Ssssneak"],"picked":"SKIP","floor":53},{"not_picked":["Crow Ritual"],"picked":"SKIP","floor":53},{"not_picked":["Magnetism","Violence"],"picked":"hubris:EnhanceAbility","floor":54},{"not_picked":["hubris:Ssssneak","Replay:Sssssssssstrike"],"picked":"Enlightenment","floor":54},{"not_picked":["Dark Shackles","Metamorphosis"],"picked":"Replay:Dark Deal","floor":54}],"player_experience":787762,"relics_obtained":[{"floor":7,"key":"infinitespire:Midas Blood"},{"floor":9,"key":"Kunai"},{"floor":14,"key":"Simple Rune"},{"floor":24,"key":"hubris:BottledRain"},{"floor":26,"key":"infinitespire:ShieldingShard"},{"floor":29,"key":"Replay:Bandana"},{"floor":42,"key":"aspiration:FrozenJewel"},{"floor":53,"key":"infinitespire:Beetle Shell"},{"floor":53,"key":"infinitespire:BottledMercury"},{"floor":53,"key":"ReplayTheSpireMod:ShopPack"},{"floor":53,"key":"ReplayTheSpireMod:Lightbulb"},{"floor":53,"key":"aspiration:HatOfInfinitePower"},{"floor":53,"key":"Cauldron"}],"event_choices":[{"cards_removed":["Strike_R"],"damage_healed":0,"gold_gain":0,"player_choice":"Purged","damage_taken":0,"max_hp_gain":0,"max_hp_loss":0,"event_name":"Purifier","floor":2,"gold_loss":0},{"cards_removed":["Strike_R"],"damage_healed":0,"gold_gain":0,"player_choice":"Card Removal","damage_taken":0,"max_hp_gain":0,"max_hp_loss":0,"event_name":"Wheel of Change","floor":5,"gold_loss":0}],"is_beta":false,"boss_relics":[{"not_picked":["Runic Dome","Ring of Chaos"],"picked":"hubris:GrandSneckoEye"},{"not_picked":["Runic Pyramid","Coffee Dripper"],"picked":"Replay:Fungal Core"}],"items_purged_floors":[0,45,53],"is_endless":false,"potions_floor_spawned":[1,3,4,14,16,19,21,24,30,35,38,42,48],"ascension_level":9}}