{"host":"6iv6hzocosv1haef","time":1612390877,"event":{"mods":["AchievementEnabler","AlwaysNeverKeys","BaseMod","Colored Map","Colored Powertips","Downfall","Friendly Minions","GifTheSpireLib","Highlight Path","Minty Spire (QoL Compilation)","Permanent Neow","Quick Restart","Relic Filter","Relic Sorter","StSLib"],"gold_per_floor":[99,111,126,145,145,145,145,155,155,255,272,307,307,336,355,355,355,355],"floor_reached":16,"language":"ENG","playtime":1026,"items_purged":[],"score":137,"play_id":"206c14ce-561a-4787-83fd-275a1d14b2af","local_time":"20210203222117","is_ascension_mode":false,"campfire_choices":[{"data":"Guardian:TwinSlam","floor":1.0,"key":"SMITH"},{"data":"Guardian:SentryBeam","floor":13.0,"key":"SMITH"}],"circlet_count":0,"master_deck":["Guardian:Strike_Guardian","Guardian:Strike_Guardian","Guardian:Strike_Guardian","Guardian:Defend_Guardian","Guardian:Defend_Guardian","Guardian:Defend_Guardian","Guardian:Defend_Guardian","Guardian:CurlUp","Guardian:TwinSlam+1","Guardian:SentryBeam+1","Guardian:TemporalStrike"],"relics":["Guardian:ModeShifter","Ornamental Fan","Pear","Strawberry"],"acts_visited":["Exordium"],"potions_floor_usage":[],"damage_taken":[{"damage":2.0,"enemies":"Small Slimes","floor":2.0,"turns":5.0},{"damage":0.0,"enemies":"2 Louse","floor":3.0,"turns":2.0},{"damage":1.0,"enemies":"Jaw Worm","floor":4.0,"turns":4.0},{"damage":0.0,"enemies":"Large Slime","floor":8.0,"turns":6.0},{"damage":3.0,"enemies":"Red Slaver","floor":11.0,"turns":4.0},{"damage":14.0,"enemies":"Lagavulin","floor":12.0,"turns":8.0},{"damage":8.0,"enemies":"Gremlin Nob","floor":14.0,"turns":5.0},{"damage":0.0,"enemies":"Blue Slaver","floor":15.0,"turns":4.0},{"damage":0,"enemies":"WA_ARCHETYPE_RETAIN","floor":16,"turns":1}],"seed_played":"-4818963318450359798","potions_obtained":[{"floor":4.0,"key":"DuplicationPotion"},{"floor":8.0,"key":"Regen Potion"},{"floor":12.0,"key":"ColorlessPotion"},{"floor":14.0,"key":"EntropicBrew"}],"is_trial":false,"path_per_floor":["R","M","M","M","?","?","T","M","?","?","M","E","R","E","M","B"],"character_chosen":"GUARDIAN","items_purchased":[],"campfire_rested":0,"item_purchase_floors":[],"current_hp_per_floor":[80,78,78,77,82,82,82,82,82,82,79,75,75,74,74,74,74,74],"gold":355,"neow_bonus":"ONE_RANDOM_RARE_CARD","is_daily":false,"chose_seed":false,"campfire_upgraded":2,"win_rate":0.0,"timestamp":1612390877,"path_taken":["R","M","M","M","?","?","T","M","?","?","M","E","R","E","M","BOSS"],"items_purchased_type":[],"build_version":"2020-12-22","purchased_purges":0,"victory":false,"max_hp_per_floor":[80,80,80,80,85,85,85,85,85,85,85,95,95,102,102,102,102,102],"card_choices":[{"not_picked":["Guardian:Suspension","Guardian:Gem_Yellow","Guardian:Planning"],"picked":"SKIP","floor":2.0},{"not_picked":["Guardian:WalkerClaw","Guardian:MultiBeam","Guardian:ChargeCore"],"picked":"SKIP","floor":3.0},{"not_picked":["Guardian:SpikerProtocol","Guardian:Planning","Guardian:WalkerClaw"],"picked":"SKIP","floor":4.0},{"not_picked":["Guardian:Gem_Lightblue","Guardian:WalkerClaw"],"picked":"Guardian:SentryBeam","floor":8.0},{"not_picked":["Guardian:Gem_Lightblue","Guardian:Gem_Cyan"],"picked":"Guardian:TemporalStrike","floor":11.0},{"not_picked":["Guardian:FastForward","Guardian:ArmoredProtocol","Guardian:Preprogram"],"picked":"SKIP","floor":12.0},{"not_picked":["Guardian:TimeBomb","Guardian:Gem_Lightblue","Guardian:Gem_Fragmented"],"picked":"SKIP","floor":14.0},{"not_picked":["Guardian:ShieldCharger","Guardian:ShieldSpikes","Guardian:TemporalStrike"],"picked":"SKIP","floor":15.0}],"player_experience":182559,"relics_obtained":[{"floor":7.0,"key":"Ornamental Fan"},{"floor":12.0,"key":"Pear"},{"floor":14.0,"key":"Strawberry"}],"event_choices":[{"damage_healed":0.0,"max_hp_gain":5.0,"max_hp_loss":0.0,"gold_gain":0.0,"event_name":"Big Fish","player_choice":"Donut","floor":5.0,"gold_loss":0.0,"damage_taken":0.0},{"damage_healed":0.0,"max_hp_gain":0.0,"max_hp_loss":0.0,"gold_gain":0.0,"cards_transformed":["Guardian:Strike_Guardian"],"event_name":"Living Wall","player_choice":"Change","floor":6.0,"gold_loss":0.0,"damage_taken":0.0,"cards_obtained":["Guardian:Planning"]}],"is_beta":false,"boss_relics":[],"items_purged_floors":[],"is_endless":false,"potions_floor_spawned":[4,8,12,14],"killed_by":"WA_ARCHETYPE_RETAIN","ascension_level":0}}