{"host":"Doisman","time":1612364306,"event":{"mods":["AchievementEnabler","BaseMod","Better Note","Curses Come First","Minty Spire (QoL Compilation)","Permanent Neow","Relic Stats","Replay The Spire","StSLib"],"gold_per_floor":[134,149,184,32,32,32,32,32,57,57,112,54,54,69,69,169,169,209,274,314,404,444,444,444],"floor_reached":23,"language":"ENG","playtime":982,"items_purged":["Strike_B"],"score":191,"play_id":"4418a4dd-ca15-46c5-8d41-eb4d9efb4119","local_time":"20210203085826","daily_mods":["Allstar","Purple Cards","Lethality"],"is_ascension_mode":false,"campfire_choices":[{"data":"Reprogram","floor":6,"key":"SMITH"},{"data":"Hologram","floor":8,"key":"SMITH"},{"data":"HandOfGreed","floor":10,"key":"SMITH"},{"data":"ReplayGash","floor":15,"key":"SMITH"}],"circlet_count":0,"master_deck":["Strike_B","Strike_B","Strike_B","Defend_B","Defend_B","Defend_B","Defend_B","Zap","Dualcast","Bandage Up","Mayhem","Magnetism","HandOfGreed+1","Crow Ritual","JustLucky","Hologram+1","Reprogram+1","Seek","ReplayGash+1","ReplayGash+1","CutThroughFate","Seek","ThirdEye+1","Wireheading+1"],"relics":["Cracked Core","Pen Nib","Replay:Bottled Snecko","Fusion Hammer"],"acts_visited":["Exordium","TheCity"],"potions_floor_usage":[22,22,23],"damage_taken":[{"damage":4,"enemies":"Cultist","floor":1,"turns":3},{"damage":4,"enemies":"2 Louse","floor":2,"turns":2},{"damage":4,"enemies":"Jaw Worm","floor":3,"turns":3},{"damage":23,"enemies":"Replay:BlueRogue","floor":11,"turns":8},{"damage":6,"enemies":"Large Slime","floor":14,"turns":4},{"damage":50,"enemies":"Hexaghost","floor":16,"turns":7},{"damage":0,"enemies":"Spheric Guardian","floor":18,"turns":2},{"damage":25,"enemies":"2 Thieves","floor":19,"turns":4},{"damage":14,"enemies":"Sentry and Sphere","floor":20,"turns":5},{"damage":16,"enemies":"Cultist and Chosen","floor":22,"turns":3},{"damage":34,"enemies":"Book of Stabbing","floor":23,"turns":4}],"seed_played":"4031875728642390749","potions_obtained":[{"floor":2,"key":"SteroidPotion"},{"floor":14,"key":"PowerPotion"},{"floor":16,"key":"Elixir"},{"floor":19,"key":"DuplicationPotion"},{"floor":22,"key":"Block Potion"}],"is_trial":false,"path_per_floor":["M","M","M","$","?","R","$","R","T","R","E","$","?","M","R","B",null,"M","M","M","?","M","E"],"character_chosen":"DEFECT","items_purchased":["Reprogram","ReplayGash"],"campfire_rested":0,"item_purchase_floors":[4,12],"current_hp_per_floor":[71,71,71,71,76,76,76,76,76,76,57,57,57,55,55,9,80,80,59,49,37,25,0,0],"gold":444,"neow_bonus":"","is_daily":true,"chose_seed":false,"campfire_upgraded":4,"win_rate":0.0,"timestamp":1612364306,"path_taken":["M","M","?","$","?","R","?","R","T","R","E","$","?","M","R","BOSS","M","M","M","?","?","E"],"items_purchased_type":["Card","Card"],"build_version":"2020-12-18","purchased_purges":1,"victory":false,"max_hp_per_floor":[75,75,75,75,80,80,80,80,80,80,80,80,80,80,80,80,80,80,80,80,80,80,80,80],"relic_stats":{"counters":[11,45],"Pen Nib":[6],"obtain_stats":[{"Pen Nib":9,"Fusion Hammer":17,"Replay:Bottled Snecko":11,"Cracked Core":0},{"Pen Nib":3,"Fusion Hammer":6,"Replay:Bottled Snecko":4,"Cracked Core":0},{"Pen Nib":8,"Fusion Hammer":27,"Replay:Bottled Snecko":16,"Cracked Core":0}]},"card_choices":[{"not_picked":["BasicCrystalCard","Go for the Eyes","ClearTheMind"],"picked":"SKIP","floor":1},{"not_picked":["Replay:AtTheReady","Force Field"],"picked":"JustLucky","floor":2},{"not_picked":["ReplaySort","Turbo"],"picked":"Hologram","floor":3},{"not_picked":["Go for the Eyes","Compile Driver"],"picked":"Seek","floor":11},{"not_picked":["Streamline","Stack"],"picked":"CutThroughFate","floor":14},{"not_picked":["Replay:LoomingThreat","Alpha"],"picked":"Seek","floor":16},{"not_picked":["Coolheaded","ClearTheMind+1"],"picked":"ThirdEye+1","floor":18},{"not_picked":["PathToVictory+1","Indignation","Beam Cell"],"picked":"SKIP","floor":19},{"not_picked":["FollowUp","Coolheaded","BasicCrystalCard"],"picked":"SKIP","floor":20},{"not_picked":["Beam Cell","Buffer"],"picked":"Wireheading+1","floor":22}],"player_experience":1072614,"relics_obtained":[{"floor":9,"key":"Pen Nib"},{"floor":11,"key":"Replay:Bottled Snecko"}],"event_choices":[{"damage_healed":0,"gold_gain":0,"player_choice":"Donut","damage_taken":0,"max_hp_gain":5,"max_hp_loss":0,"event_name":"Big Fish","floor":5,"gold_loss":0},{"damage_healed":0,"gold_gain":0,"player_choice":"Upgraded","damage_taken":0,"max_hp_gain":0,"max_hp_loss":0,"event_name":"Upgrade Shrine","floor":13,"gold_loss":0,"cards_upgraded":["ReplayGash"]},{"damage_healed":0,"gold_gain":90,"player_choice":"GOLD ","damage_taken":12,"max_hp_gain":0,"max_hp_loss":0,"event_name":"Knowing Skull","floor":21,"potions_obtained":[],"gold_loss":0,"cards_obtained":[]}],"is_beta":true,"boss_relics":[{"not_picked":["Cursed Key","Velvet Choker"],"picked":"Fusion Hammer"}],"items_purged_floors":[4],"is_endless":false,"potions_floor_spawned":[2,14,16,19,20,22],"killed_by":"Book of Stabbing","ascension_level":0}}