{"host":"nxma0dbhh74lxenq","time":1612349992,"event":{"mods":["Astrologer","BaseMod","Beaked The Cultist","CapriCore","Colored Map","DeckTracker","Gremlin Mod","HololiveMod","KinomotoSakuraMod(ñÿîVñ{?)","Koishi","Mad Scientist","Minty Spire (QoL Compilation)","Prisma Mod","StSLib","SuperFastMode","The Bladedancer","The Cursed","The Immortal","The Mystic","YoumuÅiç∞ÈÆódöÎÅj"],"gold_per_floor":[111,124,144,40,60,60,74,74,74,84,104,104,114,126,126,126,126],"floor_reached":16,"language":"JPN","playtime":622,"items_purged":[],"score":172,"play_id":"a25391ad-77df-4a11-a554-5493e5bafb1d","local_time":"20210203195952","is_ascension_mode":true,"campfire_choices":[{"data":"Koishi:Provoke","floor":6,"key":"SMITH"},{"floor":8,"key":"REST"},{"floor":12,"key":"REST"},{"data":"Koishi:MassHysteria","floor":15,"key":"SMITH"}],"circlet_count":0,"master_deck":["AscendersBane","Koishi:BasicStrike","Koishi:BasicStrike","Koishi:BasicStrike","Koishi:BasicStrike","Koishi:BasicDefend","Koishi:BasicDefend","Koishi:BasicDefend","Koishi:BasicDefend","Koishi:Provoke+1","Koishi:HauntingSlash","Koishi:Whimsy","Koishi:RacingHeart","Koishi:FidgetySnatcher","Koishi:LastRemote","Koishi:DNAsFlaw","Koishi:GeneticsOfTheUnconscious","Koishi:CatchAndRose","Koishi:SubconsciousSweep","Koishi:HeartfeltFancy","Koishi:MassHysteria+1"],"relics":["Koishi:ImaginaryFriend","NeowsBlessing","Pantograph"],"acts_visited":["Exordium"],"potions_floor_usage":[7,11,16],"damage_taken":[{"damage":0,"enemies":"Cultist","floor":1,"turns":1},{"damage":0,"enemies":"2 Louse","floor":2,"turns":1},{"damage":0,"enemies":"Small Slimes","floor":3,"turns":1},{"damage":36,"enemies":"Exordium Thugs","floor":5,"turns":7},{"damage":11,"enemies":"Lots of Slimes","floor":7,"turns":5},{"damage":5,"enemies":"2 Fungi Beasts","floor":10,"turns":5},{"damage":23,"enemies":"Exordium Wildlife","floor":11,"turns":4},{"damage":5,"enemies":"Blue Slaver","floor":13,"turns":4},{"damage":5,"enemies":"Large Slime","floor":14,"turns":6},{"damage":40,"enemies":"The Guardian","floor":16,"turns":10}],"seed_played":"4729799585548202216","potions_obtained":[{"floor":2,"key":"BlessingOfTheForge"},{"floor":3,"key":"DuplicationPotion"},{"floor":7,"key":"FearPotion"},{"floor":10,"key":"Energy Potion"},{"floor":13,"key":"Weak Potion"}],"is_trial":false,"path_per_floor":["M","M","M","$","M","R","M","R","T","M","M","R","M","M","R","B"],"character_chosen":"KOISHI","items_purchased":["Koishi:LastRemote","Koishi:DNAsFlaw"],"campfire_rested":2,"item_purchase_floors":[4,4],"current_hp_per_floor":[51,51,51,51,21,21,11,28,28,25,3,20,18,13,13,0,0],"gold":126,"neow_bonus":"THREE_ENEMY_KILL","is_daily":false,"chose_seed":false,"campfire_upgraded":2,"win_rate":0.0,"timestamp":1612349992,"path_taken":["M","?","M","$","?","R","M","R","T","M","M","R","M","?","R","BOSS"],"items_purchased_type":["Card","Card"],"build_version":"2020-12-22","purchased_purges":0,"victory":false,"max_hp_per_floor":[57,57,57,57,57,57,57,57,57,57,57,57,57,57,57,57,57],"card_choices":[{"not_picked":["Koishi:Jaunt","Koishi:GeneticsOfTheUnconscious"],"picked":"Koishi:Whimsy","floor":1},{"not_picked":["Koishi:UnansweredLove","Koishi:FleetingPhantom"],"picked":"Koishi:RacingHeart","floor":2},{"not_picked":["Koishi:Jaunt","Koishi:BloodcurdlingScream"],"picked":"Koishi:FidgetySnatcher","floor":3},{"not_picked":["Koishi:Vanish","Koishi:ReleaseOfTheId"],"picked":"Koishi:GeneticsOfTheUnconscious","floor":5},{"not_picked":["Koishi:LastRemote","Koishi:EmbryosDream"],"picked":"Koishi:CatchAndRose","floor":7},{"not_picked":["Koishi:Bloodlust","Koishi:UnconsciousUprising"],"picked":"Koishi:SubconsciousSweep","floor":10},{"not_picked":["Koishi:FadingMemory","Koishi:UnansweredLove"],"picked":"Koishi:HeartfeltFancy","floor":11},{"not_picked":["Koishi:SprinkleStarAndHeart","Koishi:DreadfulBlow","Koishi:UnansweredLove"],"picked":"SKIP","floor":13},{"not_picked":["Koishi:PhantomStrike","Koishi:Prune"],"picked":"Koishi:MassHysteria","floor":14}],"player_experience":572506,"relics_obtained":[{"floor":9,"key":"Pantograph"}],"event_choices":[],"is_beta":false,"boss_relics":[],"items_purged_floors":[],"is_endless":false,"potions_floor_spawned":[2,3,7,10,13],"killed_by":"The Guardian","ascension_level":15}}