{"host":"k7hcond86h7ozquk","time":1612324398,"event":{"mods":["AchievementEnabler","BaseMod","Downfall","Duelist Mod","Hermit","HololiveMod","Hubris","Infinite Spire","Jorbs\u0027s Wanderer Trilogy","Lobotomy","Marisa????????","Minty Spire (QoL Compilation)","Replay The Spire","StSLib","The Cursed","The Disciple","The Hierophant","The Jungle"],"gold_per_floor":[99,119,136,153,164,164,164,164,199,225,252,272,290,290,310,310,310],"floor_reached":16,"language":"ENG","playtime":1372,"items_purged":[],"score":100,"play_id":"becc8cf5-4ce3-41fb-8344-23c9774f6072","local_time":"20210203135318","is_ascension_mode":false,"campfire_choices":[{"data":"hexamod:Sear","floor":1,"key":"SMITH"}],"circlet_count":0,"master_deck":["hexamod:Strike","hexamod:Strike","hexamod:Strike","hexamod:Strike","hexamod:Defend","hexamod:Defend","hexamod:Defend","hexamod:Defend+1","hexamod:Sear+1","hexamod:Float","hexamod:NightmareStrike","hexamod:BurningTouch","hexamod:SecondSeal","infinitespire:Collect","hexamod:SecondSeal","hexamod:FifthSeal","hexamod:SwordOfDarkness","hexamod:BurningTouch","hexamod:SixthSeal","hexamod:FirstSeal","hexamod:BurningTouch","hexamod:GhostShield","hexamod:ThirdSeal","hexamod:ParanormalForm","hexamod:GhostLash"],"relics":["hexamod:SpiritBrand","Simple Rune"],"acts_visited":["Exordium"],"potions_floor_usage":[11,15,16,16],"damage_taken":[{"damage":2,"enemies":"2 Louse","floor":2,"turns":3},{"damage":5,"enemies":"Small Slimes","floor":3,"turns":3},{"damage":0,"enemies":"Cultist","floor":4,"turns":3},{"damage":0,"enemies":"2 Fungi Beasts","floor":5,"turns":3},{"damage":12,"enemies":"Exordium Wildlife","floor":9,"turns":5},{"damage":2,"enemies":"Blue Slaver","floor":10,"turns":3},{"damage":0,"enemies":"3 Louse","floor":11,"turns":5},{"damage":22,"enemies":"Gremlin Gang","floor":12,"turns":6},{"damage":3,"enemies":"Exordium Wildlife","floor":13,"turns":3},{"damage":11,"enemies":"Blue Slaver","floor":15,"turns":5},{"damage":16,"enemies":"WA_ARCHETYPE_RETAIN","floor":16,"turns":4}],"seed_played":"7119091929234790783","potions_obtained":[{"floor":3,"key":"Weak Potion"},{"floor":4,"key":"Block Potion"},{"floor":9,"key":"Weak Potion"},{"floor":15,"key":"sneckomod:MuddlingPotion"}],"is_trial":false,"path_per_floor":["R","M","M","M","M","?","T","?","M","M","M","M","M","?","M","B"],"character_chosen":"THE_SPIRIT","items_purchased":[],"campfire_rested":0,"item_purchase_floors":[],"current_hp_per_floor":[77,75,70,70,70,51,51,51,39,37,37,15,12,12,8,0,0],"gold":310,"neow_bonus":"TEN_PERCENT_HP_BONUS","is_daily":false,"chose_seed":false,"campfire_upgraded":1,"win_rate":0.0,"timestamp":1612324398,"path_taken":["R","M","M","M","M","?","T","?","M","M","?","M","M","?","M","BOSS"],"items_purchased_type":[],"build_version":"2020-12-22","purchased_purges":0,"victory":false,"max_hp_per_floor":[77,77,77,77,77,77,77,77,77,77,77,77,77,77,77,77,77],"card_choices":[{"not_picked":["hexamod:Again","hexamod:BacktrackSmack"],"picked":"hexamod:NightmareStrike","floor":2},{"not_picked":["hexamod:HeatMetal","hexamod:FastForward"],"picked":"hexamod:BurningTouch","floor":3},{"not_picked":["hexamod:ShieldOfDarkness","hexamod:FastForward"],"picked":"hexamod:HeatMetal","floor":4},{"not_picked":["hexamod:ShieldOfDarkness","hexamod:FastForward"],"picked":"hexamod:SecondSeal","floor":5},{"not_picked":["infinitespire:DeathsTouch","infinitespire:Punishment"],"picked":"infinitespire:Collect","floor":6},{"not_picked":["hexamod:SpectersWail","hexamod:Again"],"picked":"hexamod:FifthSeal","floor":9},{"not_picked":["hexamod:RecurringNightmare","hexamod:InspiringFlames"],"picked":"hexamod:SwordOfDarkness","floor":10},{"not_picked":["hexamod:HauntingEcho","hexamod:HeatShield"],"picked":"hexamod:BurningTouch","floor":11},{"not_picked":["hexamod:FirstSeal","hexamod:SecondSeal"],"picked":"hexamod:SixthSeal","floor":11},{"not_picked":["hexamod:SixthSeal","hexamod:SecondSeal"],"picked":"hexamod:FirstSeal","floor":12},{"not_picked":["hexamod:GhostLash","hexamod:ShieldOfDarkness"],"picked":"hexamod:BurningTouch","floor":12},{"not_picked":["hexamod:ThermalTransfer","hexamod:NightmareStrike"],"picked":"hexamod:GhostShield","floor":13},{"not_picked":["hexamod:Hexaguard","hexamod:SpectersWail"],"picked":"hexamod:ParanormalForm","floor":15},{"not_picked":["hexamod:NightmareStrike","hexamod:ShieldOfDarkness"],"picked":"hexamod:GhostLash","floor":15}],"player_experience":135462,"relics_obtained":[{"floor":7,"key":"Simple Rune"}],"event_choices":[],"is_beta":false,"boss_relics":[],"items_purged_floors":[],"is_endless":false,"potions_floor_spawned":[3,4,9,10,15],"killed_by":"WA_ARCHETYPE_RETAIN","ascension_level":0}}