{"host":"mw3dmj42qtkbha4b","time":1612352890,"event":{"mods":["BaseMod","Colored Map","Colored Powertips","DeckTracker","Minty Spire (QoL Compilation)","StSLib","SuperFastMode"],"gold_per_floor":[118,118,43,59,59,84,84,84,84,104,133,152,186,186,186,259,309,320,320,320,320,320,348,359,388,388,388,406,406,86,86,86],"floor_reached":31,"language":"KOR","playtime":675,"items_purged":["Defend_P","Strike_P+1"],"score":728,"play_id":"1f54960c-9734-4581-8c03-a420a4a0a20f","local_time":"20210203204810","is_ascension_mode":true,"campfire_choices":[{"data":"Eruption","floor":7.0,"key":"SMITH"},{"data":"Wallop","floor":15.0,"key":"SMITH"},{"floor":29.0,"key":"REST"}],"circlet_count":0,"master_deck":["AscendersBane","Strike_P+1","Strike_P+1","Strike_P+1","Defend_P+1","Defend_P+1","Eruption+1","Vigilance","Wallop+1","ReachHeaven+1","Necronomicurse","Ragnarok"],"relics":["PureWater","NeowsBlessing","Happy Flower","HornCleat","Bronze Scales","StoneCalendar","Tiny House","Necronomicon","Matryoshka","Smiling Mask","TeardropLocket","Mercury Hourglass"],"acts_visited":["Exordium","TheCity"],"potions_floor_usage":[31],"damage_taken":[{"damage":0.0,"enemies":"Jaw Worm","floor":1.0,"turns":1.0},{"damage":0.0,"enemies":"Small Slimes","floor":4.0,"turns":1.0},{"damage":0.0,"enemies":"Lagavulin","floor":6.0,"turns":1.0},{"damage":0.0,"enemies":"Cultist","floor":10.0,"turns":3.0},{"damage":0.0,"enemies":"Gremlin Nob","floor":11.0,"turns":3.0},{"damage":5.0,"enemies":"3 Louse","floor":12.0,"turns":3.0},{"damage":19.0,"enemies":"3 Sentries","floor":13.0,"turns":5.0},{"damage":20.0,"enemies":"Hexaghost","floor":16.0,"turns":8.0},{"damage":7.0,"enemies":"Shell Parasite","floor":18.0,"turns":2.0},{"damage":0.0,"enemies":"Gremlin Leader","floor":23.0,"turns":3.0},{"damage":0.0,"enemies":"Spheric Guardian","floor":24.0,"turns":2.0},{"damage":36.0,"enemies":"Book of Stabbing","floor":25.0,"turns":4.0},{"damage":13.0,"enemies":"Snake Plant","floor":28.0,"turns":3.0},{"damage":43,"enemies":"Slavers","floor":31,"turns":3}],"seed_played":"4210575486738029289","potions_obtained":[{"floor":6.0,"key":"BlessingOfTheForge"},{"floor":8.0,"key":"BlessingOfTheForge"},{"floor":12.0,"key":"Explosive Potion"},{"floor":16.0,"key":"FairyPotion"},{"floor":17.0,"key":"FearPotion"},{"floor":23.0,"key":"StancePotion"},{"floor":24.0,"key":"Explosive Potion"},{"floor":28.0,"key":"Regen Potion"}],"is_trial":false,"path_per_floor":["M","?","$","M","?","E","R","?","T","M","E","M","E","?","R","B",null,"M","?","?","?","?","E","M","E","T","?","M","R","$","E"],"character_chosen":"WATCHER","items_purchased":["Mercury Hourglass"],"campfire_rested":1,"item_purchase_floors":[30],"current_hp_per_floor":[61,61,61,61,61,61,61,61,61,61,61,56,37,37,37,17,60,53,32,32,32,32,32,32,21,21,21,8,29,29,0,0],"gold":86,"neow_bonus":"THREE_ENEMY_KILL","is_daily":false,"chose_seed":false,"campfire_upgraded":2,"win_rate":0.0,"timestamp":1612352890,"path_taken":["M","?","$","M","?","E","R","?","T","?","E","M","E","?","R","BOSS","M","?","?","?","?","E","?","E","T","?","?","R","$","E"],"items_purchased_type":["Relic"],"build_version":"2020-12-22","purchased_purges":2,"victory":false,"max_hp_per_floor":[68,68,68,68,68,68,68,68,68,68,68,68,68,68,68,68,73,73,73,73,73,73,73,73,73,73,73,73,73,73,73,73],"card_choices":[{"not_picked":["EmptyFist","PathToVictory","Halt"],"picked":"SKIP","floor":1.0},{"not_picked":["PathToVictory","ClearTheMind","EmptyBody"],"picked":"SKIP","floor":4.0},{"not_picked":["SignatureMove","Vengeance"],"picked":"Wallop","floor":6.0},{"not_picked":["InnerPeace","JustLucky","CutThroughFate"],"picked":"SKIP","floor":10.0},{"not_picked":["Protect","MasterReality","ClearTheMind"],"picked":"SKIP","floor":11.0},{"not_picked":["EmptyBody","FlurryOfBlows","Blasphemy"],"picked":"SKIP","floor":12.0},{"not_picked":["EmptyBody","JustLucky","SandsOfTime"],"picked":"SKIP","floor":13.0},{"not_picked":["Sanctity","WheelKick"],"picked":"ReachHeaven","floor":18.0},{"not_picked":["ThirdEye","EmptyBody","CutThroughFate"],"picked":"SKIP","floor":23.0},{"not_picked":["ThirdEye","Establishment","Prostrate"],"picked":"SKIP","floor":24.0},{"not_picked":["CrushJoints","Scrawl"],"picked":"Ragnarok","floor":25.0},{"not_picked":["Consecrate","SandsOfTime","Prostrate"],"picked":"SKIP","floor":28.0}],"player_experience":1796585,"relics_obtained":[{"floor":6.0,"key":"Happy Flower"},{"floor":9.0,"key":"HornCleat"},{"floor":11.0,"key":"Bronze Scales"},{"floor":13.0,"key":"StoneCalendar"},{"floor":19.0,"key":"Necronomicon"},{"floor":23.0,"key":"Matryoshka"},{"floor":25.0,"key":"Smiling Mask"},{"floor":26.0,"key":"TeardropLocket"}],"event_choices":[{"cards_removed":["Defend_P"],"damage_healed":0.0,"max_hp_gain":0.0,"max_hp_loss":0.0,"gold_gain":0.0,"event_name":"Living Wall","player_choice":"Forget","floor":2.0,"gold_loss":0.0,"damage_taken":0.0},{"damage_healed":0.0,"max_hp_gain":0.0,"max_hp_loss":0.0,"gold_gain":0.0,"event_name":"The Cleric","player_choice":"Leave","floor":5.0,"gold_loss":0.0,"damage_taken":0.0},{"damage_healed":0.0,"max_hp_gain":0.0,"max_hp_loss":0.0,"gold_gain":0.0,"event_name":"Lab","player_choice":"Got Potions","floor":8.0,"gold_loss":0.0,"damage_taken":0.0},{"damage_healed":0.0,"max_hp_gain":0.0,"max_hp_loss":0.0,"gold_gain":0.0,"event_name":"Golden Idol","player_choice":"Ignored","floor":14.0,"gold_loss":0.0,"damage_taken":0.0},{"damage_healed":0.0,"max_hp_gain":0.0,"max_hp_loss":0.0,"gold_gain":0.0,"event_name":"Cursed Tome","player_choice":"Obtained Book","floor":19.0,"gold_loss":0.0,"damage_taken":21.0},{"damage_healed":0.0,"max_hp_gain":0.0,"max_hp_loss":0.0,"gold_gain":0.0,"event_name":"The Mausoleum","player_choice":"Ignored","floor":20.0,"gold_loss":0.0,"damage_taken":0.0},{"damage_healed":0.0,"max_hp_gain":0.0,"max_hp_loss":0.0,"gold_gain":0.0,"event_name":"Back to Basics","player_choice":"Simplicity","floor":21.0,"gold_loss":0.0,"damage_taken":0.0,"cards_upgraded":["Strike_P","Strike_P","Strike_P","Strike_P","Defend_P"]},{"damage_healed":0.0,"max_hp_gain":0.0,"max_hp_loss":0.0,"gold_gain":0.0,"event_name":"Accursed Blacksmith","player_choice":"Forge","floor":22.0,"gold_loss":0.0,"damage_taken":0.0,"cards_upgraded":["ReachHeaven"]},{"damage_healed":0.0,"max_hp_gain":0.0,"max_hp_loss":0.0,"gold_gain":0.0,"event_name":"N\u0027loth","player_choice":"Ignored","floor":27.0,"gold_loss":0.0,"damage_taken":0.0}],"is_beta":false,"boss_relics":[{"not_picked":["Sozu","HolyWater"],"picked":"Tiny House"}],"items_purged_floors":[3,30],"is_endless":false,"potions_floor_spawned":[6,12,16,23,24,28],"killed_by":"Slavers","ascension_level":20}}