{"host":"3jpwrwmmgyabjceh","time":1612356511,"event":{"mods":["AchievementEnabler","BaseMod","Colored Map","Colored Powertips","Highlight Path","Minty Spire (QoL Compilation)","Quick Restart","Relic Stats","StSLib","SuperFastMode"],"gold_per_floor":[118,193,193,23,38,72,72,106,132,132,151,185,185,200,200,296,296,307,307,307,15,15,58,82,125,175,16,57,57,92,92,92,201,201,228,228,255,1,63,103,103,136,182,209,220,263,263,307,307,307,307,307,8,48,48,48],"floor_reached":55,"language":"ENG","playtime":2550,"items_purged":["Strike_R","Strike_R"],"score":1459,"play_id":"24e41d58-87dc-4bb7-86b4-fdacf018191e","local_time":"20210203154831","is_ascension_mode":true,"campfire_choices":[{"data":"Bash","floor":7.0,"key":"SMITH"},{"data":"Feed","floor":13.0,"key":"SMITH"},{"data":"Disarm","floor":15.0,"key":"SMITH"},{"floor":29,"key":"REST"},{"data":"Corruption","floor":32,"key":"SMITH"},{"floor":41,"key":"REST"},{"floor":49,"key":"RECALL"},{"data":"Battle Trance","floor":52,"key":"SMITH"}],"circlet_count":0,"master_deck":["Strike_R+1","Strike_R","Defend_R","Defend_R","Defend_R","Defend_R","Bash+1","Battle Trance+1","Carnage+1","Flash of Steel","Spot Weakness","Inflame","Feed+1","Bloodletting","Corruption+1","Heavy Blade+1","Feel No Pain","Immolate","Armaments+1","Entrench","Demon Form","Feel No Pain","Finesse","Spot Weakness","Shrug It Off","Dual Wield","Double Tap","Warcry+1","Body Slam+1","Shrug It Off+1","Seeing Red+1","True Grit+1","Power Through+1","Burning Pact"],"relics":["Burning Blood","NeowsBlessing","Strawberry","Lizard Tail","Oddly Smooth Stone","Juzu Bracelet","Sozu","Ancient Tea Set","Bronze Scales","Nilry\u0027s Codex","CeramicFish","Question Card","Regal Pillow","Happy Flower","Potion Belt","SlaversCollar","Red Skull","Gambling Chip","Vajra","Eternal Feather","Whetstone","Lantern","Bottled Tornado","Boot","Strange Spoon","Bag of Preparation","Blood Vial"],"acts_visited":["Exordium","TheCity","TheBeyond","TheEnding"],"potions_floor_usage":[28],"damage_taken":[{"damage":0.0,"enemies":"Small Slimes","floor":1.0,"turns":1.0},{"damage":0.0,"enemies":"2 Louse","floor":5.0,"turns":1.0},{"damage":0.0,"enemies":"Gremlin Nob","floor":6.0,"turns":1.0},{"damage":45.0,"enemies":"Lagavulin","floor":8.0,"turns":8.0},{"damage":0.0,"enemies":"Cultist","floor":11.0,"turns":2.0},{"damage":14.0,"enemies":"Gremlin Nob","floor":12.0,"turns":3.0},{"damage":8.0,"enemies":"Exordium Wildlife","floor":14.0,"turns":3.0},{"damage":13.0,"enemies":"The Guardian","floor":16.0,"turns":12.0},{"damage":15.0,"enemies":"3 Byrds","floor":18.0,"turns":4.0},{"damage":23.0,"enemies":"Book of Stabbing","floor":23.0,"turns":5.0},{"damage":14.0,"enemies":"Shell Parasite","floor":24.0,"turns":5.0},{"damage":45.0,"enemies":"Slavers","floor":25.0,"turns":5.0},{"damage":14,"enemies":"Gremlin Leader","floor":28,"turns":7},{"damage":21,"enemies":"Book of Stabbing","floor":30,"turns":5},{"damage":38,"enemies":"Champ","floor":33,"turns":9},{"damage":29,"enemies":"3 Shapes","floor":35,"turns":6},{"damage":1,"enemies":"Orb Walker","floor":37,"turns":4},{"damage":58,"enemies":"2 Orb Walkers","floor":39,"turns":6},{"damage":3,"enemies":"Nemesis","floor":40,"turns":7},{"damage":34,"enemies":"Reptomancer","floor":42,"turns":4},{"damage":12,"enemies":"Nemesis","floor":44,"turns":7},{"damage":25,"enemies":"Transient","floor":45,"turns":5},{"damage":0,"enemies":"Giant Head","floor":46,"turns":5},{"damage":15,"enemies":"Nemesis","floor":48,"turns":5},{"damage":115,"enemies":"Awakened One","floor":50,"turns":8},{"damage":42,"enemies":"Shield and Spear","floor":54,"turns":6},{"damage":92,"enemies":"The Heart","floor":55,"turns":3}],"seed_played":"-7768310560742534404","potions_obtained":[{"floor":1.0,"key":"Ancient Potion"},{"floor":5.0,"key":"Strength Potion"},{"floor":11.0,"key":"DistilledChaos"},{"floor":12.0,"key":"LiquidBronze"},{"floor":14.0,"key":"BloodPotion"}],"is_trial":false,"path_per_floor":["M","?","?","$","M","E","R","E","T","?","M","E","R","M","R","B",null,"M","?","?","$","?","E","M","E","T","$","E","R","E","$","R","B",null,"M","?","M","$","?","E","R","E","T","E","M","E","T","E","R","B",null,"R","$","E","B"],"character_chosen":"IRONCLAD","items_purchased":["Carnage","Flash of Steel","Immolate","Bronze Scales","Feel No Pain","Finesse","Spot Weakness","Red Skull","Strange Spoon","Bag of Preparation"],"campfire_rested":2,"item_purchase_floors":[4,4,21,21,27,27,27,38,53,53],"current_hp_per_floor":[78,67,60,60,66,79,79,40,40,40,49,41,41,43,43,40,84,79,79,79,79,63,50,46,29,29,29,25,74,63,63,63,31,96,81,81,86,86,38,41,95,67,67,65,46,52,52,43,61,26,107,125,125,89,0,0],"gold":48,"neow_bonus":"THREE_ENEMY_KILL","is_daily":false,"chose_seed":false,"campfire_upgraded":5,"win_rate":0.0,"timestamp":1612356511,"path_taken":["M","?","?","$","M","E","R","E","T","?","?","E","R","M","R","BOSS","M","?","?","$","?","E","M","E","T","?","E","R","E","?","R","BOSS","M","?","M","$","?","E","R","E","T","E","M","E","?","E","R","BOSS","R","$","E","BOSS"],"items_purchased_type":["Card","Card","Card","Relic","Card","Card","Card","Relic","Relic","Relic"],"build_version":"2020-12-22","purchased_purges":2,"victory":false,"max_hp_per_floor":[80,80,80,80,80,87,87,87,87,87,90,90,90,94,94,98,98,102,102,102,102,102,106,110,110,110,110,114,114,118,118,118,118,118,126,126,126,126,130,130,130,130,130,134,134,134,134,134,134,134,134,134,134,134,134,134],"relic_stats":{"Regal Pillow":30,"Happy Flower":[26],"counters":[27,137],"CeramicFish":144,"Eternal Feather":36,"Juzu Bracelet":0,"Bag of Preparation":[4],"Whetstone":["Strike_R","Carnage"],"Question Card":13,"Boot":[4],"Burning Blood":156,"Sozu":8,"Blood Vial":2,"Strange Spoon":[17],"Lizard Tail":67,"Bronze Scales":[379],"Gambling Chip":[21],"obtain_stats":[{"Regal Pillow":26,"Lantern":46,"Nilry\u0027s Codex":22,"CeramicFish":23,"Vajra":40,"Juzu Bracelet":12,"Bag of Preparation":53,"Whetstone":44,"Bottled Tornado":47,"Ancient Tea Set":19,"Boot":48,"Burning Blood":0,"Sozu":17,"Blood Vial":54,"Lizard Tail":8,"Strawberry":6,"Gambling Chip":39,"Red Skull":38,"Potion Belt":30,"NeowsBlessing":0,"Happy Flower":28,"Oddly Smooth Stone":9,"Eternal Feather":42,"Question Card":25,"SlaversCollar":34,"Strange Spoon":53,"Bronze Scales":21},{"Regal Pillow":12,"Lantern":23,"Nilry\u0027s Codex":9,"CeramicFish":10,"Vajra":19,"Juzu Bracelet":6,"Bag of Preparation":25,"Whetstone":21,"Bottled Tornado":23,"Ancient Tea Set":9,"Boot":24,"Burning Blood":0,"Sozu":8,"Blood Vial":26,"Lizard Tail":4,"Strawberry":3,"Gambling Chip":18,"Red Skull":17,"Potion Belt":14,"NeowsBlessing":0,"Happy Flower":13,"Oddly Smooth Stone":4,"Eternal Feather":20,"Question Card":12,"SlaversCollar":15,"Strange Spoon":25,"Bronze Scales":9},{"Regal Pillow":50,"Lantern":115,"Nilry\u0027s Codex":35,"CeramicFish":40,"Vajra":94,"Juzu Bracelet":16,"Bag of Preparation":128,"Whetstone":105,"Bottled Tornado":115,"Ancient Tea Set":35,"Boot":120,"Burning Blood":0,"Sozu":31,"Blood Vial":134,"Lizard Tail":11,"Strawberry":3,"Gambling Chip":87,"Red Skull":81,"Potion Belt":62,"NeowsBlessing":0,"Happy Flower":57,"Oddly Smooth Stone":11,"Eternal Feather":98,"Question Card":50,"SlaversCollar":71,"Strange Spoon":128,"Bronze Scales":35}]},"card_choices":[{"not_picked":["Twin Strike","Entrench"],"picked":"Battle Trance","floor":1.0},{"not_picked":["Headbutt","Anger"],"picked":"Spot Weakness","floor":5.0},{"not_picked":["Flex","Brutality"],"picked":"Disarm","floor":6.0},{"not_picked":["Perfected Strike","Pommel Strike"],"picked":"Inflame","floor":8.0},{"not_picked":["Anger","Evolve","Battle Trance"],"picked":"SKIP","floor":11.0},{"not_picked":["Metallicize","Havoc"],"picked":"Bloodletting","floor":12.0},{"not_picked":["Warcry","Cleave","Armaments"],"picked":"SKIP","floor":14.0},{"not_picked":["Reaper","Exhume"],"picked":"Corruption","floor":16.0},{"not_picked":["Headbutt","Clothesline"],"picked":"Heavy Blade+1","floor":18.0},{"not_picked":["Wild Strike","Cleave","Armaments+1"],"picked":"SKIP","floor":23.0},{"not_picked":["Wild Strike","Cleave"],"picked":"Armaments+1","floor":23.0},{"not_picked":["Cleave","Carnage"],"picked":"Entrench","floor":24.0},{"not_picked":["Wild Strike","Inflame"],"picked":"Demon Form","floor":25.0},{"not_picked":["Rage+1","Sword Boomerang+1","Evolve+1"],"picked":"Shrug It Off","floor":28},{"not_picked":["Perfected Strike","Second Wind","Battle Trance+1"],"picked":"Dual Wield","floor":30},{"not_picked":["Corruption","Bludgeon","Berserk"],"picked":"Double Tap","floor":33},{"not_picked":["Headbutt+1","Sword Boomerang","Cleave"],"picked":"Warcry+1","floor":35},{"not_picked":["Pummel","True Grit+1","Fire Breathing"],"picked":"Body Slam+1","floor":37},{"not_picked":["Thunderclap","Body Slam+1","Dual Wield"],"picked":"Shrug It Off+1","floor":39},{"not_picked":["Armaments","Clothesline+1","Metallicize+1"],"picked":"Seeing Red+1","floor":40},{"not_picked":["Fiend Fire","Twin Strike","Rampage+1","Dropkick+1"],"picked":"SKIP","floor":42},{"not_picked":["Thunderclap+1","Twin Strike+1","Cleave","Wild Strike"],"picked":"SKIP","floor":44},{"not_picked":["Blood for Blood","Evolve","Wild Strike","Reckless Charge+1"],"picked":"SKIP","floor":45},{"not_picked":["Feel No Pain","Pommel Strike","Seeing Red+1"],"picked":"True Grit+1","floor":46},{"not_picked":["Anger","Fire Breathing+1","Clothesline+1"],"picked":"Power Through+1","floor":48},{"not_picked":["Bludgeon","Inflame+1","Clothesline"],"picked":"Burning Pact","floor":54}],"player_experience":319858,"relics_obtained":[{"floor":6.0,"key":"Strawberry"},{"floor":8.0,"key":"Lizard Tail"},{"floor":9.0,"key":"Oddly Smooth Stone"},{"floor":12.0,"key":"Juzu Bracelet"},{"floor":22.0,"key":"Nilry\u0027s Codex"},{"floor":23.0,"key":"CeramicFish"},{"floor":25.0,"key":"Question Card"},{"floor":26.0,"key":"Regal Pillow"},{"floor":28,"key":"Happy Flower"},{"floor":30,"key":"Potion Belt"},{"floor":39,"key":"Gambling Chip"},{"floor":40,"key":"Vajra"},{"floor":42,"key":"Eternal Feather"},{"floor":44,"key":"Whetstone"},{"floor":46,"key":"Lantern"},{"floor":47,"key":"Bottled Tornado"},{"floor":48,"key":"Boot"},{"floor":54,"key":"Blood Vial"}],"event_choices":[{"damage_healed":0.0,"max_hp_gain":0.0,"max_hp_loss":0.0,"gold_gain":75.0,"event_name":"World of Goop","player_choice":"Gather Gold","floor":2.0,"gold_loss":0.0,"damage_taken":11.0},{"cards_removed":["Strike_R"],"damage_healed":0.0,"max_hp_gain":0.0,"max_hp_loss":0.0,"gold_gain":0.0,"event_name":"Golden Wing","player_choice":"Card Removal","floor":3.0,"gold_loss":0.0,"damage_taken":7.0},{"damage_healed":0.0,"max_hp_gain":0.0,"max_hp_loss":0.0,"gold_gain":0.0,"event_name":"Match and Keep!","player_choice":"1 cards matched","floor":10.0,"gold_loss":0.0,"damage_taken":0.0,"cards_obtained":["Feed"]},{"damage_healed":0.0,"max_hp_gain":0.0,"max_hp_loss":0.0,"gold_gain":0.0,"event_name":"The Mausoleum","player_choice":"Opened","floor":19.0,"gold_loss":0.0,"damage_taken":0.0,"relics_obtained":["Ancient Tea Set"]},{"damage_healed":0.0,"max_hp_gain":0.0,"max_hp_loss":0.0,"gold_gain":0.0,"event_name":"The Library","player_choice":"Read","floor":20.0,"gold_loss":0.0,"damage_taken":0.0,"cards_obtained":["Feel No Pain"]},{"damage_healed":0.0,"max_hp_gain":0.0,"max_hp_loss":0.0,"gold_gain":0.0,"event_name":"Cursed Tome","player_choice":"Obtained Book","floor":22.0,"gold_loss":0.0,"damage_taken":16.0},{"cards_removed":["Disarm"],"damage_healed":0,"gold_gain":0,"player_choice":"Removed Skill","damage_taken":0,"max_hp_gain":0,"max_hp_loss":0,"event_name":"Falling","floor":36,"gold_loss":0},{"damage_healed":0,"gold_gain":0,"player_choice":"Fight","damage_taken":0,"max_hp_gain":0,"max_hp_loss":0,"event_name":"Mysterious Sphere","floor":39,"gold_loss":0}],"is_beta":false,"boss_relics":[{"not_picked":["Astrolabe","Black Blood"],"picked":"Sozu"},{"not_picked":["Runic Cube","Velvet Choker"],"picked":"SlaversCollar"}],"items_purged_floors":[21,38],"is_endless":false,"potions_floor_spawned":[1,5,11,12,14,24,25,33,37,40,42,44,46],"killed_by":"The Heart","ascension_level":8}}