{"host":"erjc6dqs793djrmy","time":1612322440,"event":{"mods":["BaseMod","Minty Spire (QoL Compilation)","StSLib","The Animator"],"gold_per_floor":[123,298,298,298,316,343,363,12,12,47,72,22,22,35,35,130,130,130,130,130,70,70,70,70,70,70,70,70,70,70,24,24,24,24,24,24,24,24,24,24,24,24,24,24,24,24,24,24,24,24,24,24,633,695,695,695],"floor_reached":55,"language":"ENG","playtime":5705,"items_purged":[],"score":1118,"play_id":"0b6c229e-b6a6-440c-ba80-60364ee4e863","local_time":"20210202222040","is_ascension_mode":true,"campfire_choices":[{"floor":13,"key":"DIG"},{"floor":15,"key":"DIG"},{"floor":23,"key":"DIG"},{"floor":25,"key":"DIG"},{"floor":29,"key":"DIG"},{"floor":32,"key":"DIG"},{"floor":40,"key":"DIG"},{"floor":42,"key":"DIG"},{"floor":49,"key":"RECALL"},{"data":"animator:HigakiRinne","floor":52,"key":"SMITH"}],"circlet_count":0,"master_deck":["AscendersBane","animator:Strike_AccelWorld","animator:Defend_AccelWorld","animator:Strike","animator:Strike+1","animator:Defend","animator:Defend","animator:Defend","animator:Kuroyukihime","animator:LimeBell","animator:UneriGinkaku","animator:YachiyoNanami","animator:Elsword","animator:Raven","animator:Ciel","animator:DwarfShaman","animator:KyokoSakura","animator:Eve","animator:Aisha","animator:ItamiYouji","animator:Raven+1","animator:KyokoSakura","animator:IrohaTamaki","animator:Raven","animator:MumenRider","animator:UneriGinkaku+1","animator:Saitama","animator:GuildGirl","animator:Patchouli","animator:HigakiRinne","animator:Tyuule","animator:Bozes"],"relics":["animator:TheEruzaStone","animator:AncientMedallion"],"acts_visited":["Exordium","TheCity","TheBeyond","TheEnding","EYB:TheUnnamedReign"],"potions_floor_usage":[10,16,27,27,46,50,55],"damage_taken":[{"damage":0,"enemies":"Jaw Worm","floor":1,"turns":5},{"damage":0,"enemies":"Small Slimes","floor":5,"turns":2},{"damage":2,"enemies":"Lagavulin","floor":6,"turns":9},{"damage":0,"enemies":"Cultist","floor":7,"turns":4},{"damage":6,"enemies":"Gremlin Nob","floor":10,"turns":6},{"damage":5,"enemies":"Red Slaver","floor":11,"turns":3},{"damage":0,"enemies":"Looter","floor":14,"turns":3},{"damage":10,"enemies":"Slime Boss","floor":16,"turns":5},{"damage":0,"enemies":"Spheric Guardian","floor":18,"turns":3},{"damage":14,"enemies":"2 Thieves","floor":21,"turns":4},{"damage":0,"enemies":"3 Cultists","floor":22,"turns":3},{"damage":0,"enemies":"Cultist and Chosen","floor":24,"turns":4},{"damage":8,"enemies":"Book of Stabbing","floor":27,"turns":3},{"damage":0,"enemies":"Chosen and Byrds","floor":28,"turns":4},{"damage":0,"enemies":"Masked Bandits","floor":30,"turns":3},{"damage":20,"enemies":"Champ","floor":33,"turns":8},{"damage":5,"enemies":"3 Darklings","floor":35,"turns":6},{"damage":0,"enemies":"2 Orb Walkers","floor":41,"turns":3},{"damage":8,"enemies":"3 Shapes","floor":45,"turns":2},{"damage":3,"enemies":"Reptomancer","floor":46,"turns":4},{"damage":0,"enemies":"Sphere and 2 Shapes","floor":48,"turns":2},{"damage":25,"enemies":"Donu and Deca","floor":50,"turns":7},{"damage":88,"enemies":"animator:TRIPLE_SHAPES_WEAK","floor":54,"turns":14},{"damage":21,"enemies":"animator:UNNAMED_HAT","floor":55,"turns":6}],"seed_played":"5929445633885176782","potions_obtained":[{"floor":5,"key":"Strength Potion"},{"floor":7,"key":"animator:FalseLifePotion"},{"floor":11,"key":"Block Potion"},{"floor":18,"key":"SteroidPotion"},{"floor":33,"key":"FearPotion"},{"floor":35,"key":"Block Potion"},{"floor":46,"key":"ColorlessPotion"},{"floor":54,"key":"animator:FalseLifePotion"}],"is_trial":false,"path_per_floor":["M","?","?","?","M","E","M","$","T","E","M","?","R","M","R","B",null,"M","?","?","M","M","R","M","R","T","E","M","R","?","$","R","B",null,"M","?","?","?","$","R","?","R","T","$","M","E","?","M","R","B",null,"R","??","M","M"],"character_chosen":"THE_ANIMATOR","items_purchased":["Shovel","animator:Ciel","animator:UneriGinkaku"],"campfire_rested":0,"item_purchase_floors":[8,8,31],"current_hp_per_floor":[59,59,47,47,47,45,45,45,45,39,34,34,34,34,34,24,56,56,40,40,26,26,26,26,26,26,20,22,22,24,24,24,7,52,50,50,50,41,41,41,41,41,41,41,33,30,30,30,30,5,5,5,98,10,0,0],"gold":695,"neow_bonus":"BOSS_RELIC","is_daily":false,"chose_seed":false,"campfire_upgraded":1,"win_rate":0.0,"timestamp":1612322440,"path_taken":["M","?","?","?","M","E","?","?","T","E","M","?","R","M","R","BOSS","M","?","?","M","M","R","M","R","T","E","M","R","?","$","R","BOSS","M","?","?","?","?","R","?","R","T","$","M","E","?","M","R","BOSS","R","??","M","M"],"items_purchased_type":["Relic","Card","Card"],"build_version":"2020-12-22","purchased_purges":0,"victory":false,"max_hp_per_floor":[66,66,66,66,66,66,66,66,66,66,66,66,66,66,66,66,66,66,66,66,66,66,66,66,66,66,66,66,66,66,66,66,67,67,68,68,68,68,68,68,68,68,68,68,68,68,68,68,68,68,68,68,98,98,98,98],"card_choices":[{"not_picked":["animator:Assassin","animator:TukaLunaMarceau"],"picked":"animator:UneriGinkaku","floor":1},{"not_picked":["animator:Priestess","animator:Illya"],"picked":"animator:YachiyoNanami","floor":5},{"not_picked":["animator:LeleiLaLalena","animator:ShinjiMatou"],"picked":"animator:Elsword","floor":6},{"not_picked":["animator:Laby","animator:Aisha"],"picked":"animator:Raven","floor":7},{"not_picked":["animator:Illya","animator:Rider","animator:Bozes"],"picked":"SKIP","floor":10},{"not_picked":["animator:RinTohsaka","animator:RoryMercury"],"picked":"animator:DwarfShaman","floor":11},{"not_picked":["animator:Rider","animator:DwarfShaman"],"picked":"animator:KyokoSakura","floor":14},{"not_picked":["animator:PinaCoLada","animator:Boros"],"picked":"animator:Eve","floor":16},{"not_picked":["animator:Raven","animator:Chung"],"picked":"animator:Aisha","floor":18},{"not_picked":["animator:Raven","animator:Tatsumaki"],"picked":"animator:ItamiYouji","floor":21},{"not_picked":["animator:Berserker","animator:Ciel+1"],"picked":"animator:Raven+1","floor":22},{"not_picked":["animator:SakuraMatou+1","animator:Laby"],"picked":"animator:KyokoSakura","floor":24},{"not_picked":["animator:OrikoMikuni","animator:SayakaMiki"],"picked":"animator:IrohaTamaki","floor":27},{"not_picked":["animator:Alexander","animator:Konayuki"],"picked":"animator:Raven+1","floor":28},{"not_picked":["animator:Nanami+1","animator:OrikoMikuni"],"picked":"animator:MumenRider","floor":30},{"not_picked":["animator:HomuraAkemi","animator:SwordMaiden"],"picked":"animator:Saitama","floor":33},{"not_picked":[],"picked":"animator:GuildGirl+1","floor":35},{"not_picked":[],"picked":"animator:Patchouli","floor":37},{"not_picked":[],"picked":"animator:Tyuule+1","floor":41},{"not_picked":["animator:DwarfShaman+1"],"picked":"SKIP","floor":45},{"not_picked":["animator:YuiTsuruno"],"picked":"SKIP","floor":48},{"not_picked":["animator:Alexander","animator:Assassin"],"picked":"animator:Bozes","floor":54}],"player_experience":391659,"relics_obtained":[{"floor":6,"key":"Art of War"},{"floor":9,"key":"HornCleat"},{"floor":10,"key":"Red Skull"},{"floor":13,"key":"Mummified Hand"},{"floor":15,"key":"Lantern"},{"floor":19,"key":"Nilry\u0027s Codex"},{"floor":23,"key":"animator:Buoy"},{"floor":25,"key":"Blood Vial"},{"floor":27,"key":"Ginger"},{"floor":29,"key":"Shuriken"},{"floor":30,"key":"Red Mask"},{"floor":32,"key":"Frozen Egg 2"},{"floor":40,"key":"Vajra"},{"floor":41,"key":"Calipers"},{"floor":42,"key":"MealTicket"},{"floor":43,"key":"Potion Belt"},{"floor":46,"key":"Bottled Flame"},{"floor":53,"key":"animator:TheEruzaStone"},{"floor":53,"key":"animator:AncientMedallion"}],"event_choices":[{"damage_healed":0,"gold_gain":175,"player_choice":"AGREE","damage_taken":0,"max_hp_gain":0,"max_hp_loss":0,"event_name":"Liars Game","floor":2,"gold_loss":0,"cards_obtained":["Doubt"]},{"damage_healed":0,"gold_gain":0,"player_choice":"Success","damage_taken":12,"relics_obtained":["CloakClasp"],"max_hp_gain":0,"max_hp_loss":0,"event_name":"Scrap Ooze","floor":3,"gold_loss":0},{"cards_removed":["Doubt"],"damage_healed":0,"gold_gain":0,"player_choice":"Purged","damage_taken":0,"max_hp_gain":0,"max_hp_loss":0,"event_name":"Purifier","floor":4,"gold_loss":0},{"cards_removed":["animator:Strike"],"damage_healed":0,"gold_gain":0,"player_choice":"Card Removal","damage_taken":0,"max_hp_gain":0,"max_hp_loss":0,"event_name":"The Cleric","floor":12,"gold_loss":50},{"damage_healed":0,"gold_gain":0,"player_choice":"Obtained Book","damage_taken":16,"max_hp_gain":0,"max_hp_loss":0,"event_name":"Cursed Tome","floor":19,"gold_loss":0},{"damage_healed":0,"gold_gain":0,"player_choice":"Inject Mutagens","damage_taken":0,"relics_obtained":["MutagenicStrength"],"max_hp_gain":0,"max_hp_loss":0,"event_name":"Drug Dealer","floor":20,"gold_loss":0},{"damage_healed":0,"gold_gain":0,"player_choice":"Fought Bandits","damage_taken":0,"max_hp_gain":0,"max_hp_loss":0,"event_name":"Masked Bandits","floor":30,"gold_loss":0},{"damage_healed":0,"gold_gain":0,"player_choice":"Upgrade","damage_taken":0,"relics_obtained":["Mark of the Bloom"],"max_hp_gain":0,"max_hp_loss":0,"event_name":"MindBloom","floor":36,"gold_loss":0,"cards_upgraded":["animator:Strike_AccelWorld","animator:Defend_AccelWorld","animator:Strike","animator:Strike","animator:Defend","animator:Defend","animator:Defend","animator:Kuroyukihime","animator:LimeBell","animator:UneriGinkaku","animator:YachiyoNanami","animator:Elsword","animator:Raven","animator:Ciel","animator:DwarfShaman","animator:KyokoSakura","animator:Eve","animator:Aisha","animator:ItamiYouji","animator:KyokoSakura","animator:IrohaTamaki","animator:MumenRider","animator:UneriGinkaku","animator:Saitama"]},{"damage_healed":0,"gold_gain":0,"player_choice":"Memory 1","damage_taken":0,"max_hp_gain":0,"max_hp_loss":0,"event_name":"SensoryStone","floor":37,"gold_loss":0},{"damage_healed":0,"gold_gain":0,"player_choice":"Embrace Madness","damage_taken":9,"max_hp_gain":0,"max_hp_loss":0,"event_name":"Winding Halls","floor":38,"gold_loss":0,"cards_obtained":["animator:HigakiRinne"]},{"damage_healed":0,"gold_gain":0,"player_choice":"Fight","damage_taken":0,"max_hp_gain":0,"max_hp_loss":0,"event_name":"Mysterious Sphere","floor":41,"gold_loss":0},{"damage_healed":0,"gold_gain":0,"player_choice":"Ignored","damage_taken":0,"max_hp_gain":0,"max_hp_loss":0,"event_name":"Transmorgrifier","floor":47,"gold_loss":0}],"is_beta":false,"boss_relics":[{"not_picked":["Coffee Dripper","Velvet Choker"],"picked":"Ectoplasm"},{"not_picked":["Calling Bell","animator:RacePiece"],"picked":"Busted Crown"}],"items_purged_floors":[],"is_endless":false,"potions_floor_spawned":[5,7,11,18,33,35,46],"killed_by":"animator:UNNAMED_HAT","ascension_level":11}}