{"host":"g7mkzn6qfoxkk5sz","time":1612367638,"event":{"mods":["BaseMod","Colored Map","Colored Powertips","Downfall","Minty Spire (QoL Compilation)","StSLib"],"gold_per_floor":[99,99,99,274,274,301,301,25,57,71,371,398,298,318,337,440,440,340,353,370,389,389,389,389,389],"floor_reached":23,"language":"ENG","playtime":1039,"items_purged":["Doubt"],"score":244,"play_id":"2f72182b-8703-4d16-a51d-849b88718163","local_time":"20210203175358","is_ascension_mode":true,"campfire_choices":[{"data":"Guardian:TwinSlam","floor":1,"key":"SMITH"},{"floor":13,"key":"RECALL"},{"data":"Guardian:BronzeArmor","floor":18,"key":"SMITH"}],"circlet_count":0,"master_deck":["Guardian:Defend_Guardian","Guardian:Defend_Guardian","Guardian:Defend_Guardian","Guardian:Defend_Guardian","Guardian:CurlUp","Guardian:TwinSlam+1","Guardian:Incinerate","Guardian:ShieldSpikes","Guardian:PrimingBeam","Guardian:ArmoredProtocol","Guardian:ShieldSpikes","Guardian:PrimingBeam","Guardian:TimeCapacitor","Guardian:BronzeArmor+1","Guardian:CrystalBeam+1","Guardian:Planning+1","Guardian:ArmoredProtocol+1","Guardian:PrimingBeam","Guardian:Gem_Lightblue","Guardian:PiercingHide"],"relics":["Guardian:ModeShifter","downfall:HeartsMalice","PreservedInsect","Bronze Scales","Omamori","Tiny Chest","Oddly Smooth Stone","downfall:HeartBlessingGreen","Astrolabe","downfall:HeartBlessingRed","Bottled Flame"],"acts_visited":["Exordium","TheCity"],"potions_floor_usage":[16,16,16,21,21],"damage_taken":[{"damage":0,"enemies":"Jaw Worm","floor":2,"turns":1},{"damage":0,"enemies":"2 Louse","floor":3,"turns":1},{"damage":0,"enemies":"3 Sentries","floor":6,"turns":1},{"damage":0,"enemies":"downfall:FleeingMerchant","floor":8,"turns":4},{"damage":3,"enemies":"Lagavulin","floor":9,"turns":7},{"damage":0,"enemies":"Cultist","floor":10,"turns":4},{"damage":0,"enemies":"Blue Slaver","floor":14,"turns":5},{"damage":5,"enemies":"Large Slime","floor":15,"turns":8},{"damage":32,"enemies":"IC_STATUS_ARCHETYPE","floor":16,"turns":13},{"damage":4,"enemies":"Shell Parasite","floor":19,"turns":6},{"damage":51,"enemies":"Centurion and Healer","floor":20,"turns":15},{"damage":11,"enemies":"Snecko","floor":21,"turns":7},{"damage":15,"enemies":"Slavers","floor":23,"turns":1}],"seed_played":"4625647887141114873","potions_obtained":[{"floor":6,"key":"Ancient Potion"},{"floor":9,"key":"BlessingOfTheForge"},{"floor":10,"key":"Weak Potion"},{"floor":14,"key":"Block Potion"},{"floor":19,"key":"LiquidMemories"},{"floor":20,"key":"LiquidMemories"}],"is_trial":false,"path_per_floor":["R","M","M","?","?","E","T","$","E","M","?","T","R","M","M","B",null,"R","M","M","M","T","E"],"character_chosen":"GUARDIAN","items_purchased":["Omamori","Guardian:ShieldSpikes"],"campfire_rested":0,"item_purchase_floors":[8,8],"current_hp_per_floor":[80,80,80,80,80,80,80,80,77,77,77,77,77,77,72,40,80,80,76,25,14,14,0,0,0],"gold":389,"neow_bonus":"THREE_ENEMY_KILL","is_daily":false,"chose_seed":false,"campfire_upgraded":2,"win_rate":0.0,"timestamp":1612367638,"path_taken":["R","M","M","?","?","E","T","$","E","?","?","?","R","M","M","BOSS","R","M","M","M","?","E"],"items_purchased_type":["Relic","Card"],"build_version":"2020-12-22","purchased_purges":1,"victory":false,"max_hp_per_floor":[80,80,80,80,80,80,80,80,80,80,80,80,80,80,80,80,80,80,80,80,80,80,80,80,80],"card_choices":[{"not_picked":["Guardian:DecasProtection","Guardian:Gem_Cyan"],"picked":"Guardian:Incinerate","floor":2},{"not_picked":["Guardian:PrismaticBeam","Guardian:TemporalStrike"],"picked":"Guardian:ShieldSpikes","floor":3},{"not_picked":["Guardian:MultiBeam","Guardian:Gem_White"],"picked":"Guardian:PrimingBeam","floor":6},{"not_picked":["Guardian:Preprogram","Guardian:Suspension"],"picked":"Guardian:ArmoredProtocol","floor":8},{"not_picked":["Guardian:Reroute","Guardian:RollAttack"],"picked":"Guardian:Gem_Lightblue","floor":9},{"not_picked":["Guardian:BaubleBeam","Guardian:Repulse"],"picked":"Guardian:PrimingBeam","floor":10},{"not_picked":["Guardian:VentSteam","Guardian:RollAttack"],"picked":"Guardian:TimeCapacitor","floor":14},{"not_picked":["Guardian:Gem_Green","Guardian:WalkerClaw"],"picked":"Guardian:BronzeArmor","floor":15},{"not_picked":["Guardian:GatlingBeam","Guardian:StasisStrike"],"picked":"Guardian:Gem_Synthetic","floor":16},{"not_picked":["Guardian:Harden","Guardian:Incinerate+1"],"picked":"Guardian:PrimingBeam","floor":19},{"not_picked":["Guardian:TemporalShield","Guardian:Gem_Green"],"picked":"Guardian:Gem_Lightblue","floor":20},{"not_picked":["Guardian:FuturePlans","Guardian:RollAttack"],"picked":"Guardian:PiercingHide","floor":21}],"player_experience":478030,"relics_obtained":[{"floor":6,"key":"PreservedInsect"},{"floor":7,"key":"Bronze Scales"},{"floor":9,"key":"Tiny Chest"},{"floor":12,"key":"Oddly Smooth Stone"},{"floor":22,"key":"Bottled Flame"}],"event_choices":[{"cards_removed":["Guardian:Strike_Guardian"],"damage_healed":0,"gold_gain":0,"player_choice":"Offered Basic","damage_taken":0,"max_hp_gain":0,"max_hp_loss":0,"event_name":"Bonfire Elementals","floor":5,"gold_loss":0}],"is_beta":false,"boss_relics":[{"not_picked":["bronze:MakeshiftBattery","Pandora\u0027s Box"],"picked":"Astrolabe"}],"items_purged_floors":[8],"is_endless":false,"potions_floor_spawned":[6,9,10,14,19,20],"killed_by":"Slavers","ascension_level":2}}