{"host":"ncocfkoislda923u","time":1612329850,"event":{"mods":["BaseMod","Downfall","Googly Eyes","Minty Spire (QoL Compilation)","Spire Arcade","StSLib"],"gold_per_floor":[99,114,114,126,126,140,166,166,209,209,368,131,158,158,168,281,281,281,300,321,348,368,368,368,403,412,433,433,472,372,414,439,551,551,551,576,597,597,606,606,688,714,614,633,649,672,572,595,610,610,610,644,249,249,249,249,249,249],"floor_reached":56,"language":"ENG","playtime":7993,"items_purged":["Shame","downfall:Icky"],"score":861,"play_id":"1baa92be-b1cf-4af9-b413-5cd502dfd65d","local_time":"20210203062410","is_ascension_mode":true,"campfire_choices":[{"data":"PanicButton","floor":1.0,"key":"SMITH"},{"floor":10.0,"key":"REST"},{"data":"bronze:Assembly","floor":18.0,"key":"SMITH"},{"floor":23.0,"key":"REST"},{"floor":26.0,"key":"REST"},{"data":"bronze:Fortify","floor":30.0,"key":"SMITH"},{"data":"bronze:Library","floor":35.0,"key":"SMITH"},{"floor":43,"key":"RECALL"},{"data":"bronze:Repulsor","floor":47,"key":"SMITH"},{"data":"bronze:Shell","floor":54,"key":"SMITH"}],"circlet_count":0,"master_deck":["bronze:Strike","bronze:Strike+1","bronze:Strike+1","bronze:Defend","bronze:Defend","bronze:Replicate","bronze:Goto","PanicButton+1","bronze:Flail+1","bronze:WhirlingStrike","bronze:NullPointer","bronze:Fortify+1","bronze:DelayedSlice","bronze:Assembly+1","bronze:DelayedGuard+1","bronze:BugBarrage+1","bronze:ClassDefault","bronze:ShipIt","bronze:Shell+1","bronze:Turbo+1","bronze:Repair","bronze:Shell+1","bronze:Library+1","bronze:ChildClass+1","bronze:Break","bronze:ItsAFeature","bronze:Flail+1","expansioncontent:AwakenDeath","bronze:Repulsor+1","bronze:DelayedGuard+1","bronze:InfiniteLoop"],"relics":["bronze:PlatinumCore","CeramicFish","Happy Flower","Pocketwatch","Omamori","Bag of Marbles","Eternal Feather","Dream Catcher","bronze:BottledCode","Lantern","downfall:HeartBlessingGreen","Art of War","Calling Bell","Toy Ornithopter","Gremlin Horn","Incense Burner","Bottled Tornado","downfall:HeartBlessingBlue","downfall:HeartBlessingRed","Orichalcum","Pen Nib"],"acts_visited":["Exordium","TheCity","TheBeyond","TheEnding"],"potions_floor_usage":[37,40,50,55,55,55],"damage_taken":[{"damage":2.0,"enemies":"Small Slimes","floor":2.0,"turns":4.0},{"damage":0.0,"enemies":"2 Louse","floor":4.0,"turns":3.0},{"damage":1.0,"enemies":"Cultist","floor":6.0,"turns":3.0},{"damage":14.0,"enemies":"Gremlin Nob","floor":9.0,"turns":3.0},{"damage":0.0,"enemies":"downfall:FleeingMerchant","floor":12.0,"turns":4.0},{"damage":0.0,"enemies":"3 Sentries","floor":13.0,"turns":3.0},{"damage":7.0,"enemies":"Blue Slaver","floor":15.0,"turns":2.0},{"damage":43.0,"enemies":"WA_ARCHETYPE_RETAIN","floor":16.0,"turns":6.0},{"damage":10.0,"enemies":"Spheric Guardian","floor":19.0,"turns":3.0},{"damage":0.0,"enemies":"Chosen","floor":20.0,"turns":4.0},{"damage":21.0,"enemies":"Snake Plant","floor":21.0,"turns":4.0},{"damage":0.0,"enemies":"Cultist and Chosen","floor":22.0,"turns":4.0},{"damage":15.0,"enemies":"Gremlin Leader","floor":25.0,"turns":7.0},{"damage":10.0,"enemies":"Chosen and Byrds","floor":27.0,"turns":3.0},{"damage":0.0,"enemies":"Slavers","floor":29.0,"turns":4.0},{"damage":3.0,"enemies":"Gremlin Leader","floor":31.0,"turns":7.0},{"damage":0.0,"enemies":"Snecko","floor":32.0,"turns":3.0},{"damage":32.0,"enemies":"DF_ARCHETYPE_CLAW","floor":33.0,"turns":12.0},{"damage":0,"enemies":"3 Darklings","floor":36,"turns":3},{"damage":0,"enemies":"3 Shapes","floor":37,"turns":3},{"damage":3,"enemies":"Writhing Mass","floor":40,"turns":2},{"damage":0,"enemies":"Jaw Worm Horde","floor":44,"turns":1},{"damage":0,"enemies":"Transient","floor":45,"turns":5},{"damage":21,"enemies":"4 Shapes","floor":46,"turns":4},{"damage":0,"enemies":"Spire Growth","floor":48,"turns":3},{"damage":7,"enemies":"Sphere and 2 Shapes","floor":49,"turns":2},{"damage":19,"enemies":"SI_POISON_ARCHETYPE","floor":50,"turns":9},{"damage":9,"enemies":"downfall:CharBossMerchant","floor":52,"turns":14},{"damage":54,"enemies":"downfall:NeowBoss","floor":55,"turns":16},{"damage":97,"enemies":"downfall:NeowBossFinal","floor":56,"turns":14}],"seed_played":"-4037844223991016508","potions_obtained":[{"floor":2.0,"key":"Explosive Potion"},{"floor":4.0,"key":"Energy Potion"},{"floor":9.0,"key":"LiquidBronze"},{"floor":20.0,"key":"champ:CounterPotion"},{"floor":22.0,"key":"bronze:FreeFunctionsPotion"},{"floor":27.0,"key":"Dexterity Potion"},{"floor":31.0,"key":"CultistPotion"},{"floor":36,"key":"LiquidMemories"},{"floor":37,"key":"SmokeBomb"},{"floor":45,"key":"SkillPotion"},{"floor":52,"key":"hexamod:SoulburnPotion"}],"is_trial":false,"path_per_floor":["R","M","?","M","?","M","T","?","E","R","?","$","E","?","M","B",null,"R","M","M","M","M","R","T","E","R","M","?","E","R","E","M","B",null,"R","M","M","?","?","M","T","T","R","M","M","M","R","M","M","B",null,"E","$","R","B","B"],"character_chosen":"THE_AUTOMATON","items_purchased":["Omamori","bronze:InfiniteLoop","Pen Nib"],"campfire_rested":3,"item_purchase_floors":[12,53,53],"current_hp_per_floor":[70,68,68,68,68,67,67,42,28,49,49,49,49,70,63,20,70,70,60,60,39,39,60,60,45,70,60,60,60,60,57,60,28,60,60,60,60,60,60,60,60,60,70,70,70,49,67,70,63,51,70,68,68,70,21,0,0,0],"gold":249,"neow_bonus":"RANDOM_COLORLESS","is_daily":false,"chose_seed":false,"campfire_upgraded":6,"win_rate":0.0,"timestamp":1612329850,"path_taken":["R","M","?","M","?","?","T","?","E","R","?","$","E","?","M","BOSS","R","M","M","M","M","R","T","E","R","M","?","E","R","E","M","BOSS","R","M","M","?","?","M","T","?","R","M","M","M","R","M","M","BOSS","E","$","R","BOSS","BOSS"],"items_purchased_type":["Relic","Card","Relic"],"build_version":"2020-12-22","purchased_purges":2,"victory":false,"max_hp_per_floor":[70,70,70,70,70,70,70,70,70,70,70,70,70,70,70,70,70,70,70,70,70,70,70,70,70,70,70,60,60,60,60,60,60,60,60,60,60,60,60,60,60,60,70,70,70,70,70,70,70,70,70,70,70,70,70,70,70,70],"card_choices":[{"not_picked":["Impatience","Madness"],"picked":"PanicButton","floor":0.0},{"not_picked":["bronze:CloningBeam","bronze:Safeguard"],"picked":"bronze:Flail","floor":2.0},{"not_picked":["bronze:Turbo","bronze:CutThrough"],"picked":"bronze:WhirlingStrike","floor":4.0},{"not_picked":["bronze:WhirlingStrike","bronze:DigitalCarnage"],"picked":"bronze:NullPointer","floor":6.0},{"not_picked":["bronze:BitShift","bronze:Shield"],"picked":"bronze:Fortify","floor":9.0},{"not_picked":["bronze:Deprecate","bronze:Invalidate"],"picked":"bronze:DelayedSlice","floor":12.0},{"not_picked":["bronze:WildBeam","bronze:WhirlingStrike","bronze:Philosophize"],"picked":"SKIP","floor":13.0},{"not_picked":["bronze:Verify","bronze:OilSpill","bronze:CutThrough"],"picked":"SKIP","floor":15.0},{"not_picked":["bronze:SpaghettiCode","bronze:Virus"],"picked":"bronze:Assembly","floor":16.0},{"not_picked":["bronze:OilSpill","bronze:BitShift"],"picked":"bronze:DelayedGuard+1","floor":19.0},{"not_picked":["bronze:Separator+1","bronze:FineTuning"],"picked":"bronze:BugBarrage+1","floor":20.0},{"not_picked":["bronze:Invalidate","bronze:ChildClass"],"picked":"bronze:ClassDefault","floor":21.0},{"not_picked":["bronze:GetLatest","bronze:Frontload"],"picked":"bronze:ShipIt","floor":22.0},{"not_picked":["bronze:InfiniteBeams","bronze:BitShift"],"picked":"bronze:Shell+1","floor":25.0},{"not_picked":["bronze:DigitalCarnage","bronze:Fortify"],"picked":"bronze:Turbo+1","floor":26.0},{"not_picked":["bronze:NullPointer","bronze:BugBarrage"],"picked":"bronze:Repair","floor":27.0},{"not_picked":["bronze:BuggyMess+1","bronze:Turbo+1"],"picked":"bronze:Shell","floor":29.0},{"not_picked":["bronze:Separator+1","bronze:Shield"],"picked":"bronze:Library","floor":31.0},{"not_picked":["bronze:ClassDefault","bronze:Return"],"picked":"bronze:ChildClass+1","floor":32.0},{"not_picked":["bronze:Verify","bronze:SpaghettiCode"],"picked":"bronze:Break","floor":33.0},{"not_picked":["bronze:Overheat+1","bronze:ForceShield"],"picked":"bronze:ItsAFeature","floor":36},{"not_picked":["bronze:ItsAFeature","bronze:Deprecate"],"picked":"bronze:Flail+1","floor":37},{"not_picked":["expansioncontent:PolyBeam","expansioncontent:YouAreMine"],"picked":"expansioncontent:AwakenDeath","floor":39},{"not_picked":["bronze:Iterate","bronze:Overheat","bronze:Terminator+1"],"picked":"SKIP","floor":44},{"not_picked":["bronze:Separator+1","bronze:FollowUp","bronze:Refactor"],"picked":"SKIP","floor":45},{"not_picked":["bronze:Shell","bronze:Overheat"],"picked":"bronze:Repulsor","floor":46},{"not_picked":["bronze:GetLatest","bronze:Flail"],"picked":"bronze:DelayedGuard+1","floor":48},{"not_picked":["bronze:DarkDash+1","bronze:ForLoop+1","bronze:Optimize"],"picked":"SKIP","floor":49},{"not_picked":["bronze:Overload+1","bronze:Return","bronze:ForLoop+1"],"picked":"SKIP","floor":52}],"player_experience":1538038,"relics_obtained":[{"floor":7.0,"key":"CeramicFish"},{"floor":9.0,"key":"Pocketwatch"},{"floor":13.0,"key":"Bag of Marbles"},{"floor":24.0,"key":"Eternal Feather"},{"floor":25.0,"key":"Dream Catcher"},{"floor":29.0,"key":"Lantern"},{"floor":31.0,"key":"Art of War"},{"floor":34.0,"key":"Toy Ornithopter"},{"floor":34.0,"key":"Gremlin Horn"},{"floor":34.0,"key":"Incense Burner"},{"floor":41,"key":"Bottled Tornado"},{"floor":52,"key":"Orichalcum"}],"event_choices":[{"damage_healed":0.0,"max_hp_gain":0.0,"max_hp_loss":0.0,"gold_gain":0.0,"event_name":"Scrap Ooze","player_choice":"Success","floor":8.0,"gold_loss":0.0,"damage_taken":25.0,"relics_obtained":["Happy Flower"]},{"damage_healed":23.0,"max_hp_gain":0.0,"max_hp_loss":0.0,"gold_gain":0.0,"event_name":"Big Fish","player_choice":"Banana","floor":14.0,"gold_loss":0.0,"damage_taken":0.0},{"cards_removed":["bronze:Defend"],"damage_healed":0,"gold_gain":0,"player_choice":"Removed Skill","damage_taken":0,"max_hp_gain":0,"max_hp_loss":0,"event_name":"Falling","floor":38,"gold_loss":0}],"is_beta":false,"boss_relics":[{"not_picked":["Fusion Hammer","Tiny House"],"picked":"bronze:PlatinumCore"},{"not_picked":["Empty Cage","Runic Dome"],"picked":"Calling Bell"}],"items_purged_floors":[12,53],"is_endless":false,"potions_floor_spawned":[2,4,9,20,22,27,31,36,37,45,52],"killed_by":"downfall:NeowBossFinal","ascension_level":1}}