{"host":"7krnriczr1b2ou5r","time":1612354533,"event":{"mods":["BaseMod","Keyboard Shortcuts","Marisa£¨Ùöéë¡¡Øª×âÞÞ£©","Minty Spire (QoL Compilation)","Relic Stats","StSLib"],"gold_per_floor":[112,129,12,12,24,53,53,87,87,104,120,130,130,44,44,117,117,131,150,3,53,66,94,94,94,121,138,173,19,19,30,30,104,104,117,142,9,29,44,78,78,112,112,144,144,144,174,6,6,6,6,6,6,6,36,36],"floor_reached":57,"language":"KOR","playtime":3080,"items_purged":["Strike_G"],"score":3282,"play_id":"8cfcba7e-46da-4c25-85e6-f699f6d36354","local_time":"20210203211533","is_ascension_mode":true,"campfire_choices":[{"data":"Metamorphosis","floor":7,"key":"SMITH"},{"data":"Footwork","floor":15,"key":"SMITH"},{"floor":24,"key":"REST"},{"floor":30,"key":"REST"},{"floor":32,"key":"REST"},{"floor":41,"key":"REST"},{"floor":49,"key":"REST"},{"floor":53,"key":"REST"}],"circlet_count":0,"master_deck":["AscendersBane","Defend_G","Survivor","Neutralize","Metamorphosis+1","Backflip","Cloak And Dagger","Expertise","Noxious Fumes","Predator+1","Footwork+1","Evaluate","Panache","Prepared","Finisher","Blade Dance","Escape Plan","Discovery","Chrysalis","IllusionStar","Scrape+1","Accuracy","Accuracy","Deep Breath"],"relics":["Ring of the Snake","Membership Card","Mango","Mercury Hourglass","White Beast Statue","Omamori","PrismaticShard","Fusion Hammer","The Courier","WarpedTongs","Lantern","Juzu Bracelet","InkBottle","Kunai","Black Star","Thread and Needle","Bronze Scales","Nunchaku","Vajra","Bag of Preparation","Ninja Scroll","Dead Branch","Lizard Tail","The Specimen","Mummified Hand","Ancient Tea Set","Snake Skull","Pen Nib","PreservedInsect","Chemical X","Gambling Chip","Whetstone"],"acts_visited":["Exordium","TheCity","TheBeyond","TheEnding"],"potions_floor_usage":[6,8,8,10,12,18,19,22,23,27,28,33,36,51,51,56],"damage_taken":[{"damage":8,"enemies":"2 Louse","floor":1,"turns":4},{"damage":1,"enemies":"Cultist","floor":2,"turns":3},{"damage":2,"enemies":"Jaw Worm","floor":5,"turns":3},{"damage":23,"enemies":"3 Sentries","floor":6,"turns":9},{"damage":2,"enemies":"Lagavulin","floor":8,"turns":5},{"damage":1,"enemies":"Lots of Slimes","floor":10,"turns":4},{"damage":0,"enemies":"Blue Slaver","floor":11,"turns":3},{"damage":4,"enemies":"Gremlin Gang","floor":12,"turns":5},{"damage":38,"enemies":"Slime Boss","floor":16,"turns":6},{"damage":22,"enemies":"Spheric Guardian","floor":18,"turns":4},{"damage":4,"enemies":"Shell Parasite","floor":19,"turns":5},{"damage":15,"enemies":"Snake Plant","floor":22,"turns":4},{"damage":8,"enemies":"Slavers","floor":23,"turns":4},{"damage":9,"enemies":"Snecko","floor":27,"turns":5},{"damage":13,"enemies":"Gremlin Leader","floor":28,"turns":7},{"damage":8,"enemies":"Automaton","floor":33,"turns":5},{"damage":15,"enemies":"Orb Walker","floor":35,"turns":3},{"damage":14,"enemies":"Mind Bloom Boss Battle","floor":36,"turns":4},{"damage":0,"enemies":"3 Shapes","floor":38,"turns":4},{"damage":14,"enemies":"Sphere and 2 Shapes","floor":39,"turns":3},{"damage":0,"enemies":"Giant Head","floor":40,"turns":3},{"damage":0,"enemies":"Nemesis","floor":42,"turns":3},{"damage":0,"enemies":"Reptomancer","floor":44,"turns":2},{"damage":0,"enemies":"Nemesis","floor":47,"turns":3},{"damage":0,"enemies":"Awakened One","floor":50,"turns":3},{"damage":37,"enemies":"Time Eater","floor":51,"turns":5},{"damage":0,"enemies":"Shield and Spear","floor":55,"turns":2},{"damage":76,"enemies":"The Heart","floor":56,"turns":6}],"seed_played":"-5219378193603196965","potions_obtained":[{"floor":2,"key":"Swift Potion"},{"floor":5,"key":"Block Potion"},{"floor":6,"key":"Block Potion"},{"floor":8,"key":"Energy Potion"},{"floor":10,"key":"SteroidPotion"},{"floor":11,"key":"FairyPotion"},{"floor":12,"key":"AttackPotion"},{"floor":16,"key":"CultistPotion"},{"floor":18,"key":"EssenceOfSteel"},{"floor":19,"key":"SpeedPotion"},{"floor":22,"key":"LiquidMemories"},{"floor":23,"key":"PowerPotion"},{"floor":27,"key":"Poison Potion"},{"floor":28,"key":"Strength Potion"},{"floor":33,"key":"Regen Potion"},{"floor":36,"key":"Regen Potion"},{"floor":38,"key":"Dexterity Potion"},{"floor":39,"key":"AttackPotion"},{"floor":55,"key":"Weak Potion"}],"is_trial":false,"path_per_floor":["M","M","$","?","M","E","R","E","T","M","M","M","?","$","R","B",null,"M","M","$","?","M","E","R","?","T","M","E","$","R","$","R","B",null,"M","?","$","M","M","E","R","E","T","E","?","?","E","$","R","B","B",null,"R","$","E","B",null],"character_chosen":"THE_SILENT","items_purchased":["Membership Card","PrismaticShard","Panache","Finisher","Blade Dance","InkBottle","Escape Plan","Kunai","Discovery","Bronze Scales","Nunchaku","Vajra","Bag of Preparation","Accuracy","Chemical X","Accuracy","Deep Breath"],"campfire_rested":6,"item_purchase_floors":[3,14,20,29,29,29,31,31,31,37,37,37,37,48,48,48,48],"current_hp_per_floor":[36,35,35,35,33,24,24,22,22,21,21,17,6,6,6,24,66,44,40,40,40,25,17,41,41,41,32,19,19,43,43,67,59,75,60,55,55,55,41,41,65,65,65,65,65,80,80,80,80,80,43,71,80,80,80,4],"gold":36,"neow_bonus":"RANDOM_COLORLESS_2","is_daily":false,"chose_seed":false,"campfire_upgraded":2,"win_rate":0.0,"timestamp":1612354533,"path_taken":["M","M","$","?","?","E","R","E","T","M","M","M","?","?","R","BOSS","M","M","?","?","M","E","R","?","T","M","E","$","R","$","R","BOSS","M","?","$","M","M","E","R","E","T","E","?","?","E","$","R","BOSS","BOSS","R","$","E","BOSS"],"items_purchased_type":["Relic","Relic","Card","Card","Card","Relic","Card","Relic","Card","Relic","Relic","Relic","Relic","Card","Relic","Card","Card"],"build_version":"2020-12-22","purchased_purges":1,"victory":true,"max_hp_per_floor":[66,66,66,66,66,80,80,80,80,80,80,80,80,80,80,80,80,80,80,80,80,80,80,80,80,80,80,80,80,80,80,80,80,80,80,80,80,80,80,80,80,80,80,80,80,80,80,80,80,80,80,80,80,80,80,80],"relic_stats":{"counters":[28,115],"Dead Branch":[95],"Snake Skull":[51],"Pen Nib":[7],"PreservedInsect":77,"Juzu Bracelet":1,"Bag of Preparation":[6],"Whetstone":["Predator","Scrape"],"Mercury Hourglass":[403],"WarpedTongs":[58],"Nunchaku":[14],"Lizard Tail":0,"Mummified Hand":[42],"Bronze Scales":[108],"Gambling Chip":[1],"Black Star":5,"Kunai":[49],"Chemical X":[3],"obtain_stats":[{"Lantern":26,"Vajra":37,"Mango":6,"Snake Skull":44,"Juzu Bracelet":28,"Bag of Preparation":37,"Whetstone":55,"PrismaticShard":14,"Ancient Tea Set":44,"Nunchaku":37,"Lizard Tail":42,"Ninja Scroll":40,"Mummified Hand":43,"Gambling Chip":55,"Fusion Hammer":17,"Kunai":31,"Chemical X":48,"InkBottle":29,"Ring of the Snake":0,"The Specimen":42,"Dead Branch":40,"Thread and Needle":36,"The Courier":23,"Pen Nib":47,"PreservedInsect":47,"Omamori":13,"White Beast Statue":9,"Mercury Hourglass":8,"WarpedTongs":25,"Bronze Scales":37,"Black Star":34,"Membership Card":3},{"Lantern":13,"Vajra":18,"Mango":4,"Snake Skull":23,"Juzu Bracelet":15,"Bag of Preparation":18,"Whetstone":27,"PrismaticShard":8,"Ancient Tea Set":23,"Nunchaku":18,"Lizard Tail":22,"Ninja Scroll":21,"Mummified Hand":22,"Gambling Chip":27,"Fusion Hammer":9,"Kunai":15,"Chemical X":24,"InkBottle":15,"Ring of the Snake":0,"The Specimen":22,"Dead Branch":21,"Thread and Needle":18,"The Courier":13,"Pen Nib":24,"PreservedInsect":24,"Omamori":8,"White Beast Statue":5,"Mercury Hourglass":5,"WarpedTongs":13,"Bronze Scales":18,"Black Star":16,"Membership Card":2},{"Lantern":57,"Vajra":81,"Mango":19,"Snake Skull":96,"Juzu Bracelet":69,"Bag of Preparation":81,"Whetstone":109,"PrismaticShard":36,"Ancient Tea Set":96,"Nunchaku":81,"Lizard Tail":94,"Ninja Scroll":91,"Mummified Hand":94,"Gambling Chip":109,"Fusion Hammer":42,"Kunai":69,"Chemical X":99,"InkBottle":69,"Ring of the Snake":0,"The Specimen":94,"Dead Branch":91,"Thread and Needle":81,"The Courier":57,"Pen Nib":99,"PreservedInsect":99,"Omamori":36,"White Beast Statue":24,"Mercury Hourglass":24,"WarpedTongs":57,"Bronze Scales":81,"Black Star":74,"Membership Card":7}],"InkBottle":[43],"Ring of the Snake":[56]},"card_choices":[{"not_picked":["Violence","Mayhem"],"picked":"Metamorphosis","floor":0},{"not_picked":["Cloak And Dagger","Quick Slash"],"picked":"Backflip","floor":1},{"not_picked":["Cloak And Dagger","Endless Agony","Riddle With Holes"],"picked":"SKIP","floor":2},{"not_picked":["Endless Agony","Riddle With Holes"],"picked":"Cloak And Dagger","floor":2},{"not_picked":["Distraction","Deflect"],"picked":"Noxious Fumes","floor":5},{"not_picked":["Flying Knee","Deflect"],"picked":"Predator","floor":6},{"not_picked":["Caltrops","Masterful Stab","Backflip"],"picked":"SKIP","floor":8},{"not_picked":["Outmaneuver","Riddle With Holes","Slice"],"picked":"SKIP","floor":10},{"not_picked":["Endless Agony","Concentrate"],"picked":"Footwork","floor":11},{"not_picked":["Die Die Die","Slice","Riddle With Holes"],"picked":"SKIP","floor":12},{"not_picked":["Prepared","Quick Slash"],"picked":"Evaluate","floor":18},{"not_picked":["AsteroidBelt","Riddle With Holes","Gash"],"picked":"SKIP","floor":19},{"not_picked":["FlyingSleeves","Blade Dance","Quick Slash"],"picked":"SKIP","floor":22},{"not_picked":["Evaluate","Amplify","UnstableBomb"],"picked":"SKIP","floor":23},{"not_picked":["Flex","Whirlwind","Feel No Pain"],"picked":"SKIP","floor":27},{"not_picked":["Stack","GrandCross"],"picked":"Prepared","floor":28},{"not_picked":["Mayhem","SuperNova"],"picked":"Chrysalis","floor":33},{"not_picked":["Quick Slash","Sucker Punch"],"picked":"IllusionStar","floor":35},{"not_picked":["Deadly Poison+1","ShootTheMoon+1","GravityBeat"],"picked":"SKIP","floor":38},{"not_picked":["Reflex","Warcry","LuminesStrike"],"picked":"SKIP","floor":39},{"not_picked":["Iron Wave","Malaise","Loop+1"],"picked":"SKIP","floor":40},{"not_picked":["Indignation+1","StarBarrage","Limit Break"],"picked":"SKIP","floor":42},{"not_picked":["Coolheaded","Good Instincts"],"picked":"Scrape","floor":44},{"not_picked":["Second Wind","Vengeance","Tantrum"],"picked":"SKIP","floor":47},{"not_picked":["NonDirectionalLaser+1","MysteriousBeam","Poisoned Stab"],"picked":"SKIP","floor":55}],"player_experience":1148821,"relics_obtained":[{"floor":6,"key":"Mango"},{"floor":8,"key":"Mercury Hourglass"},{"floor":9,"key":"White Beast Statue"},{"floor":23,"key":"The Courier"},{"floor":26,"key":"Lantern"},{"floor":28,"key":"Juzu Bracelet"},{"floor":36,"key":"Thread and Needle"},{"floor":40,"key":"Ninja Scroll"},{"floor":40,"key":"Dead Branch"},{"floor":42,"key":"Lizard Tail"},{"floor":42,"key":"The Specimen"},{"floor":43,"key":"Mummified Hand"},{"floor":44,"key":"Ancient Tea Set"},{"floor":44,"key":"Snake Skull"},{"floor":47,"key":"Pen Nib"},{"floor":47,"key":"PreservedInsect"},{"floor":55,"key":"Gambling Chip"},{"floor":55,"key":"Whetstone"}],"event_choices":[{"damage_healed":0,"gold_gain":0,"cards_transformed":["Strike_G"],"player_choice":"Transformed","damage_taken":0,"max_hp_gain":0,"max_hp_loss":0,"event_name":"Transmorgrifier","floor":4,"gold_loss":0,"cards_obtained":["Expertise"]},{"damage_healed":0,"gold_gain":0,"player_choice":"Success","damage_taken":11,"relics_obtained":["Omamori"],"max_hp_gain":0,"max_hp_loss":0,"event_name":"Scrap Ooze","floor":13,"gold_loss":0},{"damage_healed":0,"gold_gain":50,"player_choice":"Stole From Cult","damage_taken":0,"max_hp_gain":0,"max_hp_loss":0,"event_name":"Nest","floor":21,"gold_loss":0},{"damage_healed":0,"gold_gain":0,"player_choice":"Rummage","damage_taken":0,"relics_obtained":["WarpedTongs"],"max_hp_gain":0,"max_hp_loss":0,"event_name":"Accursed Blacksmith","floor":25,"gold_loss":0,"cards_obtained":["Pain"]},{"damage_healed":0,"gold_gain":0,"player_choice":"Fight","damage_taken":0,"max_hp_gain":0,"max_hp_loss":0,"event_name":"MindBloom","floor":36,"gold_loss":0},{"cards_removed":["Defend_G"],"damage_healed":0,"gold_gain":0,"player_choice":"Removed Skill","damage_taken":0,"max_hp_gain":0,"max_hp_loss":0,"event_name":"Falling","floor":45,"gold_loss":0},{"damage_healed":16,"gold_gain":0,"player_choice":"Writhe","damage_taken":0,"max_hp_gain":0,"max_hp_loss":0,"event_name":"Winding Halls","floor":46,"gold_loss":0,"cards_obtained":["Writhe"]}],"is_beta":false,"boss_relics":[{"not_picked":["Busted Crown","Runic Dome"],"picked":"Fusion Hammer"},{"not_picked":["SacredBark","Empty Cage"],"picked":"Black Star"}],"items_purged_floors":[20],"is_endless":false,"potions_floor_spawned":[2,5,6,8,10,11,12,16,18,19,22,23,27,28,33,35,36,38,39,40,42,44,47,55],"ascension_level":20}}