{"host":"v380u9jqfq8325l5","time":1612328586,"event":{"mods":["BaseMod","Bestiary","BetterRewards","Colored Map","Colored Powertips","Curses Come First","Evolution","Halation","Hubris","Infinite Spire","Minty Spire (QoL Compilation)","Reliquary","Spire Arcade","StSLib","SuperFastMode"],"gold_per_floor":[111,124,124,143,153,178,206,206,256,286,301,318,343,118,118,215,215,231,231,231,247,262,289,289,307,307,341,370,470,500,518,518,621,621,638,638,638,236,250,283,283,297,367,386,400,433,433,433,433,433],"floor_reached":51,"language":"ENG","playtime":774,"items_purged":["Defend_R","Strike_R","Defend_R","Strike_R","Defend_R","Strike_R","Strike_R","Bash"],"score":1582,"play_id":"4fbec559-2ed0-40a8-9829-6bb244e8a1c9","local_time":"20210203080306","is_ascension_mode":true,"campfire_choices":[{"data":"1","floor":15,"key":"LIFT"},{"data":"2","floor":24,"key":"LIFT"},{"data":"3","floor":32,"key":"LIFT"},{"data":"Limit Break","floor":41,"key":"SMITH"},{"data":"Double Tap","floor":47,"key":"SMITH"},{"data":"Limit Break","floor":49,"key":"SMITH"}],"circlet_count":0,"master_deck":["Whirlwind+1","Reaper","Whirlwind","Whirlwind+1","Double Tap+1","Limit Break+1","Limit Break+1"],"relics":["Burning Blood","EVO:Axolotl","hubris:64BitClover","hubris:IronBody","Thread and Needle","Magic Flower","Mango","reliquary:HotPoker","reliquary:Tamtam","WingedGreaves","Gremlin Horn","Du-Vu Doll","HandDrill","halation:SwordOfLegend","Chemical X","hubris:CuriousFeather","Pen Nib","Bag of Marbles","Girya","reliquary:PrincelyHelmet","Shovel","Busted Crown","reliquary:Tamtam","Pear","Toy Ornithopter","reliquary:WeakTea","infinitespire:Magic Flask","hubris:SphereOfDissonance","Question Card","Runic Dome","Bottled Flame","Oddly Smooth Stone","hubris:MedicalManual"],"acts_visited":["Exordium","TheCity","TheBeyond"],"potions_floor_usage":[6],"damage_taken":[{"damage":0,"enemies":"Cultist","floor":1,"turns":2},{"damage":0,"enemies":"Small Slimes","floor":2,"turns":1},{"damage":0,"enemies":"2 Louse","floor":4,"turns":1},{"damage":14,"enemies":"Large Slime","floor":5,"turns":3},{"damage":12,"enemies":"Gremlin Nob","floor":6,"turns":3},{"damage":16,"enemies":"Lagavulin","floor":7,"turns":4},{"damage":0,"enemies":"Gremlin Nob","floor":10,"turns":2},{"damage":0,"enemies":"Gremlin Gang","floor":11,"turns":1},{"damage":0,"enemies":"2 Fungi Beasts","floor":12,"turns":1},{"damage":0,"enemies":"3 Sentries","floor":13,"turns":1},{"damage":53,"enemies":"Hexaghost","floor":16,"turns":4},{"damage":0,"enemies":"3 Byrds","floor":18,"turns":1},{"damage":0,"enemies":"Chosen","floor":21,"turns":1},{"damage":0,"enemies":"3 Cultists","floor":22,"turns":1},{"damage":0,"enemies":"Book of Stabbing","floor":23,"turns":2},{"damage":0,"enemies":"Centurion and Healer","floor":25,"turns":1},{"damage":0,"enemies":"Gremlin Leader","floor":27,"turns":1},{"damage":0,"enemies":"Book of Stabbing","floor":28,"turns":2},{"damage":0,"enemies":"Colosseum Slavers","floor":29,"turns":1},{"damage":0,"enemies":"Colosseum Nobs","floor":29,"turns":1},{"damage":0,"enemies":"Gremlin Leader","floor":30,"turns":1},{"damage":0,"enemies":"Snake Plant","floor":31,"turns":1},{"damage":0,"enemies":"Collector","floor":33,"turns":2},{"damage":0,"enemies":"3 Darklings","floor":35,"turns":1},{"damage":8,"enemies":"3 Shapes","floor":39,"turns":1},{"damage":0,"enemies":"Giant Head","floor":40,"turns":2},{"damage":0,"enemies":"Spire Growth","floor":42,"turns":1},{"damage":0,"enemies":"3 Darklings","floor":44,"turns":1},{"damage":0,"enemies":"Writhing Mass","floor":45,"turns":1},{"damage":0,"enemies":"Nemesis","floor":46,"turns":1},{"damage":0,"enemies":"Time Eater","floor":50,"turns":2}],"seed_played":"8675787850618363786","potions_obtained":[{"floor":2,"key":"Dexterity Potion"},{"floor":4,"key":"Fruit Juice"},{"floor":7,"key":"Dexterity Potion"},{"floor":12,"key":"Strength Potion"},{"floor":13,"key":"infinitespire:BlackPotion"},{"floor":18,"key":"Fire Potion"},{"floor":23,"key":"FairyPotion"},{"floor":30,"key":"Fruit Juice"}],"is_trial":false,"path_per_floor":["M","M","?","M","M","E","E","?","T","E","M","M","E","$","R","B",null,"M","?","?","M","M","E","R","M","T","E","E","?","E","M","R","B",null,"M","?","?","$","M","E","R","M","T","M","M","E","R","?","R","B",null],"character_chosen":"IRONCLAD","items_purchased":["hubris:IronBody","Thread and Needle","Magic Flower","reliquary:HotPoker","reliquary:Tamtam","Gremlin Horn","HandDrill","Chemical X","Whirlwind","Limit Break"],"campfire_rested":0,"item_purchase_floors":[0,0,0,0,0,0,0,0,0,38],"current_hp_per_floor":[94,94,87,94,89,94,87,87,87,96,99,99,99,99,99,69,99,99,99,99,99,99,99,99,99,109,109,109,109,109,109,109,109,109,109,108,108,108,109,109,109,109,109,109,109,109,109,109,109,109],"gold":433,"neow_bonus":"","is_daily":false,"chose_seed":false,"campfire_upgraded":3,"win_rate":0.0,"timestamp":1612328586,"path_taken":["M","M","?","M","M","E","E","?","T","E","?","M","E","$","R","BOSS","M","?","?","M","M","E","R","?","T","E","E","?","E","M","R","BOSS","M","?","?","?","?","E","R","M","T","M","M","E","R","?","R","BOSS"],"items_purchased_type":["Relic","Relic","Relic","Relic","Relic","Relic","Relic","Relic","Card","Card"],"build_version":"2020-12-22","purchased_purges":8,"victory":true,"max_hp_per_floor":[94,94,94,94,94,99,99,99,99,99,99,99,99,99,99,99,99,99,99,99,99,99,99,99,99,109,109,109,109,109,109,109,109,109,109,109,109,109,109,109,109,109,109,109,109,109,109,109,109,109],"card_choices":[{"not_picked":["Headbutt","Sword Boomerang","Warcry"],"picked":"SKIP","floor":1},{"not_picked":["Thunderclap","Intimidate","Infernal Blade"],"picked":"SKIP","floor":2},{"not_picked":["Uppercut","Flex","hubris:ReadiedAction"],"picked":"SKIP","floor":4},{"not_picked":["Sword Boomerang","Sentinel","Perfected Strike"],"picked":"SKIP","floor":5},{"not_picked":["Combust","Sword Boomerang","Clash"],"picked":"SKIP","floor":6},{"not_picked":["Iron Wave","Clash","Burning Pact"],"picked":"SKIP","floor":7},{"not_picked":["True Grit","infinitespire:OneForAll"],"picked":"Reaper","floor":10},{"not_picked":["Havoc","Blood for Blood"],"picked":"Inflame","floor":11},{"not_picked":["Sword Boomerang","Perfected Strike","Cleave"],"picked":"SKIP","floor":12},{"not_picked":["Flex","Brutality","Body Slam"],"picked":"SKIP","floor":13},{"not_picked":[],"picked":"Whirlwind","floor":18},{"not_picked":["Iron Wave"],"picked":"SKIP","floor":21},{"not_picked":["Spot Weakness"],"picked":"SKIP","floor":22},{"not_picked":["Entrench"],"picked":"SKIP","floor":23},{"not_picked":[],"picked":"Whirlwind+1","floor":25},{"not_picked":["Anger"],"picked":"SKIP","floor":27},{"not_picked":["Inflame"],"picked":"SKIP","floor":28},{"not_picked":["Flex"],"picked":"SKIP","floor":30},{"not_picked":["Blood for Blood","hubris:SharpeningStone"],"picked":"SKIP","floor":31},{"not_picked":["Berserk"],"picked":"Double Tap","floor":33},{"not_picked":["Twin Strike+1","Heavy Blade"],"picked":"SKIP","floor":35},{"not_picked":["Twin Strike+1","Warcry"],"picked":"SKIP","floor":39},{"not_picked":["Fire Breathing","Body Slam"],"picked":"SKIP","floor":40},{"not_picked":["Anger","True Grit"],"picked":"SKIP","floor":42},{"not_picked":["hubris:ReadiedAction"],"picked":"Limit Break","floor":44},{"not_picked":["Entrench+1","Shrug It Off"],"picked":"SKIP","floor":45},{"not_picked":["Ghostly Armor","Cleave"],"picked":"SKIP","floor":46}],"player_experience":220506,"relics_obtained":[{"floor":6,"key":"Pen Nib"},{"floor":7,"key":"Bag of Marbles"},{"floor":10,"key":"Girya"},{"floor":13,"key":"reliquary:PrincelyHelmet"},{"floor":16,"key":"Shovel"},{"floor":23,"key":"reliquary:SculptingSteel"},{"floor":26,"key":"Pear"},{"floor":27,"key":"Toy Ornithopter"},{"floor":28,"key":"reliquary:WeakTea"},{"floor":29,"key":"infinitespire:Magic Flask"},{"floor":29,"key":"hubris:SphereOfDissonance"},{"floor":30,"key":"Question Card"},{"floor":35,"key":"Bottled Flame"},{"floor":40,"key":"Oddly Smooth Stone"},{"floor":46,"key":"hubris:MedicalManual"}],"event_choices":[{"cards_removed":["Strike_R"],"damage_healed":0,"gold_gain":0,"player_choice":"Card Removal","damage_taken":7,"max_hp_gain":0,"max_hp_loss":0,"event_name":"Golden Wing","floor":3,"gold_loss":0},{"damage_healed":0,"gold_gain":0,"player_choice":"Upgraded","damage_taken":0,"max_hp_gain":0,"max_hp_loss":0,"event_name":"Upgrade Shrine","floor":8,"gold_loss":0,"cards_upgraded":["Whirlwind"]},{"cards_removed":["Defend_R"],"damage_healed":0,"gold_gain":0,"player_choice":"Elegance","damage_taken":0,"max_hp_gain":0,"max_hp_loss":0,"event_name":"Back to Basics","floor":19,"gold_loss":0},{"damage_healed":0,"gold_gain":0,"player_choice":"Ignored","damage_taken":0,"max_hp_gain":0,"max_hp_loss":0,"event_name":"N\u0027loth","floor":20,"gold_loss":0},{"damage_healed":0,"gold_gain":0,"player_choice":"Fight","damage_taken":0,"max_hp_gain":0,"max_hp_loss":0,"event_name":"Colosseum","floor":29,"gold_loss":0},{"damage_healed":0,"gold_gain":0,"player_choice":"Fought Nobs","damage_taken":0,"max_hp_gain":0,"max_hp_loss":0,"event_name":"Colosseum","floor":29,"gold_loss":0},{"cards_removed":["Inflame"],"damage_healed":0,"gold_gain":0,"player_choice":"Removed Power","damage_taken":0,"max_hp_gain":0,"max_hp_loss":0,"event_name":"Falling","floor":37,"gold_loss":0}],"is_beta":false,"boss_relics":[{"not_picked":["SlaversCollar","reliquary:RedPaperclip"],"picked":"Busted Crown"},{"not_picked":["hubris:RunicObelisk","halation:ForbiddenBikini"],"picked":"Runic Dome"}],"items_purged_floors":[0,0,0,0,0,0,14,38],"is_endless":false,"potions_floor_spawned":[2,4,6,7,12,13,18,23,28,29,29,30,35,40,42],"ascension_level":3}}