{"host":"jumrmhf584hajrnz","time":1612347261,"event":{"mods":["BaseMod","Duelist Mod","GifTheSpireLib","Minty Spire (QoL Compilation)","Quick Restart","StSLib"],"gold_per_floor":[140,19,93,105,105,105,145,145,145,163,206,206,206,206],"floor_reached":13,"language":"ENG","playtime":706,"items_purged":[],"score":182,"play_id":"71c27f08-a2ed-4ffb-b91b-54ff856dadfd","local_time":"20210203111421","is_ascension_mode":true,"campfire_choices":[{"floor":6,"key":"RECALL"}],"circlet_count":0,"master_deck":["theDuelist:AngelTrumpeter","AscendersBane","theDuelist:CactusBouncer","theDuelist:CastleWalls","theDuelist:CastleWalls","theDuelist:DarkworldThorns","theDuelist:Inmato","theDuelist:JerryBeansMan","theDuelist:JerryBeansMan","theDuelist:Sparks","theDuelist:Sparks","theDuelist:Inmato","theDuelist:Mudora","theDuelist:VenomShot","theDuelist:Predaponics","theDuelist:Blockman","Injury","theDuelist:WeepingIdol","theDuelist:CopyPlant","theDuelist:FuryFire"],"relics":["theDuelist:MillenniumPuzzle","theDuelist:CardPoolRelic","theDuelist:CardPoolBasicRelic","theDuelist:BoosterPackPoolRelic","theDuelist:CardPoolAddRelic","theDuelist:CardPoolMinusRelic","theDuelist:CardPoolSaveRelic","theDuelist:CardPoolOptionsRelic","Golden Idol","Snake Skull","Calipers","Girya"],"acts_visited":["Exordium"],"potions_floor_usage":[11,13],"damage_taken":[{"damage":2,"enemies":"Jaw Worm","floor":1,"turns":4},{"damage":7,"enemies":"Small Slimes","floor":4,"turns":4},{"damage":25,"enemies":"3 Sentries","floor":7,"turns":7},{"damage":0,"enemies":"Cultist","floor":10,"turns":4},{"damage":18,"enemies":"Lagavulin","floor":11,"turns":7},{"damage":8,"enemies":"Gremlin Nob","floor":13,"turns":3}],"seed_played":"6520179272425469719","potions_obtained":[{"floor":4,"key":"SpeedPotion"},{"floor":10,"key":"SkillPotion"}],"is_trial":false,"path_per_floor":["M","$","?","M","?","R","E","?","T","M","E","?","E"],"character_chosen":"THE_DUELIST","items_purchased":["theDuelist:VenomShot","theDuelist:Predaponics"],"campfire_rested":0,"item_purchase_floors":[2,2],"current_hp_per_floor":[61,61,61,54,54,54,29,29,29,29,11,11,3,3],"gold":206,"neow_bonus":"THREE_CARDS","is_daily":false,"chose_seed":false,"campfire_upgraded":0,"win_rate":0.0,"timestamp":1612347261,"path_taken":["M","$","?","M","?","R","E","?","T","?","E","?","E"],"items_purchased_type":["Card","Card"],"build_version":"2020-12-22","purchased_purges":0,"victory":false,"max_hp_per_floor":[70,70,70,70,70,70,70,70,70,70,70,70,70,70],"card_choices":[{"not_picked":["theDuelist:WhiteRoseDragon","theDuelist:Reinforcements"],"picked":"theDuelist:Inmato","floor":0},{"not_picked":["theDuelist:BotanicalLion","theDuelist:LonefireBlossom","theDuelist:PredaplantFlytrap","theDuelist:WormApocalypse"],"picked":"theDuelist:Mudora","floor":1},{"not_picked":["theDuelist:CrystalRose","theDuelist:DummyGolem","theDuelist:PowerGiant","theDuelist:KamionTimelord"],"picked":"theDuelist:Blockman","floor":4},{"not_picked":["theDuelist:BigFire","theDuelist:Terraforming","theDuelist:PotGreed","theDuelist:TimeSeal"],"picked":"theDuelist:WeepingIdol","floor":7},{"not_picked":["theDuelist:CactusBouncer","theDuelist:JerryBeansMan","theDuelist:PredaplantPterapenthes","theDuelist:PredaplantChlamydosundew"],"picked":"theDuelist:CopyPlant","floor":10},{"not_picked":["theDuelist:GilfordLegend","theDuelist:LightningDarts","theDuelist:WormKing","theDuelist:Fissure"],"picked":"theDuelist:FuryFire","floor":11}],"player_experience":1688090,"relics_obtained":[{"floor":7,"key":"Snake Skull"},{"floor":9,"key":"Calipers"},{"floor":11,"key":"Girya"}],"event_choices":[{"damage_healed":0,"gold_gain":74,"player_choice":"Gained Gold","damage_taken":0,"max_hp_gain":0,"max_hp_loss":0,"event_name":"Golden Wing","floor":3,"gold_loss":0},{"damage_healed":0,"gold_gain":0,"player_choice":"Take Wound","damage_taken":0,"relics_obtained":["Golden Idol"],"max_hp_gain":0,"max_hp_loss":0,"event_name":"Golden Idol","floor":5,"gold_loss":0,"cards_obtained":["Injury"]},{"damage_healed":0,"gold_gain":0,"player_choice":"Leave","duelist":true,"damage_taken":0,"max_hp_gain":0,"max_hp_loss":0,"event_name":"Visit from Anubis","floor":8,"gold_loss":0},{"damage_healed":0,"gold_gain":0,"player_choice":"Ignored","damage_taken":0,"max_hp_gain":0,"max_hp_loss":0,"event_name":"Shining Light","floor":12,"gold_loss":0}],"is_beta":false,"boss_relics":[],"items_purged_floors":[],"is_endless":false,"potions_floor_spawned":[4,10],"killed_by":"Gremlin Nob","ascension_level":20}}