{"host":"hjkuipvvowcpo8la","time":1612380805,"event":{"mods":["AchievementEnabler","BaseMod","Block Reminder","CapriCore","Colored Map","Colored Powertips","Highlight Path","Minty Spire (QoL Compilation)","Permanent Neow","Quick Restart","Rare Cards Sparkle","StSLib"],"gold_per_floor":[115,125,141,141,153,153,169,194,249,249,298,331,431,448,448,551,551,561,77,77,90,90,90,120,120,120,120,146,245,277,288,288,389,389,408,408,1407,1159,1159,1187,1187,1219,1271,1298,1298,1298,1332,1345,1345,1345,1345,1345,270,301,301],"floor_reached":56,"language":"ENG","playtime":3239,"items_purged":["Strike_R","Normality","Normality"],"score":1662,"play_id":"3c5a5026-cfc0-4f1c-ae80-c0deda477b76","local_time":"20210203203325","is_ascension_mode":true,"campfire_choices":[{"data":"Wild Strike","floor":6.0,"key":"SMITH"},{"data":"Barricade","floor":10.0,"key":"SMITH"},{"data":"Rampage","floor":15.0,"key":"SMITH"},{"data":"Immolate","floor":23.0,"key":"SMITH"},{"floor":32,"key":"REST"},{"floor":46,"key":"RECALL"},{"floor":49,"key":"REST"},{"floor":52,"key":"REST"}],"circlet_count":0,"master_deck":["Strike_R+1","Strike_R+1","Strike_R+1","Strike_R+1","Defend_R+1","Defend_R+1","Defend_R+1","Defend_R+1","Bash+1","Rage","Shrug It Off+1","Wild Strike+1","True Grit+1","Rampage+1","Barricade+1","Battle Trance","Evolve+1","Immolate+1","Seeing Red","Juggernaut+1","Burning Pact","Corruption+1","True Grit","Demon Form+1","Transmutation","Panacea","Blind","Inflame+1","Burning Pact","Doubt","Battle Trance+1","True Grit","Feel No Pain+1","Offering","Mayhem+1","Armaments","Spot Weakness"],"relics":["Burning Blood","Ginger","Bronze Scales","Boot","Frozen Egg 2","OrangePellets","Gremlin Horn","Centennial Puzzle","Sundial","Singing Bowl","Dead Branch","InkBottle","Fusion Hammer","Cursed Key","Frozen Eye","War Paint","Bag of Preparation","Paper Frog","Question Card","Kunai","ClockworkSouvenir","Blue Candle","Dead Branch"],"acts_visited":["Exordium","TheCity","TheBeyond","TheEnding"],"potions_floor_usage":[33,42,47,50,50,55,55,55],"damage_taken":[{"damage":4.0,"enemies":"Cultist","floor":1.0,"turns":4.0},{"damage":0.0,"enemies":"2 Louse","floor":2.0,"turns":3.0},{"damage":0.0,"enemies":"Jaw Worm","floor":3.0,"turns":3.0},{"damage":8.0,"enemies":"2 Fungi Beasts","floor":5.0,"turns":3.0},{"damage":13.0,"enemies":"Lots of Slimes","floor":7.0,"turns":4.0},{"damage":29.0,"enemies":"Lagavulin","floor":8.0,"turns":7.0},{"damage":25.0,"enemies":"Gremlin Nob","floor":12.0,"turns":5.0},{"damage":0.0,"enemies":"3 Louse","floor":14.0,"turns":4.0},{"damage":7.0,"enemies":"Slime Boss","floor":16.0,"turns":9.0},{"damage":11.0,"enemies":"Spheric Guardian","floor":18.0,"turns":5.0},{"damage":0.0,"enemies":"Chosen","floor":21.0,"turns":4.0},{"damage":18.0,"enemies":"Slavers","floor":24.0,"turns":5.0},{"damage":31.0,"enemies":"Book of Stabbing","floor":28.0,"turns":7.0},{"damage":36.0,"enemies":"Slavers","floor":30.0,"turns":4.0},{"damage":0,"enemies":"Snecko","floor":31,"turns":4},{"damage":25,"enemies":"Collector","floor":33,"turns":6},{"damage":1,"enemies":"3 Shapes","floor":35,"turns":3},{"damage":3,"enemies":"Giant Head","floor":40,"turns":3},{"damage":6,"enemies":"Nemesis","floor":42,"turns":5},{"damage":0,"enemies":"Reptomancer","floor":44,"turns":3},{"damage":1,"enemies":"Giant Head","floor":47,"turns":3},{"damage":15,"enemies":"Orb Walker","floor":48,"turns":4},{"damage":12,"enemies":"Donu and Deca","floor":50,"turns":5},{"damage":6,"enemies":"Shield and Spear","floor":54,"turns":4},{"damage":12,"enemies":"The Heart","floor":55,"turns":3}],"seed_played":"-4341434223624970503","potions_obtained":[{"floor":1.0,"key":"SpeedPotion"},{"floor":5.0,"key":"Regen Potion"},{"floor":12.0,"key":"BlessingOfTheForge"},{"floor":24.0,"key":"SpeedPotion"},{"floor":28.0,"key":"BloodPotion"},{"floor":30.0,"key":"PowerPotion"},{"floor":35,"key":"LiquidMemories"},{"floor":42,"key":"ElixirPotion"},{"floor":47,"key":"Ancient Potion"}],"is_trial":false,"path_per_floor":["M","M","M","?","M","R","M","E","T","R","T","E","?","M","R","B",null,"M","$","?","M","?","R","E","?","T","?","E","?","E","M","R","B",null,"M","$","?","$","?","E","?","E","T","E","T","R","E","M","R","B",null,"R","$","E","B",null],"character_chosen":"IRONCLAD","items_purchased":["OrangePellets","Gremlin Horn","Frozen Eye","ClockworkSouvenir","Feel No Pain+1","Offering","Blue Candle","Mayhem+1","Armaments","SpeedPotion","FearPotion","LiquidBronze"],"campfire_rested":3,"item_purchase_floors":[19,19,38,53,53,53,53,53,53,53,53,53],"current_hp_per_floor":[74,80,86,86,84,84,77,69,69,69,69,50,50,56,56,55,96,91,91,91,96,77,77,65,65,65,65,40,40,30,38,68,49,103,105,105,105,105,95,98,98,98,98,100,100,100,102,93,102,96,102,102,102,102,96],"gold":301,"neow_bonus":"TWENTY_PERCENT_HP_BONUS","is_daily":false,"chose_seed":false,"campfire_upgraded":4,"win_rate":0.0,"timestamp":1612380805,"path_taken":["M","?","M","?","M","R","M","E","T","R","?","E","?","?","R","BOSS","M","$","?","M","?","R","E","?","T","?","E","?","E","M","R","BOSS","M","$","?","$","?","E","?","E","T","E","?","R","E","?","R","BOSS","R","$","E","BOSS"],"items_purchased_type":["Relic","Relic","Relic","Relic","Card","Card","Relic","Card","Card","Potion","Potion","Potion"],"build_version":"2020-12-22","purchased_purges":3,"victory":true,"max_hp_per_floor":[96,96,96,96,96,96,96,96,96,96,96,96,96,96,96,96,96,96,96,96,96,101,101,101,101,101,101,101,101,101,103,103,103,103,105,105,105,105,105,105,100,100,100,100,100,100,102,102,102,102,102,102,102,102,102],"card_choices":[{"not_picked":["Wild Strike","Feel No Pain"],"picked":"Rage","floor":1.0},{"not_picked":["Clash","Cleave"],"picked":"Shrug It Off","floor":2.0},{"not_picked":["Iron Wave","Clash"],"picked":"Wild Strike","floor":3.0},{"not_picked":["Anger","Cleave"],"picked":"True Grit","floor":5.0},{"not_picked":["Sword Boomerang","Cleave"],"picked":"Rampage","floor":7.0},{"not_picked":["Hemokinesis","Twin Strike"],"picked":"Barricade","floor":8.0},{"not_picked":["Ghostly Armor","Feel No Pain+1"],"picked":"Battle Trance","floor":12.0},{"not_picked":["Sword Boomerang","Perfected Strike"],"picked":"Evolve+1","floor":14.0},{"not_picked":["Double Tap","Demon Form+1"],"picked":"Immolate","floor":16.0},{"not_picked":["Entrench","Pommel Strike"],"picked":"Seeing Red","floor":18.0},{"not_picked":["Whirlwind","Flex","Searing Blow"],"picked":"SKIP","floor":21.0},{"not_picked":["Armaments","Exhume"],"picked":"Juggernaut+1","floor":24.0},{"not_picked":["Sentinel","Hemokinesis"],"picked":"Corruption+1","floor":28.0},{"not_picked":["Heavy Blade","Clothesline"],"picked":"True Grit","floor":30.0},{"not_picked":["Clash+1","Perfected Strike","Twin Strike"],"picked":"Singing Bowl","floor":31},{"not_picked":["Bludgeon","Fiend Fire"],"picked":"Demon Form+1","floor":33},{"not_picked":["Rupture+1","Thunderclap","Warcry"],"picked":"Singing Bowl","floor":35},{"not_picked":["Swift Strike","Dramatic Entrance"],"picked":"Transmutation","floor":39},{"not_picked":["Flash of Steel","Dramatic Entrance"],"picked":"Panacea","floor":39},{"not_picked":["Trip","Dramatic Entrance"],"picked":"Blind","floor":39},{"not_picked":["Heavy Blade","Perfected Strike+1"],"picked":"Inflame+1","floor":40},{"not_picked":["Whirlwind","Clothesline+1"],"picked":"Burning Pact","floor":42},{"not_picked":["Iron Wave+1","Rupture+1"],"picked":"Battle Trance+1","floor":44},{"not_picked":["Headbutt+1","Rampage","Ghostly Armor","Rupture+1"],"picked":"Singing Bowl","floor":47},{"not_picked":["Heavy Blade","Reckless Charge+1","Rupture+1"],"picked":"True Grit","floor":48},{"not_picked":["Combust+1","Heavy Blade","Wild Strike+1"],"picked":"Spot Weakness","floor":54}],"player_experience":282499,"relics_obtained":[{"floor":8.0,"key":"Ginger"},{"floor":9.0,"key":"Bronze Scales"},{"floor":11.0,"key":"Boot"},{"floor":12.0,"key":"Frozen Egg 2"},{"floor":24.0,"key":"Centennial Puzzle"},{"floor":26.0,"key":"Sundial"},{"floor":28.0,"key":"Singing Bowl"},{"floor":30.0,"key":"InkBottle"},{"floor":40,"key":"War Paint"},{"floor":42,"key":"Bag of Preparation"},{"floor":44,"key":"Paper Frog"},{"floor":45,"key":"Question Card"},{"floor":47,"key":"Kunai"},{"floor":54,"key":"Dead Branch"}],"event_choices":[{"damage_healed":0.0,"max_hp_gain":0.0,"max_hp_loss":0.0,"gold_gain":0.0,"event_name":"Living Wall","player_choice":"Grow","floor":4.0,"gold_loss":0.0,"damage_taken":0.0,"cards_upgraded":["Bash"]},{"damage_healed":0.0,"max_hp_gain":0.0,"max_hp_loss":0.0,"gold_gain":100.0,"event_name":"Golden Shrine","player_choice":"Pray","floor":13.0,"gold_loss":0.0,"damage_taken":0.0},{"damage_healed":0.0,"max_hp_gain":0.0,"max_hp_loss":0.0,"gold_gain":0.0,"event_name":"Back to Basics","player_choice":"Simplicity","floor":20.0,"gold_loss":0.0,"damage_taken":0.0,"cards_upgraded":["Strike_R","Strike_R","Strike_R","Strike_R","Defend_R","Defend_R","Defend_R","Defend_R"]},{"damage_healed":0.0,"max_hp_gain":5.0,"max_hp_loss":0.0,"gold_gain":0.0,"event_name":"Forgotten Altar","player_choice":"Shed Blood","floor":22.0,"gold_loss":0.0,"damage_taken":24.0},{"damage_healed":0.0,"max_hp_gain":0.0,"max_hp_loss":0.0,"gold_gain":0.0,"event_name":"Vampires","player_choice":"Ignored","floor":25.0,"gold_loss":0.0,"damage_taken":0.0},{"damage_healed":0.0,"max_hp_gain":0.0,"max_hp_loss":0.0,"gold_gain":0.0,"event_name":"The Library","player_choice":"Read","floor":27.0,"gold_loss":0.0,"damage_taken":0.0,"cards_obtained":["Burning Pact"]},{"damage_healed":0.0,"max_hp_gain":0.0,"max_hp_loss":0.0,"gold_gain":99.0,"event_name":"Nest","player_choice":"Stole From Cult","floor":29.0,"gold_loss":0.0,"damage_taken":0.0},{"damage_healed":0,"gold_gain":999,"player_choice":"Gold","damage_taken":0,"max_hp_gain":0,"max_hp_loss":0,"event_name":"MindBloom","floor":37,"gold_loss":0,"cards_obtained":["Normality","Normality"]},{"damage_healed":0,"gold_gain":0,"player_choice":"Memory 3","damage_taken":10,"max_hp_gain":0,"max_hp_loss":0,"event_name":"SensoryStone","floor":39,"gold_loss":0},{"damage_healed":0,"gold_gain":0,"player_choice":"Max HP","damage_taken":0,"max_hp_gain":0,"max_hp_loss":5,"event_name":"Winding Halls","floor":41,"gold_loss":0}],"is_beta":false,"boss_relics":[{"not_picked":["Empty Cage","Ectoplasm"],"picked":"Velvet Choker"},{"not_picked":["Astrolabe","Runic Dome"],"picked":"Cursed Key"}],"items_purged_floors":[19,38,53],"is_endless":false,"potions_floor_spawned":[1,5,12,24,28,30,31,35,42,47,48],"ascension_level":1}}