{"host":"nyffms3wv8okr3l3","time":1612355175,"event":{"mods":["Astrologer","Bard","BaseMod","Beaked The Cultist","Bestiary","BetterRewards","Colored Powertips","Downfall","Fiend Mod","Gremlin Mod","Hermit","Hubris","Hunter ??","Infinite Spire","Marisa????????","Minty Spire (QoL Compilation)","Replay The Spire","SOS???????","StSLib","Synergy Search","The Forsaken"],"gold_per_floor":[114,114,133,148,148,148,164,174,174,94,127,140,140,73,73,73,73],"floor_reached":16,"language":"ENG","playtime":906,"items_purged":[],"score":127,"play_id":"f687adaa-4c6c-4195-a435-9da13df11919","local_time":"20210203102615","is_ascension_mode":false,"campfire_choices":[{"data":"Draining Mist","floor":6,"key":"SMITH"},{"floor":15,"key":"REST"}],"circlet_count":0,"master_deck":["Strike_G","Strike_G","Strike_G","Strike_G","Strike_G","Defend_G","Defend_G","Defend_G","Defend_G","Defend_G","Survivor","Neutralize","Distraction","Draining Mist+1","Flying Knee","Poisoned Stab","Slice","Bouncing Flask","Bane","Deadly Poison"],"relics":["Ring of the Snake","infinitespire:Beetle Shell","hubris:Reverence","Sundial","Omamori","ReplayTheSpireMod:TigerMarble"],"acts_visited":["Exordium"],"potions_floor_usage":[11,11,16,16],"damage_taken":[{"damage":0,"enemies":"2 Louse","floor":1,"turns":3},{"damage":3,"enemies":"Jaw Worm","floor":3,"turns":4},{"damage":1,"enemies":"Cultist","floor":4,"turns":5},{"damage":4,"enemies":"3 Louse","floor":7,"turns":4},{"damage":12,"enemies":"2 Fungi Beasts","floor":8,"turns":5},{"damage":0,"enemies":"Lagavulin","floor":11,"turns":5},{"damage":20,"enemies":"Lots of Slimes","floor":12,"turns":5},{"damage":87,"enemies":"Fading Forest","floor":16,"turns":11}],"seed_played":"4331036867773582823","potions_obtained":[{"floor":3,"key":"SkillPotion"},{"floor":7,"key":"SpeedPotion"},{"floor":8,"key":"Weak Potion"},{"floor":11,"key":"Swift Potion"}],"is_trial":false,"path_per_floor":["M","?","M","M","T","R","M","M","T","$","E","M","?","?","R","B"],"character_chosen":"THE_SILENT","items_purchased":["Bouncing Flask"],"campfire_rested":1,"item_purchase_floors":[10],"current_hp_per_floor":[70,70,67,66,66,66,62,50,50,50,50,30,53,53,70,0,0],"gold":73,"neow_bonus":"RANDOM_COMMON_RELIC","is_daily":false,"chose_seed":false,"campfire_upgraded":1,"win_rate":0.0,"timestamp":1612355175,"path_taken":["M","?","M","M","?","R","M","M","T","$","E","?","?","?","R","BOSS"],"items_purchased_type":["Card"],"build_version":"2020-12-22","purchased_purges":0,"victory":false,"max_hp_per_floor":[70,70,70,70,70,70,70,70,70,70,70,70,70,70,70,70,70],"card_choices":[{"not_picked":["All Out Attack","Backflip"],"picked":"Distraction","floor":1},{"not_picked":["Eviscerate","ReplayTheSpireMod:Tripwire"],"picked":"Draining Mist","floor":3},{"not_picked":["Heel Hook","Expertise"],"picked":"Flying Knee","floor":4},{"not_picked":["Replay:Poison Smokescreen","PiercingWail"],"picked":"Poisoned Stab","floor":7},{"not_picked":["Dagger Throw","Backstab"],"picked":"Slice","floor":8},{"not_picked":["Hidden Blade","Outmaneuver"],"picked":"Bane","floor":11},{"not_picked":["Outmaneuver","Backstab"],"picked":"Deadly Poison","floor":12}],"player_experience":69119,"relics_obtained":[{"floor":5,"key":"hubris:Reverence"},{"floor":9,"key":"Sundial"},{"floor":11,"key":"Omamori"}],"event_choices":[{"damage_healed":23,"gold_gain":0,"player_choice":"Banana","damage_taken":0,"max_hp_gain":0,"max_hp_loss":0,"event_name":"Big Fish","floor":13,"gold_loss":0},{"damage_healed":0,"gold_gain":0,"player_choice":"Paid Gold","damage_taken":0,"relics_obtained":["ReplayTheSpireMod:TigerMarble"],"max_hp_gain":0,"max_hp_loss":0,"event_name":"WeMeetAgain","floor":14,"gold_loss":67}],"is_beta":false,"boss_relics":[],"items_purged_floors":[],"is_endless":false,"potions_floor_spawned":[3,7,8,11],"killed_by":"Fading Forest","ascension_level":0}}