{"host":"aj7el8l5kufbk20z","time":1612317928,"event":{"mods":["AchievementEnabler","BaseMod","Colored Map","Colored Powertips","Curses Come First","Highlight Path","Minty Spire (QoL Compilation)","Permanent Neow","Poor People Problems","Quick Restart","Rare Cards Sparkle","Relic Stats","StSLib","SuperFastMode","Waifu the Spire"],"gold_per_floor":[116,432,432,432,432,461,474,474,474,474,581,601,621,646,646,742,742,762,762,345,365,165,165,199,212,212,238,250,250,265,299,299,396,396,416,466,466,341,341,341,66,101,124,124,155,168,168,275,275,275],"floor_reached":51,"language":"ZHS","playtime":2637,"items_purged":["Doubt","Regret","Strike_B","Strike_B","Decay","Defend_B","Normality"],"score":1160,"play_id":"c607f998-afc8-45e2-81e7-5b2c570b8a28","local_time":"20210203100528","is_ascension_mode":true,"campfire_choices":[{"data":"Biased Cognition","floor":8.0,"key":"SMITH"},{"data":"Zap","floor":15.0,"key":"SMITH"},{"data":"Dualcast","floor":23.0,"key":"SMITH"},{"data":"Streamline","floor":29.0,"key":"SMITH"},{"data":"Core Surge","floor":32.0,"key":"SMITH"},{"data":"FTL","floor":40.0,"key":"SMITH"},{"data":"Defend_B","floor":44.0,"key":"SMITH"},{"data":"1","floor":49,"key":"LIFT"}],"circlet_count":0,"master_deck":["Strike_B","Defend_B+1","Defend_B+1","Defend_B+1","Zap+1","Dualcast+1","Biased Cognition+1","Streamline+1","Loop+1","Core Surge+1","Echo Form+1","Consume+1","Reinforced Body+1","Capacitor+1","White Noise+1","Echo Form+1","Conserve Battery+1","Echo Form+1","Self Repair+1","Machine Learning+1","FTL+1","Madness+1","Madness+1","Core Surge+1","FTL","Transmutation+1"],"relics":["Cracked Core","Frozen Egg 2","Medical Kit","Art of War","Ornamental Fan","StrikeDummy","Du-Vu Doll","FaceOfCleric","Toxic Egg 2","Letter Opener","Mercury Hourglass","Cursed Key","Membership Card","PreservedInsect","Meat on the Bone","HornCleat","Bottled Lightning","Smiling Mask","Bottled Tornado","Orichalcum","Coffee Dripper","Girya","DollysMirror","Ancient Tea Set","Torii","War Paint","Lantern","DataDisk","Eternal Feather","Blue Candle","TheAbacus"],"acts_visited":["Exordium","TheCity","TheBeyond"],"potions_floor_usage":[50,50,50],"damage_taken":[{"damage":4.0,"enemies":"2 Louse","floor":1.0,"turns":3.0},{"damage":26.0,"enemies":"Gremlin Nob","floor":6.0,"turns":4.0},{"damage":17.0,"enemies":"Small Slimes","floor":7.0,"turns":4.0},{"damage":6.0,"enemies":"Cultist","floor":12.0,"turns":3.0},{"damage":7.0,"enemies":"Looter","floor":13.0,"turns":3.0},{"damage":37.0,"enemies":"3 Sentries","floor":14.0,"turns":5.0},{"damage":0.0,"enemies":"Slime Boss","floor":16.0,"turns":4.0},{"damage":6.0,"enemies":"Spheric Guardian","floor":18.0,"turns":3.0},{"damage":13.0,"enemies":"3 Byrds","floor":21.0,"turns":3.0},{"damage":14.0,"enemies":"Book of Stabbing","floor":24.0,"turns":5.0},{"damage":9.0,"enemies":"Centurion and Healer","floor":25.0,"turns":5.0},{"damage":69.0,"enemies":"Slavers","floor":27.0,"turns":4.0},{"damage":12.0,"enemies":"Cultist and Chosen","floor":28.0,"turns":4.0},{"damage":4.0,"enemies":"Snecko","floor":30.0,"turns":5.0},{"damage":12.0,"enemies":"Gremlin Leader","floor":31.0,"turns":4.0},{"damage":4.0,"enemies":"Champ","floor":33.0,"turns":8.0},{"damage":37.0,"enemies":"3 Darklings","floor":35.0,"turns":4.0},{"damage":16.0,"enemies":"Mind Bloom Boss Battle","floor":36.0,"turns":6.0},{"damage":32.0,"enemies":"Nemesis","floor":42.0,"turns":5.0},{"damage":43,"enemies":"Giant Head","floor":45,"turns":7},{"damage":0,"enemies":"3 Shapes","floor":46,"turns":4},{"damage":41,"enemies":"Time Eater","floor":50,"turns":9}],"seed_played":"-2224271856204140558","potions_obtained":[{"floor":5.0,"key":"Block Potion"},{"floor":5.0,"key":"EssenceOfSteel"},{"floor":5.0,"key":"SneckoOil"},{"floor":6.0,"key":"Weak Potion"},{"floor":28.0,"key":"SteroidPotion"},{"floor":45,"key":"SmokeBomb"},{"floor":46,"key":"Block Potion"}],"is_trial":false,"path_per_floor":["M","$","?","?","?","E","M","R","T","?","$","M","M","E","R","B",null,"M","?","$","M","$","R","E","M","T","E","M","R","M","E","R","B",null,"M","?","?","$","?","R","$","E","T","R","E","M","?","$","R","B",null],"character_chosen":"DEFECT","items_purchased":["Frozen Egg 2","Medical Kit","Art of War","Loop+1","Core Surge","Toxic Egg 2","Letter Opener","Consume+1","Membership Card","PreservedInsect","Meat on the Bone","HornCleat","DollysMirror","Ancient Tea Set","Torii","Eternal Feather","Blue Candle","TheAbacus","PotionOfCapacity","Weak Potion"],"campfire_rested":0,"item_purchase_floors":[2,2,2,2,2,11,11,11,20,20,20,22,38,41,41,48,48,48,48,48],"current_hp_per_floor":[64,64,64,64,64,89,72,72,72,72,72,67,61,78,78,79,79,74,59,59,86,86,86,73,65,65,75,74,74,91,90,90,93,93,77,82,70,70,70,70,70,71,71,71,41,54,54,54,69,51],"gold":275,"neow_bonus":"THREE_RARE_CARDS","is_daily":false,"chose_seed":false,"campfire_upgraded":7,"win_rate":0.0,"timestamp":1612317928,"path_taken":["M","$","?","?","?","E","?","R","T","?","$","?","M","E","R","BOSS","M","?","$","M","$","R","E","M","T","E","M","R","M","E","R","BOSS","M","?","?","$","?","R","$","E","T","R","E","M","?","?","R","BOSS"],"items_purchased_type":["Relic","Relic","Relic","Card","Card","Relic","Relic","Card","Relic","Relic","Relic","Relic","Relic","Relic","Relic","Relic","Relic","Relic","Potion","Potion"],"build_version":"2020-12-22","purchased_purges":7,"victory":true,"max_hp_per_floor":[75,75,75,75,75,75,75,75,75,75,75,76,77,78,78,79,79,80,85,85,86,86,86,87,88,88,89,90,90,91,92,92,93,93,94,95,95,95,95,95,95,96,96,96,97,98,98,98,98,99],"relic_stats":{"Torii":4,"counters":[22,96],"Blue Candle":[0],"Eternal Feather":15,"PreservedInsect":300,"Letter Opener":[226],"Orichalcum":[30],"War Paint":["Defend_B","Defend_B"],"Medical Kit":[5],"Cursed Key":2,"Smiling Mask":151,"Mercury Hourglass":[314],"TheAbacus":[18],"FaceOfCleric":19,"Ornamental Fan":[40],"Art of War":[33],"obtain_stats":[{"Lantern":43,"Torii":41,"Bottled Tornado":27,"Cursed Key":17,"Smiling Mask":26,"Ancient Tea Set":41,"HornCleat":22,"TheAbacus":48,"FaceOfCleric":10,"DollysMirror":38,"Toxic Egg 2":11,"Cracked Core":0,"Girya":36,"Blue Candle":48,"Eternal Feather":48,"PreservedInsect":20,"Letter Opener":11,"Frozen Egg 2":2,"Orichalcum":31,"War Paint":42,"Medical Kit":2,"Mercury Hourglass":14,"Du-Vu Doll":9,"DataDisk":45,"Ornamental Fan":4,"Art of War":2,"Coffee Dripper":34,"Membership Card":20,"Bottled Lightning":24,"StrikeDummy":6,"Meat on the Bone":20},{"Lantern":19,"Torii":18,"Bottled Tornado":12,"Cursed Key":7,"Smiling Mask":11,"Ancient Tea Set":18,"HornCleat":9,"TheAbacus":21,"FaceOfCleric":3,"DollysMirror":18,"Toxic Egg 2":3,"Cracked Core":0,"Girya":18,"Blue Candle":21,"Eternal Feather":21,"PreservedInsect":8,"Letter Opener":3,"Frozen Egg 2":1,"Orichalcum":15,"War Paint":19,"Medical Kit":1,"Mercury Hourglass":6,"Du-Vu Doll":3,"DataDisk":20,"Ornamental Fan":1,"Art of War":1,"Coffee Dripper":16,"Membership Card":8,"Bottled Lightning":10,"StrikeDummy":2,"Meat on the Bone":8},{"Lantern":77,"Torii":73,"Bottled Tornado":43,"Cursed Key":24,"Smiling Mask":40,"Ancient Tea Set":73,"HornCleat":30,"TheAbacus":87,"FaceOfCleric":10,"DollysMirror":73,"Toxic Egg 2":10,"Cracked Core":0,"Girya":73,"Blue Candle":87,"Eternal Feather":87,"PreservedInsect":27,"Letter Opener":10,"Frozen Egg 2":3,"Orichalcum":55,"War Paint":77,"Medical Kit":3,"Mercury Hourglass":20,"Du-Vu Doll":10,"DataDisk":83,"Ornamental Fan":3,"Art of War":3,"Coffee Dripper":63,"Membership Card":27,"Bottled Lightning":35,"StrikeDummy":7,"Meat on the Bone":27}],"Meat on the Bone":48},"card_choices":[{"not_picked":["Fission","Amplify"],"picked":"Biased Cognition","floor":0.0},{"not_picked":["Stack","Go for the Eyes"],"picked":"Streamline","floor":1.0},{"not_picked":["Leap","Streamline"],"picked":"Echo Form+1","floor":6.0},{"not_picked":["Compile Driver","Turbo","Recycle"],"picked":"SKIP","floor":7.0},{"not_picked":["Compile Driver","Lockon"],"picked":"Reinforced Body+1","floor":12.0},{"not_picked":["Conserve Battery+1","Blizzard"],"picked":"Capacitor+1","floor":13.0},{"not_picked":["Self Repair+1","Steam Power+1"],"picked":"White Noise+1","floor":14.0},{"not_picked":["Biased Cognition+1","Meteor Strike"],"picked":"Echo Form+1","floor":16.0},{"not_picked":["Go for the Eyes","Beam Cell+1","Turbo+1"],"picked":"SKIP","floor":18.0},{"not_picked":["Leap+1","Turbo+1"],"picked":"Conserve Battery+1","floor":21.0},{"not_picked":["Stack+1","Hyperbeam"],"picked":"Echo Form+1","floor":24.0},{"not_picked":["Steam+1","Rebound","Turbo+1"],"picked":"SKIP","floor":25.0},{"not_picked":["Leap+1","Coolheaded+1"],"picked":"Self Repair+1","floor":27.0},{"not_picked":["Go for the Eyes+1","Coolheaded+1","Recycle+1"],"picked":"SKIP","floor":28.0},{"not_picked":["Go for the Eyes","Barrage","Ball Lightning"],"picked":"SKIP","floor":30.0},{"not_picked":["Barrage","Compile Driver","Skim+1"],"picked":"SKIP","floor":31.0},{"not_picked":["Rainbow+1","Amplify+1"],"picked":"Machine Learning+1","floor":33.0},{"not_picked":["Rebound","Sweeping Beam+1","Consume+1"],"picked":"SKIP","floor":35.0},{"not_picked":["Ball Lightning","Leap+1"],"picked":"FTL","floor":36.0},{"not_picked":["Steam+1","Lockon","Tempest+1"],"picked":"SKIP","floor":42.0},{"not_picked":["Tempest+1","Sunder+1"],"picked":"FTL","floor":45},{"not_picked":["Cold Snap","Go for the Eyes","Doom and Gloom+1"],"picked":"SKIP","floor":46},{"not_picked":["Enlightenment+1","Deep Breath+1"],"picked":"Transmutation+1","floor":47}],"player_experience":351929,"relics_obtained":[{"floor":6.0,"key":"StrikeDummy"},{"floor":9.0,"key":"Du-Vu Doll"},{"floor":14.0,"key":"Mercury Hourglass"},{"floor":24.0,"key":"Bottled Lightning"},{"floor":26.0,"key":"Smiling Mask"},{"floor":27.0,"key":"Bottled Tornado"},{"floor":31.0,"key":"Orichalcum"},{"floor":36.0,"key":"Girya"},{"floor":42.0,"key":"War Paint"},{"floor":43.0,"key":"Lantern"},{"floor":45,"key":"DataDisk"}],"event_choices":[{"cards_removed":["Strike_B"],"damage_healed":0.0,"max_hp_gain":0.0,"max_hp_loss":0.0,"gold_gain":0.0,"event_name":"Living Wall","player_choice":"Forget","floor":3.0,"gold_loss":0.0,"damage_taken":0.0},{"damage_healed":0.0,"max_hp_gain":0.0,"max_hp_loss":0.0,"gold_gain":0.0,"event_name":"Big Fish","player_choice":"Box","floor":4.0,"gold_loss":0.0,"damage_taken":0.0,"relics_obtained":["Ornamental Fan"],"cards_obtained":["Regret"]},{"damage_healed":0.0,"max_hp_gain":0.0,"max_hp_loss":0.0,"gold_gain":0.0,"event_name":"Lab","player_choice":"Got Potions","floor":5.0,"gold_loss":0.0,"damage_taken":0.0},{"damage_healed":0.0,"max_hp_gain":0.0,"max_hp_loss":0.0,"gold_gain":0.0,"event_name":"FaceTrader","player_choice":"Trade","floor":10.0,"gold_loss":0.0,"damage_taken":0.0,"relics_obtained":["FaceOfCleric"]},{"damage_healed":0.0,"max_hp_gain":5.0,"max_hp_loss":0.0,"gold_gain":0.0,"event_name":"Forgotten Altar","player_choice":"Shed Blood","floor":19.0,"gold_loss":0.0,"damage_taken":20.0},{"damage_healed":0.0,"max_hp_gain":0.0,"max_hp_loss":0.0,"gold_gain":0.0,"event_name":"MindBloom","player_choice":"Fight","floor":36.0,"gold_loss":0.0,"damage_taken":0.0},{"damage_healed":0.0,"max_hp_gain":0.0,"max_hp_loss":0.0,"gold_gain":0.0,"event_name":"Winding Halls","player_choice":"Embrace Madness","floor":37.0,"gold_loss":0.0,"damage_taken":12.0,"cards_obtained":["Madness","Madness"]},{"damage_healed":0.0,"max_hp_gain":0.0,"max_hp_loss":0.0,"gold_gain":0.0,"event_name":"Tomb of Lord Red Mask","player_choice":"Ignored","floor":39.0,"gold_loss":0.0,"damage_taken":0.0},{"damage_healed":0,"gold_gain":0,"player_choice":"Memory 1","damage_taken":0,"max_hp_gain":0,"max_hp_loss":0,"event_name":"SensoryStone","floor":47,"gold_loss":0}],"is_beta":false,"boss_relics":[{"not_picked":["Sozu","Empty Cage"],"picked":"Cursed Key"},{"not_picked":["Tiny House","Runic Dome"],"picked":"Coffee Dripper"}],"items_purged_floors":[2,11,20,22,38,41,48],"is_endless":false,"potions_floor_spawned":[6,13,14,16,21,24,28,30,33,45,46],"ascension_level":7}}