{"host":"5dhwd44u3dydylwe","time":1612352183,"event":{"mods":["AchievementEnabler","BaseMod","BetterRewards","Dota2Spire","Downfall","Hubris","Minty Spire (QoL Compilation)","Reliquary","Shop Mod","StSLib","Wandering Minibosses"],"gold_per_floor":[99,99,99,99,99,118,187,25,25,55,55,55,68,68,81,185,185,185,185,18,29,41,56,56,56,86,71,101,101,129,139,149,149,149,149],"floor_reached":33,"language":"ENG","playtime":2009,"items_purged":[],"score":301,"play_id":"14ad3e98-9cfd-4f2c-a2b1-af741751623a","local_time":"20210203193623","is_ascension_mode":false,"campfire_choices":[{"data":"Guardian:CurlUp","floor":1.0,"key":"SMITH"},{"data":"Guardian:FastForward","floor":9.0,"key":"SMITH"},{"data":"Guardian:StasisStrike","floor":12.0,"key":"SMITH"},{"data":"Guardian:RevengeProtocol","floor":18,"key":"SMITH"},{"floor":29,"key":"REST"}],"circlet_count":0,"master_deck":["Guardian:Strike_Guardian","Guardian:Strike_Guardian","Guardian:Strike_Guardian","Guardian:Defend_Guardian","Guardian:Defend_Guardian","Guardian:Defend_Guardian","Guardian:Defend_Guardian","Guardian:CurlUp+1","Guardian:TwinSlam","Guardian:RefractedBeam","Guardian:Clone","Guardian:SpikerProtocol","Guardian:PiercingHide","Guardian:StasisStrike+1","Guardian:Incinerate","Guardian:PiercingHide","Guardian:FastForward+1","Guardian:RevengeProtocol+1","Guardian:TimeBomb+1","Guardian:Suspension+1","Guardian:ShieldSpikes+1","Clumsy","Guardian:DecasProtection","Guardian:Gem_Synthetic","Guardian:MultiBeam+1"],"relics":["Guardian:ModeShifter","downfall:HeartsMalice","HornCleat","Orrery","Bag of Marbles","WarpedTongs","Velvet Choker","Dota2Spire:EchoSabre","Dota2Spire:MonkeyKingBar","Shuriken","reliquary:ExpiredCoupon","hubris:SlimyHat"],"acts_visited":["Exordium","TheCity"],"potions_floor_usage":[28,33],"damage_taken":[{"damage":0.0,"enemies":"Jaw Worm","floor":2.0,"turns":1.0},{"damage":0.0,"enemies":"Cultist","floor":4.0,"turns":1.0},{"damage":0.0,"enemies":"2 Louse","floor":5.0,"turns":1.0},{"damage":14.0,"enemies":"Lots of Slimes","floor":6.0,"turns":4.0},{"damage":0.0,"enemies":"downfall:FleeingMerchant","floor":8.0,"turns":4.0},{"damage":12.0,"enemies":"3 Sentries","floor":10.0,"turns":10.0},{"damage":3.0,"enemies":"2 Fungi Beasts","floor":13.0,"turns":7.0},{"damage":3.0,"enemies":"Red Slaver","floor":15.0,"turns":3.0},{"damage":37.0,"enemies":"DF_ARCHETYPE_STREAMLINE","floor":16.0,"turns":9.0},{"damage":3,"enemies":"downfall:FleeingMerchant","floor":20,"turns":4},{"damage":5,"enemies":"Chosen","floor":21,"turns":4},{"damage":4,"enemies":"Spheric Guardian","floor":22,"turns":5},{"damage":13,"enemies":"Snecko","floor":23,"turns":6},{"damage":34,"enemies":"Gremlin Leader","floor":26,"turns":6},{"damage":0,"enemies":"downfall:FleeingMerchant","floor":27,"turns":4},{"damage":2,"enemies":"Slavers","floor":28,"turns":5},{"damage":15,"enemies":"Book of Stabbing","floor":30,"turns":4},{"damage":6,"enemies":"3 Cultists","floor":31,"turns":5},{"damage":0,"enemies":"Chosen and Byrds","floor":32,"turns":4},{"damage":9,"enemies":"WA_ARCHETYPE_CALM","floor":33,"turns":5}],"seed_played":"-1366407217170611648","potions_obtained":[{"floor":6.0,"key":"FearPotion"},{"floor":10.0,"key":"Guardian:BlockOnCardUsePotion"},{"floor":15.0,"key":"DuplicationPotion"},{"floor":28,"key":"Dota2Spire:Clarity"}],"is_trial":false,"path_per_floor":["R","M","?","M","M","M","T","$","R","E","?","R","M","?","M","B",null,"R","?","$","M","M","M","T","?","E","$","E","R","E","M","M","B"],"character_chosen":"GUARDIAN","items_purchased":["Orrery","Dota2Spire:EchoSabre"],"campfire_rested":1,"item_purchase_floors":[8,20],"current_hp_per_floor":[80,80,80,80,80,66,66,66,66,54,54,54,51,51,48,11,80,80,65,62,57,53,40,40,40,6,6,4,29,14,8,8,0,0,0],"gold":149,"neow_bonus":"THREE_ENEMY_KILL","is_daily":false,"chose_seed":false,"campfire_upgraded":4,"win_rate":0.0,"timestamp":1612352183,"path_taken":["R","M","?","M","M","?","T","$","R","E","?","R","?","?","M","BOSS","R","?","$","M","M","M","T","?","E","$","E","R","E","?","M","BOSS"],"items_purchased_type":["Relic","Relic"],"build_version":"2020-12-22","purchased_purges":0,"victory":false,"max_hp_per_floor":[80,80,80,80,80,80,80,80,80,80,80,80,80,80,80,80,80,80,85,85,85,85,85,85,85,85,85,85,85,85,85,85,85,85,85],"card_choices":[{"not_picked":["Guardian:ArmoredProtocol","Guardian:Gem_Red"],"picked":"Guardian:RefractedBeam","floor":2.0},{"not_picked":["Guardian:Reroute","Guardian:TemporalStrike"],"picked":"Guardian:Gem_Green","floor":4.0},{"not_picked":["Guardian:DecasProtection","Guardian:Repulse"],"picked":"Guardian:SpikerProtocol","floor":5.0},{"not_picked":["Guardian:ChargeCore","Guardian:Recover"],"picked":"Guardian:PiercingHide","floor":6.0},{"not_picked":["Guardian:CrystalBeam","Guardian:VentSteam","Guardian:SpikerProtocol"],"picked":"SKIP","floor":8.0},{"not_picked":["Guardian:PiercingHide","Guardian:VentSteam"],"picked":"Guardian:StasisStrike","floor":8.0},{"not_picked":["Guardian:ChargeCore","Guardian:AncientConstruct"],"picked":"Guardian:Incinerate","floor":8.0},{"not_picked":["Guardian:Gem_Cyan","Guardian:Preprogram"],"picked":"Guardian:PiercingHide","floor":8.0},{"not_picked":["Guardian:Preprogram","Guardian:Reroute"],"picked":"Guardian:Gem_Green","floor":8.0},{"not_picked":["Guardian:SpikerProtocol","Guardian:SentryBeam"],"picked":"Guardian:FastForward","floor":8.0},{"not_picked":["Guardian:PrimingBeam","Guardian:CrystalBeam","Guardian:DecasProtection"],"picked":"SKIP","floor":10.0},{"not_picked":["Guardian:DecasProtection","Guardian:Reroute","Guardian:TemporalStrike"],"picked":"SKIP","floor":13.0},{"not_picked":["Guardian:BodySlam","Guardian:WalkerClaw","Guardian:Gem_Cyan"],"picked":"SKIP","floor":15.0},{"not_picked":["Guardian:AncientConstruct","Guardian:ExploitGems"],"picked":"Guardian:RevengeProtocol","floor":16.0},{"not_picked":["Guardian:RollAttack","Guardian:VentSteam"],"picked":"Guardian:TimeBomb+1","floor":20},{"not_picked":["Guardian:Repulse","Guardian:TimeCapacitor"],"picked":"Guardian:Suspension+1","floor":21},{"not_picked":["Guardian:BronzeOrb","Guardian:PrismaticBarrier"],"picked":"Guardian:Gem_Cyan","floor":22},{"not_picked":["Guardian:Gem_Crimson","Guardian:PrismaticBeam"],"picked":"Guardian:ShieldSpikes+1","floor":23},{"not_picked":["Guardian:Repulse+1","Guardian:ChargeCore","Guardian:TimeCapacitor+1"],"picked":"SKIP","floor":26},{"not_picked":["Guardian:ShieldCharger","Guardian:TemporalShield+1"],"picked":"Guardian:DecasProtection","floor":27},{"not_picked":["Guardian:CrystalBeam","Guardian:Clone","Guardian:Gem_Green"],"picked":"SKIP","floor":28},{"not_picked":["Guardian:MultiBeam","Guardian:Gem_Green"],"picked":"Guardian:Gem_Synthetic","floor":30},{"not_picked":["Guardian:Gem_Red","Guardian:CrystalBeam"],"picked":"Guardian:MultiBeam+1","floor":31},{"not_picked":["Guardian:Recover","Guardian:CrystalBeam+1","Guardian:DonusPower+1"],"picked":"SKIP","floor":32}],"player_experience":175123,"relics_obtained":[{"floor":7.0,"key":"HornCleat"},{"floor":10.0,"key":"Bag of Marbles"},{"floor":24,"key":"Dota2Spire:MonkeyKingBar"},{"floor":26,"key":"Shuriken"},{"floor":28,"key":"reliquary:ExpiredCoupon"},{"floor":30,"key":"hubris:SlimyHat"}],"event_choices":[],"is_beta":false,"boss_relics":[{"not_picked":["reliquary:WritOfMandamus","reliquary:RedPaperclip"],"picked":"Velvet Choker"}],"items_purged_floors":[],"is_endless":false,"potions_floor_spawned":[6,10,15,21,22,28,30,31,32],"killed_by":"WA_ARCHETYPE_CALM","ascension_level":0}}