{"host":"aj7el8l5kufbk20z","time":1612329916,"event":{"mods":["AchievementEnabler","BaseMod","Colored Map","Colored Powertips","Curses Come First","Highlight Path","Minty Spire (QoL Compilation)","Permanent Neow","Poor People Problems","Quick Restart","Rare Cards Sparkle","Relic Stats","StSLib","SuperFastMode","Waifu the Spire"],"gold_per_floor":[119,666,686,242,242,286,286,666,689,689,415,453,453,473,473,599,599,614,633,671,477,477,517,537,571,571,615,293,293,326,372,384,525,537,570,582,619,274,287,287,337,337,337,337,670,513,332,365,365,365,365,365,88,127,127],"floor_reached":56,"language":"ZHS","playtime":3701,"items_purged":["Strike_B","Strike_B","Strike_B","Defend_B","Defend_B","Defend_B","Dualcast"],"score":1815,"play_id":"fd737303-7bae-4ab6-baac-5cc4640da0b9","local_time":"20210203132515","is_ascension_mode":true,"campfire_choices":[{"data":"Defragment","floor":7.0,"key":"SMITH"},{"data":"Defragment","floor":10.0,"key":"SMITH"},{"data":"Loop","floor":15.0,"key":"SMITH"},{"data":"Loop","floor":29.0,"key":"SMITH"},{"data":"Amplify","floor":32.0,"key":"SMITH"},{"data":"Force Field","floor":40.0,"key":"SMITH"},{"data":"Echo Form","floor":42.0,"key":"SMITH"},{"data":"Conserve Battery","floor":44.0,"key":"SMITH"},{"floor":49.0,"key":"RECALL"},{"data":"Self Repair","floor":52.0,"key":"SMITH"}],"circlet_count":0,"master_deck":["Zap+1","Echo Form+1","Streamline","Loop+1","FTL","Conserve Battery+1","Defragment+1","Stack+1","Force Field+1","Defragment+1","Electrodynamics","Self Repair+1","Core Surge","Glacier+1","Consume+1","Biased Cognition+1","Loop+1","BootSequence","Defragment+1","Amplify+1","Capacitor+1","Defragment+1","Defragment+1","Loop+1"],"relics":["Cracked Core","Orichalcum","ClockworkSouvenir","Blood Vial","Omamori","Anchor","TungstenRod","Medical Kit","Gambling Chip","Turnip","Smiling Mask","Membership Card","DataDisk","Peace Pipe","Empty Cage","Red Mask","PreservedInsect","Art of War","Vajra","CeramicFish","Frozen Egg 2","Mummified Hand","MawBank","Calling Bell","Bag of Marbles","Question Card","Bird Faced Urn","Ginger","WingedGreaves","War Paint","HornCleat","CaptainsWheel","Ancient Tea Set","Toolbox","Dream Catcher","Pen Nib","InkBottle","Strange Spoon","Sundial"],"acts_visited":["Exordium","TheCity","TheBeyond","TheEnding"],"potions_floor_usage":[55],"damage_taken":[{"damage":14.0,"enemies":"Small Slimes","floor":1.0,"turns":4.0},{"damage":7.0,"enemies":"Jaw Worm","floor":3.0,"turns":2.0},{"damage":11.0,"enemies":"Lagavulin","floor":6.0,"turns":6.0},{"damage":18.0,"enemies":"Gremlin Nob","floor":12.0,"turns":4.0},{"damage":0.0,"enemies":"2 Louse","floor":14.0,"turns":2.0},{"damage":0.0,"enemies":"Slime Boss","floor":16.0,"turns":5.0},{"damage":18.0,"enemies":"2 Thieves","floor":18.0,"turns":3.0},{"damage":1.0,"enemies":"Shell Parasite","floor":19.0,"turns":5.0},{"damage":16.0,"enemies":"Masked Bandits","floor":20.0,"turns":4.0},{"damage":19.0,"enemies":"Gremlin Leader","floor":23.0,"turns":5.0},{"damage":11.0,"enemies":"Shelled Parasite and Fungi","floor":24.0,"turns":6.0},{"damage":36.0,"enemies":"Book of Stabbing","floor":25.0,"turns":5.0},{"damage":22.0,"enemies":"Gremlin Leader","floor":27.0,"turns":5.0},{"damage":14.0,"enemies":"Book of Stabbing","floor":30.0,"turns":4.0},{"damage":7.0,"enemies":"Snake Plant","floor":31.0,"turns":5.0},{"damage":33.0,"enemies":"Champ","floor":33.0,"turns":8.0},{"damage":0.0,"enemies":"3 Shapes","floor":35.0,"turns":2.0},{"damage":7.0,"enemies":"Orb Walker","floor":37.0,"turns":3.0},{"damage":5.0,"enemies":"Transient","floor":39.0,"turns":5.0},{"damage":38.0,"enemies":"Nemesis","floor":41.0,"turns":7.0},{"damage":46.0,"enemies":"Reptomancer","floor":48.0,"turns":5.0},{"damage":65.0,"enemies":"Awakened One","floor":50.0,"turns":9.0},{"damage":6.0,"enemies":"Shield and Spear","floor":54.0,"turns":6.0},{"damage":44,"enemies":"The Heart","floor":55,"turns":11}],"seed_played":"367109040364080866","potions_obtained":[{"floor":1.0,"key":"Swift Potion"},{"floor":6.0,"key":"Fire Potion"},{"floor":13.0,"key":"PotionOfCapacity"},{"floor":13.0,"key":"EssenceOfSteel"},{"floor":18.0,"key":"Block Potion"},{"floor":20.0,"key":"BlessingOfTheForge"},{"floor":31.0,"key":"PotionOfCapacity"},{"floor":35.0,"key":"EssenceOfSteel"}],"is_trial":false,"path_per_floor":["M","$","M","$","?","E","R","$","T","R","$","E","?","M","R","B",null,"M","M","?","$","?","E","M","E","T","E","$","R","E","M","R","B",null,"M","?","M","$","M","R","E","R","T","R","?","$","$","E","R","B",null,"R","$","E","B",null],"character_chosen":"DEFECT","items_purchased":["Orichalcum","ClockworkSouvenir","Blood Vial","Loop","FTL","Omamori","Anchor","Defragment","Medical Kit","Gambling Chip","Turnip","Force Field","Defragment","Membership Card","DataDisk","PreservedInsect","Biased Cognition","Frozen Egg 2","Mummified Hand","Defragment+1","Ginger","WingedGreaves","Defragment+1","CaptainsWheel","Ancient Tea Set","Defragment+1","Toolbox","Pen Nib","InkBottle","Strange Spoon"],"campfire_rested":0,"item_purchase_floors":[2,2,2,2,2,4,4,4,8,8,8,8,8,11,11,21,21,28,28,28,38,38,46,46,47,47,47,53,53,53],"current_hp_per_floor":[54,54,49,49,66,57,57,57,57,57,57,81,81,68,68,68,68,50,58,51,51,51,48,39,54,54,68,68,68,61,56,56,39,61,68,68,61,61,68,68,68,68,68,68,68,68,68,68,68,39,61,61,61,68,56],"gold":127,"neow_bonus":"THREE_RARE_CARDS","is_daily":false,"chose_seed":false,"campfire_upgraded":9,"win_rate":0.0,"timestamp":1612329915,"path_taken":["M","$","M","$","?","E","R","?","T","R","$","E","?","M","R","BOSS","M","M","?","$","?","E","?","E","T","E","$","R","E","M","R","BOSS","M","?","M","$","M","R","E","R","T","R","?","$","$","E","R","BOSS","R","$","E","BOSS"],"items_purchased_type":["Relic","Relic","Relic","Card","Card","Relic","Relic","Card","Relic","Relic","Relic","Card","Card","Relic","Relic","Relic","Card","Relic","Relic","Card","Relic","Relic","Card","Relic","Relic","Card","Relic","Relic","Relic","Relic"],"build_version":"2020-12-22","purchased_purges":7,"victory":true,"max_hp_per_floor":[68,68,68,68,68,68,68,68,68,68,68,68,68,68,68,68,68,68,68,68,68,68,68,68,68,68,68,68,68,68,68,68,68,68,68,68,68,68,68,68,68,68,68,68,68,68,68,68,68,68,68,68,68,68,68],"relic_stats":{"counters":[24,115],"CeramicFish":72,"PreservedInsect":383,"Pen Nib":[1],"Ginger":[4],"Orichalcum":[132],"War Paint":["Zap","Stack"],"Medical Kit":[10],"Smiling Mask":176,"MawBank":96,"Question Card":6,"Blood Vial":15,"Peace Pipe":0,"Strange Spoon":[9],"Dream Catcher":0,"Mummified Hand":[133],"Sundial":[0],"Gambling Chip":[83],"Bird Faced Urn":[-13],"Turnip":[12],"Art of War":[27],"obtain_stats":[{"CeramicFish":27,"Vajra":25,"Ginger":38,"Smiling Mask":9,"Empty Cage":17,"Ancient Tea Set":47,"ClockworkSouvenir":2,"Blood Vial":2,"Dream Catcher":48,"HornCleat":43,"Mummified Hand":28,"Sundial":54,"Gambling Chip":8,"Toolbox":47,"WingedGreaves":38,"Red Mask":20,"Cracked Core":0,"InkBottle":53,"Golden Idol":5,"PreservedInsect":21,"Pen Nib":53,"Omamori":4,"Orichalcum":2,"Frozen Egg 2":28,"War Paint":41,"Medical Kit":8,"MawBank":30,"Question Card":34,"Peace Pipe":12,"Calling Bell":34,"Strange Spoon":53,"Anchor":4,"DataDisk":11,"CaptainsWheel":46,"Bird Faced Urn":34,"Turnip":8,"Art of War":23,"Bag of Marbles":34,"Membership Card":11,"TungstenRod":6},{"CeramicFish":13,"Vajra":12,"Ginger":18,"Smiling Mask":3,"Empty Cage":6,"Ancient Tea Set":20,"ClockworkSouvenir":1,"Blood Vial":1,"Dream Catcher":21,"HornCleat":20,"Mummified Hand":13,"Sundial":23,"Gambling Chip":3,"Toolbox":20,"WingedGreaves":18,"Red Mask":9,"Cracked Core":0,"InkBottle":22,"Golden Idol":2,"PreservedInsect":9,"Pen Nib":22,"Omamori":2,"Orichalcum":1,"Frozen Egg 2":13,"War Paint":20,"Medical Kit":3,"MawBank":14,"Question Card":16,"Peace Pipe":4,"Calling Bell":16,"Strange Spoon":22,"Anchor":2,"DataDisk":3,"CaptainsWheel":20,"Bird Faced Urn":16,"Turnip":3,"Art of War":10,"Bag of Marbles":16,"Membership Card":3,"TungstenRod":3},{"CeramicFish":54,"Vajra":49,"Ginger":74,"Smiling Mask":12,"Empty Cage":22,"Ancient Tea Set":85,"ClockworkSouvenir":4,"Blood Vial":4,"Dream Catcher":90,"HornCleat":85,"Mummified Hand":54,"Sundial":105,"Gambling Chip":12,"Toolbox":85,"WingedGreaves":74,"Red Mask":34,"Cracked Core":0,"InkBottle":99,"Golden Idol":6,"PreservedInsect":34,"Pen Nib":99,"Omamori":6,"Orichalcum":4,"Frozen Egg 2":54,"War Paint":85,"Medical Kit":12,"MawBank":58,"Question Card":70,"Peace Pipe":16,"Calling Bell":70,"Strange Spoon":99,"Anchor":6,"DataDisk":12,"CaptainsWheel":85,"Bird Faced Urn":70,"Turnip":12,"Art of War":39,"Bag of Marbles":70,"Membership Card":12,"TungstenRod":12}],"TungstenRod":75,"InkBottle":[9]},"card_choices":[{"not_picked":["Thunder Strike","Hyperbeam"],"picked":"Echo Form","floor":0.0},{"not_picked":["Redo","Rebound"],"picked":"Streamline","floor":1.0},{"not_picked":["Genetic Algorithm","Compile Driver"],"picked":"Conserve Battery","floor":3.0},{"not_picked":["Doom and Gloom","Streamline"],"picked":"Stack","floor":6.0},{"not_picked":["Beam Cell","Go for the Eyes"],"picked":"Electrodynamics","floor":12.0},{"not_picked":["Steam","Chill"],"picked":"Self Repair","floor":14.0},{"not_picked":["Buffer","Thunder Strike"],"picked":"Core Surge","floor":16.0},{"not_picked":["Turbo","Chaos+1"],"picked":"Glacier+1","floor":18.0},{"not_picked":["Leap","Scrape+1"],"picked":"Consume+1","floor":19.0},{"not_picked":["FTL","Gash+1"],"picked":"Loop","floor":23.0},{"not_picked":["Beam Cell+1","Turbo+1","Hologram"],"picked":"SKIP","floor":24.0},{"not_picked":["Reboot","Turbo","Gash"],"picked":"SKIP","floor":25.0},{"not_picked":["Reinforced Body+1","Steam"],"picked":"BootSequence","floor":27.0},{"not_picked":["Blizzard","Rebound","Sweeping Beam"],"picked":"SKIP","floor":30.0},{"not_picked":["Reinforced Body","Doom and Gloom"],"picked":"Amplify","floor":31.0},{"not_picked":["Multi-Cast","Meteor Strike"],"picked":"Seek","floor":33.0},{"not_picked":["Turbo","Hologram+1","Sweeping Beam+1","Cold Snap+1"],"picked":"SKIP","floor":35.0},{"not_picked":["Gash","Turbo+1","Steam Power","Rebound"],"picked":"SKIP","floor":37.0},{"not_picked":["Auto Shields+1","Self Repair+1","Steam","Gash"],"picked":"SKIP","floor":39.0},{"not_picked":["Turbo+1","Thunder Strike","Steam+1"],"picked":"Capacitor+1","floor":41.0},{"not_picked":["Lockon+1","Steam","Leap+1","Darkness"],"picked":"SKIP","floor":48.0},{"not_picked":["Leap+1","Skim","Fusion+1"],"picked":"Loop+1","floor":54.0}],"player_experience":260994,"relics_obtained":[{"floor":6.0,"key":"TungstenRod"},{"floor":9.0,"key":"Smiling Mask"},{"floor":12.0,"key":"Peace Pipe"},{"floor":20.0,"key":"Red Mask"},{"floor":23.0,"key":"Art of War"},{"floor":25.0,"key":"Vajra"},{"floor":27.0,"key":"CeramicFish"},{"floor":30.0,"key":"MawBank"},{"floor":34.0,"key":"Bag of Marbles"},{"floor":34.0,"key":"Question Card"},{"floor":34.0,"key":"Bird Faced Urn"},{"floor":41.0,"key":"War Paint"},{"floor":43.0,"key":"HornCleat"},{"floor":48.0,"key":"Dream Catcher"},{"floor":54.0,"key":"Sundial"}],"event_choices":[{"damage_healed":0.0,"max_hp_gain":0.0,"max_hp_loss":0.0,"gold_gain":0.0,"event_name":"Golden Idol","player_choice":"Take Damage","floor":5.0,"gold_loss":0.0,"damage_taken":17.0,"relics_obtained":["Golden Idol"]},{"damage_healed":0.0,"max_hp_gain":0.0,"max_hp_loss":0.0,"gold_gain":0.0,"event_name":"Lab","player_choice":"Got Potions","floor":13.0,"gold_loss":0.0,"damage_taken":0.0},{"damage_healed":0.0,"max_hp_gain":0.0,"max_hp_loss":0.0,"gold_gain":0.0,"event_name":"Masked Bandits","player_choice":"Fought Bandits","floor":20.0,"gold_loss":0.0,"damage_taken":0.0},{"damage_healed":0.0,"max_hp_gain":0.0,"max_hp_loss":0.0,"gold_gain":0.0,"event_name":"Accursed Blacksmith","player_choice":"Forge","floor":22.0,"gold_loss":0.0,"damage_taken":0.0,"cards_upgraded":["Biased Cognition"]},{"cards_removed":["Seek"],"damage_healed":0.0,"max_hp_gain":0.0,"max_hp_loss":0.0,"gold_gain":0.0,"event_name":"Falling","player_choice":"Removed Skill","floor":36.0,"gold_loss":0.0,"damage_taken":0.0},{"damage_healed":0.0,"max_hp_gain":0.0,"max_hp_loss":0.0,"gold_gain":333.0,"event_name":"The Moai Head","player_choice":"Gave Idol","floor":45.0,"relics_lost":["Golden Idol"],"gold_loss":0.0,"damage_taken":0.0}],"is_beta":false,"boss_relics":[{"not_picked":["Runic Pyramid","Busted Crown"],"picked":"Empty Cage"},{"not_picked":["Pandora\u0027s Box","SlaversCollar"],"picked":"Calling Bell"}],"items_purged_floors":[2,4,8,11,21,28,38],"is_endless":false,"potions_floor_spawned":[1,6,14,18,20,24,31,35],"ascension_level":9}}