{"host":"Jinnai","time":1612333355,"event":{"mods":["BaseMod","Bestiary","Block Reminder","Colored Map","Colored Powertips","Highlight Path","Minty Spire (QoL Compilation)","Quick Restart","Relic Stats","StSLib"],"gold_per_floor":[14,14,29,47,61,88,88,120,146,165,178,117,117,137,137,137,137],"floor_reached":16,"language":"ENG","playtime":661,"items_purged":[],"score":228,"play_id":"a6fa2ad3-3758-4ccf-bb01-72995f843b17","local_time":"20210203012235","is_ascension_mode":true,"campfire_choices":[{"data":"Anger","floor":7,"key":"SMITH"},{"data":"Flame Barrier","floor":13,"key":"SMITH"},{"data":"Shrug It Off","floor":15,"key":"SMITH"}],"circlet_count":0,"master_deck":["AscendersBane","Strike_R","Strike_R","Strike_R","Strike_R","Defend_R","Defend_R","Bash","Flame Barrier+1","Flex","Perfected Strike","Flame Barrier","Anger+1","Evolve","Thunderclap","Brutality","Impervious","Shockwave","Shrug It Off+1","Flame Barrier"],"relics":["Burning Blood","Blood Vial","Tiny Chest","Dream Catcher","Ancient Tea Set"],"acts_visited":["Exordium"],"potions_floor_usage":[14,16,16],"damage_taken":[{"damage":3,"enemies":"2 Louse","floor":1,"turns":4},{"damage":0,"enemies":"Jaw Worm","floor":3,"turns":4},{"damage":0,"enemies":"Cultist","floor":4,"turns":3},{"damage":0,"enemies":"Exordium Wildlife","floor":5,"turns":3},{"damage":28,"enemies":"3 Sentries","floor":6,"turns":9},{"damage":33,"enemies":"Gremlin Nob","floor":8,"turns":4},{"damage":16,"enemies":"3 Louse","floor":10,"turns":3},{"damage":8,"enemies":"Looter","floor":11,"turns":3},{"damage":19,"enemies":"Large Slime","floor":14,"turns":7},{"damage":12,"enemies":"Hexaghost","floor":16,"turns":9}],"seed_played":"-6097783444827350982","potions_obtained":[{"floor":8,"key":"PowerPotion"},{"floor":10,"key":"Weak Potion"},{"floor":14,"key":"EssenceOfSteel"}],"is_trial":false,"path_per_floor":["M","?","M","M","M","E","R","E","T","M","M","?","R","M","R","B"],"character_chosen":"IRONCLAD","items_purchased":[],"campfire_rested":0,"item_purchase_floors":[],"current_hp_per_floor":[71,71,75,75,75,53,53,28,28,20,20,20,20,9,9,0,0],"gold":137,"neow_bonus":"TRANSFORM_TWO_CARDS","is_daily":false,"chose_seed":false,"campfire_upgraded":3,"win_rate":0.0,"timestamp":1612333355,"path_taken":["M","?","M","M","M","E","R","E","T","M","M","?","R","M","R","BOSS"],"items_purchased_type":[],"build_version":"2020-12-18","purchased_purges":0,"victory":false,"max_hp_per_floor":[75,75,75,75,75,75,75,75,75,75,75,75,75,75,75,75,75],"relic_stats":{"Blood Vial":10,"Dream Catcher":0,"counters":[10,49],"Tiny Chest":0,"obtain_stats":[{"Blood Vial":6,"Dream Catcher":9,"Tiny Chest":8,"Ancient Tea Set":12,"Burning Blood":0},{"Blood Vial":5,"Dream Catcher":6,"Tiny Chest":6,"Ancient Tea Set":8,"Burning Blood":0},{"Blood Vial":23,"Dream Catcher":27,"Tiny Chest":27,"Ancient Tea Set":33,"Burning Blood":0}],"Burning Blood":40},"card_choices":[{"not_picked":["Havoc","Warcry"],"picked":"Perfected Strike","floor":1},{"not_picked":["Intimidate","Iron Wave"],"picked":"Anger","floor":3},{"not_picked":["Bloodletting","Anger"],"picked":"Evolve","floor":4},{"not_picked":["Infernal Blade","Wild Strike"],"picked":"Thunderclap","floor":5},{"not_picked":["Searing Blow","Power Through"],"picked":"Brutality","floor":6},{"not_picked":["Body Slam","Wild Strike"],"picked":"Impervious","floor":8},{"not_picked":["Iron Wave","Flex"],"picked":"Shockwave","floor":10},{"not_picked":["Pummel","Body Slam"],"picked":"Shrug It Off","floor":11},{"not_picked":["Warcry","Wild Strike"],"picked":"Flame Barrier","floor":14}],"player_experience":1638668,"relics_obtained":[{"floor":6,"key":"Blood Vial"},{"floor":8,"key":"Tiny Chest"},{"floor":9,"key":"Dream Catcher"}],"event_choices":[{"damage_healed":0,"gold_gain":0,"cards_transformed":["Strike_R"],"player_choice":"Change","damage_taken":0,"max_hp_gain":0,"max_hp_loss":0,"event_name":"Living Wall","floor":2,"gold_loss":0,"cards_obtained":["Flame Barrier"]},{"damage_healed":0,"gold_gain":0,"player_choice":"Paid Gold","damage_taken":0,"relics_obtained":["Ancient Tea Set"],"max_hp_gain":0,"max_hp_loss":0,"event_name":"WeMeetAgain","floor":12,"gold_loss":61}],"is_beta":true,"boss_relics":[],"items_purged_floors":[],"is_endless":false,"potions_floor_spawned":[8,10,11,14],"killed_by":"Hexaghost","ascension_level":20}}