{"host":"by8i6f8xc0ywpsd5","time":1612339057,"event":{"mods":["BaseMod","Colored Map","Minty Spire (QoL Compilation)","Relic Stats"],"gold_per_floor":[119,119,136,154,154,154,186,203,254,254,280,295,295,295,295,372,372,392,406,406,421,7,7,35,35,58,58,91,105,105,139,139,216,216,232,250,108,126,145,179,197,224,224,224,249,249,264,281,281,281,281,281,281,67,92,92],"floor_reached":57,"language":"ENG","playtime":3066,"items_purged":["Strike_R","Parasite"],"score":3114,"play_id":"05b7b1ba-ce7b-408f-836e-d61bb1cc1f08","local_time":"20210203095737","is_ascension_mode":true,"campfire_choices":[{"floor":6,"key":"REST"},{"data":"Immolate","floor":10,"key":"SMITH"},{"floor":13,"key":"REST"},{"floor":15,"key":"REST"},{"data":"Feel No Pain","floor":23,"key":"SMITH"},{"data":"Feel No Pain","floor":30,"key":"SMITH"},{"data":"Impervious","floor":32,"key":"SMITH"},{"floor":44,"key":"RECALL"},{"data":"Burning Pact","floor":46,"key":"SMITH"},{"data":"True Grit","floor":49,"key":"SMITH"},{"data":"Burning Pact","floor":53,"key":"SMITH"}],"circlet_count":0,"master_deck":["AscendersBane","Defend_R+1","Defend_R+1","Defend_R+1","Defend_R+1","Bash","Sword Boomerang+1","Shrug It Off","Immolate+1","Flame Barrier","Clumsy","Power Through","Ghostly Armor","Barricade","Feel No Pain+1","True Grit","Clothesline+1","Feel No Pain+1","Corruption","Impervious+1","True Grit+1","Disarm","Entrench+1","Dark Shackles","Corruption","Dual Wield","Second Wind","Power Through","Exhume","Bludgeon","Rampage+1","Impervious+1","Wild Strike+1","Body Slam","Burning Pact+1","Juggernaut","Burning Pact+1","Flame Barrier","Doubt","Warcry+1","Disarm","Impervious+1","Power Through+1"],"relics":["Cursed Key","Paper Frog","Lantern","Orichalcum","Blood Vial","Snecko Eye","Orrery","Kunai","Mercury Hourglass","Red Skull","Astrolabe","CaptainsWheel","Pen Nib","MealTicket","Lizard Tail","DollysMirror","Eternal Feather"],"acts_visited":["Exordium","TheCity","TheBeyond","TheEnding"],"potions_floor_usage":[16,19,28,33,40,56,56],"damage_taken":[{"damage":6,"enemies":"Cultist","floor":1,"turns":4},{"damage":0,"enemies":"2 Louse","floor":3,"turns":2},{"damage":7,"enemies":"Jaw Worm","floor":4,"turns":3},{"damage":26,"enemies":"Gremlin Nob","floor":7,"turns":4},{"damage":0,"enemies":"Lots of Slimes","floor":8,"turns":1},{"damage":12,"enemies":"Lagavulin","floor":11,"turns":5},{"damage":8,"enemies":"Large Slime","floor":12,"turns":4},{"damage":15,"enemies":"Slime Boss","floor":16,"turns":10},{"damage":0,"enemies":"3 Byrds","floor":18,"turns":2},{"damage":1,"enemies":"Spheric Guardian","floor":19,"turns":4},{"damage":0,"enemies":"Centurion and Healer","floor":21,"turns":7},{"damage":0,"enemies":"Book of Stabbing","floor":24,"turns":6},{"damage":27,"enemies":"Slavers","floor":28,"turns":9},{"damage":0,"enemies":"Chosen and Byrds","floor":29,"turns":8},{"damage":12,"enemies":"Gremlin Leader","floor":31,"turns":7},{"damage":0,"enemies":"Champ","floor":33,"turns":13},{"damage":0,"enemies":"Orb Walker","floor":35,"turns":4},{"damage":0,"enemies":"3 Shapes","floor":36,"turns":2},{"damage":0,"enemies":"3 Darklings","floor":38,"turns":6},{"damage":13,"enemies":"4 Shapes","floor":39,"turns":5},{"damage":1,"enemies":"Reptomancer","floor":40,"turns":5},{"damage":0,"enemies":"Writhing Mass","floor":41,"turns":3},{"damage":0,"enemies":"Giant Head","floor":42,"turns":4},{"damage":0,"enemies":"Mind Bloom Boss Battle","floor":45,"turns":7},{"damage":9,"enemies":"Transient","floor":47,"turns":6},{"damage":0,"enemies":"Maw","floor":48,"turns":7},{"damage":0,"enemies":"Time Eater","floor":50,"turns":12},{"damage":15,"enemies":"Donu and Deca","floor":51,"turns":7},{"damage":0,"enemies":"Shield and Spear","floor":55,"turns":9},{"damage":10,"enemies":"The Heart","floor":56,"turns":10}],"seed_played":"6051414294575365667","potions_obtained":[{"floor":8,"key":"Energy Potion"},{"floor":11,"key":"CultistPotion"},{"floor":16,"key":"Explosive Potion"},{"floor":24,"key":"CultistPotion"},{"floor":29,"key":"Swift Potion"},{"floor":36,"key":"DuplicationPotion"},{"floor":40,"key":"SpeedPotion"}],"is_trial":false,"path_per_floor":["M","?","M","M","?","R","E","M","T","R","E","M","R","?","R","B",null,"M","M","?","M","$","R","E","?","T","?","E","M","R","E","R","B",null,"M","M","$","M","M","E","M","E","T","R","?","R","M","M","R","B","B",null,"R","$","E","B",null],"character_chosen":"IRONCLAD","items_purchased":["Feel No Pain","Orrery","Dark Shackles","Burning Pact","Disarm","DollysMirror"],"campfire_rested":3,"item_purchase_floors":[22,22,22,37,54,54],"current_hp_per_floor":[62,39,39,32,27,49,23,23,23,23,11,5,27,27,49,36,65,67,68,68,70,70,70,72,72,72,72,47,49,49,39,39,41,67,69,71,71,72,59,60,62,64,64,64,66,66,59,61,61,63,50,67,67,72,72,62],"gold":92,"neow_bonus":"BOSS_RELIC","is_daily":false,"chose_seed":false,"campfire_upgraded":7,"win_rate":0.0,"timestamp":1612339057,"path_taken":["M","?","M","M","?","R","E","M","T","R","E","M","R","?","R","BOSS","M","?","?","?","$","R","E","?","T","?","E","M","R","E","R","BOSS","M","M","?","M","?","E","M","E","T","R","?","R","M","M","R","BOSS","BOSS","R","$","E","BOSS"],"items_purchased_type":["Card","Relic","Card","Card","Card","Relic"],"build_version":"2020-12-22","purchased_purges":2,"victory":true,"max_hp_per_floor":[75,75,75,75,75,75,75,75,75,75,75,75,75,75,75,75,75,75,75,75,75,75,75,75,75,75,75,75,75,75,75,75,75,75,75,75,72,72,72,72,72,72,72,72,72,72,72,72,72,72,72,72,72,72,72,72],"relic_stats":{"counters":[30,176],"Astrolabe":["Rampage","Impervious","Wild Strike"],"Eternal Feather":0,"Pen Nib":[5],"Orichalcum":[84],"Cursed Key":3,"Mercury Hourglass":[387],"Blood Vial":41,"Lizard Tail":0,"Snecko Eye":[222,201,229,227],"MealTicket":5,"Kunai":[10],"obtain_stats":[{"Lantern":7,"Astrolabe":34,"Eternal Feather":55,"Pen Nib":42,"Orichalcum":9,"Cursed Key":0,"Burning Blood":0,"Mercury Hourglass":28,"Blood Vial":11,"CaptainsWheel":40,"Lizard Tail":45,"DollysMirror":54,"Snecko Eye":17,"Orrery":22,"MealTicket":43,"Kunai":24,"Red Skull":31,"Paper Frog":5},{"Lantern":4,"Astrolabe":16,"Eternal Feather":29,"Pen Nib":23,"Orichalcum":5,"Cursed Key":0,"Burning Blood":0,"Mercury Hourglass":13,"Blood Vial":6,"CaptainsWheel":21,"Lizard Tail":24,"DollysMirror":28,"Snecko Eye":8,"Orrery":11,"MealTicket":23,"Kunai":12,"Red Skull":15,"Paper Frog":3},{"Lantern":13,"Astrolabe":89,"Eternal Feather":166,"Pen Nib":118,"Orichalcum":14,"Cursed Key":0,"Burning Blood":0,"Mercury Hourglass":61,"Blood Vial":19,"CaptainsWheel":111,"Lizard Tail":125,"DollysMirror":157,"Snecko Eye":33,"Orrery":46,"MealTicket":118,"Kunai":52,"Red Skull":76,"Paper Frog":9}]},"card_choices":[{"not_picked":["Iron Wave","Combust"],"picked":"Sword Boomerang","floor":1},{"not_picked":["Cleave","Havoc"],"picked":"Shrug It Off","floor":3},{"not_picked":["Entrench","Wild Strike"],"picked":"Clothesline","floor":4},{"not_picked":["Inflame","Demon Form"],"picked":"Immolate","floor":7},{"not_picked":["Rupture","Inflame"],"picked":"Flame Barrier","floor":8},{"not_picked":["Sentinel","Combust"],"picked":"Power Through","floor":11},{"not_picked":["Warcry","Clash"],"picked":"Ghostly Armor","floor":12},{"not_picked":["Fiend Fire","Offering"],"picked":"Barricade","floor":16},{"not_picked":["Heavy Blade","Rupture","Havoc"],"picked":"SKIP","floor":18},{"not_picked":["Havoc+1","Shrug It Off"],"picked":"Feel No Pain","floor":19},{"not_picked":["Heavy Blade+1","Headbutt"],"picked":"Clothesline+1","floor":21},{"not_picked":["True Grit","Armaments"],"picked":"Corruption","floor":22},{"not_picked":["Thunderclap","Warcry"],"picked":"Impervious","floor":22},{"not_picked":["Cleave+1","Iron Wave"],"picked":"True Grit","floor":22},{"not_picked":["Power Through","Dropkick"],"picked":"Disarm","floor":22},{"not_picked":["Intimidate","Uppercut"],"picked":"Entrench+1","floor":22},{"not_picked":["Flame Barrier","Ghostly Armor+1"],"picked":"Corruption","floor":24},{"not_picked":["Uppercut","Burning Pact"],"picked":"Second Wind","floor":28},{"not_picked":["Havoc","Perfected Strike"],"picked":"Power Through","floor":29},{"not_picked":["Reckless Charge","Clash"],"picked":"Exhume","floor":31},{"not_picked":["Double Tap","Corruption"],"picked":"Bludgeon","floor":33},{"not_picked":["Pommel Strike+1","Iron Wave"],"picked":"Body Slam","floor":35},{"not_picked":["Pommel Strike","Warcry","Iron Wave"],"picked":"SKIP","floor":36},{"not_picked":["Clash","Warcry","Clothesline"],"picked":"SKIP","floor":38},{"not_picked":["Dual Wield","Wild Strike","Body Slam"],"picked":"SKIP","floor":39},{"not_picked":["Perfected Strike+1","Hemokinesis"],"picked":"Juggernaut","floor":40},{"not_picked":["Sword Boomerang","Ghostly Armor"],"picked":"Burning Pact","floor":41},{"not_picked":["True Grit","Warcry"],"picked":"Flame Barrier","floor":42},{"not_picked":["Sword Boomerang+1","True Grit"],"picked":"Warcry+1","floor":45},{"not_picked":["Body Slam+1","Flex+1","Immolate"],"picked":"SKIP","floor":47},{"not_picked":["Havoc+1","Dropkick","Anger"],"picked":"SKIP","floor":48},{"not_picked":["Reckless Charge","Havoc"],"picked":"Power Through+1","floor":55}],"player_experience":1720203,"relics_obtained":[{"floor":7,"key":"Lantern"},{"floor":9,"key":"Orichalcum"},{"floor":11,"key":"Blood Vial"},{"floor":24,"key":"Kunai"},{"floor":28,"key":"Mercury Hourglass"},{"floor":31,"key":"Red Skull"},{"floor":40,"key":"CaptainsWheel"},{"floor":42,"key":"Pen Nib"},{"floor":43,"key":"MealTicket"},{"floor":45,"key":"Lizard Tail"},{"floor":55,"key":"Eternal Feather"}],"event_choices":[{"damage_healed":0,"gold_gain":0,"player_choice":"Entered Light","damage_taken":23,"max_hp_gain":0,"max_hp_loss":0,"event_name":"Shining Light","floor":2,"gold_loss":0,"cards_upgraded":["Sword Boomerang","Defend_R"]},{"damage_healed":0,"gold_gain":0,"player_choice":"Success","damage_taken":5,"relics_obtained":["Paper Frog"],"max_hp_gain":0,"max_hp_loss":0,"event_name":"Scrap Ooze","floor":5,"gold_loss":0},{"cards_removed":["Strike_R"],"damage_healed":0,"gold_gain":0,"player_choice":"Offered Basic","damage_taken":0,"max_hp_gain":0,"max_hp_loss":0,"event_name":"Bonfire Elementals","floor":14,"gold_loss":0},{"damage_healed":0,"gold_gain":0,"player_choice":"1 cards matched","damage_taken":0,"max_hp_gain":0,"max_hp_loss":0,"event_name":"Match and Keep!","floor":20,"gold_loss":0,"cards_obtained":["True Grit"]},{"damage_healed":0,"gold_gain":0,"player_choice":"Simplicity","damage_taken":0,"max_hp_gain":0,"max_hp_loss":0,"event_name":"Back to Basics","floor":25,"gold_loss":0,"cards_upgraded":["Strike_R","Strike_R","Strike_R","Defend_R","Defend_R","Defend_R"]},{"damage_healed":0,"gold_gain":0,"cards_transformed":["Strike_R"],"player_choice":"Transformed","damage_taken":0,"max_hp_gain":0,"max_hp_loss":0,"event_name":"Transmorgrifier","floor":27,"gold_loss":0,"cards_obtained":["Dual Wield"]},{"damage_healed":0,"gold_gain":0,"player_choice":"Fight","damage_taken":0,"max_hp_gain":0,"max_hp_loss":0,"event_name":"MindBloom","floor":45,"gold_loss":0}],"is_beta":false,"boss_relics":[{"not_picked":["Ectoplasm","Calling Bell"],"picked":"Snecko Eye"},{"not_picked":["SlaversCollar","Tiny House"],"picked":"Astrolabe"}],"items_purged_floors":[22,37],"is_endless":false,"potions_floor_spawned":[8,11,16,24,29,31,36,38,40,41,45,55],"ascension_level":20}}