{"host":"3a1ypf1irl30q4k8","time":1612361242,"event":{"mods":["AchievementEnabler","BaseMod","Bestiary","Colored Map","Minty Spire (QoL Compilation)","Relic Stats","ojb\u0027s Info Mod"],"gold_per_floor":[110,130,142,162,262,291,291,304,304,304,319,345,345,345,345,440,440,457,35,47,47,47,47,82,82,82,117,117,117,117,175,175,274,274,293,344,48,86,86,86,112,151,151,151,190,217,217,237,237,237,237,237,53,87,87],"floor_reached":56,"language":"ENG","playtime":4804,"items_purged":["Strike_P","Pray"],"score":1504,"play_id":"be2b9422-d795-4e11-b1b2-d234d401fb02","local_time":"20210203140722","is_ascension_mode":true,"campfire_choices":[{"floor":7.0,"key":"DIG"},{"floor":10.0,"key":"DIG"},{"data":"Eruption","floor":13.0,"key":"SMITH"},{"floor":15.0,"key":"DIG"},{"floor":23.0,"key":"DIG"},{"floor":28.0,"key":"DIG"},{"floor":30.0,"key":"DIG"},{"floor":32.0,"key":"DIG"},{"floor":40.0,"key":"DIG"},{"floor":44.0,"key":"DIG"},{"floor":47.0,"key":"RECALL"},{"floor":49.0,"key":"DIG"},{"floor":52.0,"key":"DIG"}],"circlet_count":0,"master_deck":["Defend_P+1","Defend_P","Defend_P+1","Defend_P","Eruption+1","Vigilance","CurseOfTheBell","FollowUp","ThirdEye+1","WheelKick","CutThroughFate+1","FlyingSleeves+1","DeceiveReality","Consecrate","Wish","Halt+1","Halt+1","Adaptation+1","EmptyFist","Crescendo","JustLucky+1","Tantrum+1","LessonLearned+1","InnerPeace+1","FearNoEvil+1","EmptyBody","FearNoEvil+1","Swift Strike+1","FlurryOfBlows+1","MentalFortress+1","WaveOfTheHand+1","Halt+1","Fasting2+1","CutThroughFate+1"],"relics":["Calling Bell","Centennial Puzzle","Eternal Feather","Shovel","Kunai","Regal Pillow","Bag of Marbles","Mercury Hourglass","Bronze Scales","CloakClasp","Runic Pyramid","Pantograph","Molten Egg 2","Incense Burner","Nunchaku","Happy Flower","StoneCalendar","Anchor","VioletLotus","Turnip","Ancient Tea Set","Vajra","PreservedInsect","Frozen Egg 2","Lantern","Letter Opener","Bottled Tornado","White Beast Statue","OrangePellets","Sundial"],"acts_visited":["Exordium","TheCity","TheBeyond","TheEnding"],"potions_floor_usage":[55],"damage_taken":[{"damage":0.0,"enemies":"Cultist","floor":1.0,"turns":3.0},{"damage":0.0,"enemies":"Jaw Worm","floor":2.0,"turns":2.0},{"damage":6.0,"enemies":"2 Louse","floor":3.0,"turns":3.0},{"damage":11.0,"enemies":"Large Slime","floor":4.0,"turns":4.0},{"damage":19.0,"enemies":"3 Sentries","floor":6.0,"turns":6.0},{"damage":15.0,"enemies":"Exordium Thugs","floor":8.0,"turns":3.0},{"damage":1.0,"enemies":"Blue Slaver","floor":11.0,"turns":3.0},{"damage":8.0,"enemies":"Gremlin Nob","floor":12.0,"turns":3.0},{"damage":0.0,"enemies":"Slime Boss","floor":16.0,"turns":8.0},{"damage":7.0,"enemies":"Shell Parasite","floor":18.0,"turns":4.0},{"damage":0.0,"enemies":"Spheric Guardian","floor":20.0,"turns":3.0},{"damage":8.0,"enemies":"Gremlin Leader","floor":24.0,"turns":5.0},{"damage":0.0,"enemies":"Snecko","floor":27.0,"turns":4.0},{"damage":27.0,"enemies":"Slavers","floor":31.0,"turns":5.0},{"damage":22.0,"enemies":"Collector","floor":33.0,"turns":8.0},{"damage":0.0,"enemies":"3 Shapes","floor":35.0,"turns":3.0},{"damage":15.0,"enemies":"2 Orb Walkers","floor":36.0,"turns":4.0},{"damage":0.0,"enemies":"3 Darklings","floor":38.0,"turns":5.0},{"damage":0.0,"enemies":"Reptomancer","floor":41.0,"turns":4.0},{"damage":3.0,"enemies":"Transient","floor":42.0,"turns":5.0},{"damage":1.0,"enemies":"Spire Growth","floor":45.0,"turns":3.0},{"damage":14.0,"enemies":"Nemesis","floor":46.0,"turns":5.0},{"damage":2.0,"enemies":"Jaw Worm Horde","floor":48.0,"turns":3.0},{"damage":25.0,"enemies":"Time Eater","floor":50.0,"turns":11.0},{"damage":23.0,"enemies":"Shield and Spear","floor":54.0,"turns":4.0},{"damage":32,"enemies":"The Heart","floor":55,"turns":8}],"seed_played":"-2886882495811672840","potions_obtained":[{"floor":1.0,"key":"SkillPotion"},{"floor":2.0,"key":"DuplicationPotion"},{"floor":3.0,"key":"Strength Potion"},{"floor":8.0,"key":"AttackPotion"},{"floor":18.0,"key":"Swift Potion"},{"floor":38.0,"key":"EntropicBrew"},{"floor":41.0,"key":"DuplicationPotion"},{"floor":54.0,"key":"ColorlessPotion"}],"is_trial":false,"path_per_floor":["M","M","M","M","?","E","R","M","T","R","M","E","R","?","R","B",null,"M","$","M","?","?","R","E","?","T","M","R","?","R","E","R","B",null,"M","?","$","M","?","R","E","M","T","R","M","E","R","M","R","B",null,"R","$","E","B",null],"character_chosen":"WATCHER","items_purchased":["Halt","Adaptation","Pantograph","Ancient Tea Set","EmptyBody","OrangePellets","Fasting2+1"],"campfire_rested":0,"item_purchase_floors":[19,19,19,37,37,53,53],"current_hp_per_floor":[72,72,66,55,55,36,45,30,30,39,38,30,39,32,41,41,72,65,65,65,65,65,72,64,64,64,64,72,72,72,45,57,50,72,72,57,57,57,57,72,72,69,69,72,71,57,72,70,72,47,72,72,72,49,40],"gold":87,"neow_bonus":"BOSS_RELIC","is_daily":false,"chose_seed":false,"campfire_upgraded":1,"win_rate":0.0,"timestamp":1612361242,"path_taken":["M","M","M","M","?","E","R","M","T","R","?","E","R","?","R","BOSS","M","$","M","?","?","R","E","?","T","?","R","?","R","E","R","BOSS","M","?","$","M","?","R","E","M","T","R","M","E","R","M","R","BOSS","R","$","E","BOSS"],"items_purchased_type":["Card","Card","Relic","Relic","Card","Relic","Card"],"build_version":"2020-12-22","purchased_purges":2,"victory":true,"max_hp_per_floor":[72,72,72,72,72,72,72,72,72,72,72,72,72,72,72,72,72,72,72,72,72,72,72,72,72,72,72,72,72,72,72,72,72,72,72,72,72,72,72,72,72,72,72,72,72,72,72,72,72,72,72,72,72,72,72],"relic_stats":{"Regal Pillow":0,"Happy Flower":[22],"counters":[26,119],"Eternal Feather":98,"StoneCalendar":[156],"PreservedInsect":115,"CloakClasp":[360],"Letter Opener":[60],"Mercury Hourglass":[368],"OrangePellets":[2],"Centennial Puzzle":[50],"Nunchaku":[17],"Shovel":11,"Sundial":[0],"Bronze Scales":[374],"Pantograph":38,"VioletLotus":[26],"Turnip":[2],"Kunai":[49],"obtain_stats":[{"Regal Pillow":7,"Lantern":44,"Vajra":40,"StoneCalendar":31,"CloakClasp":15,"Incense Burner":24,"Bottled Tornado":49,"Ancient Tea Set":37,"Centennial Puzzle":0,"Nunchaku":28,"Shovel":0,"Sundial":54,"Pantograph":19,"VioletLotus":34,"Kunai":6,"Runic Pyramid":17,"Happy Flower":30,"Eternal Feather":0,"PreservedInsect":41,"Letter Opener":46,"Frozen Egg 2":43,"White Beast Statue":52,"Mercury Hourglass":10,"Calling Bell":0,"OrangePellets":53,"Anchor":32,"Bronze Scales":12,"Molten Egg 2":23,"Turnip":36,"Bag of Marbles":9,"PureWater":0},{"Regal Pillow":5,"Lantern":20,"Vajra":18,"StoneCalendar":14,"CloakClasp":8,"Incense Burner":12,"Bottled Tornado":23,"Ancient Tea Set":17,"Centennial Puzzle":0,"Nunchaku":13,"Shovel":0,"Sundial":25,"Pantograph":10,"VioletLotus":15,"Kunai":5,"Runic Pyramid":9,"Happy Flower":13,"Eternal Feather":0,"PreservedInsect":19,"Letter Opener":22,"Frozen Egg 2":20,"White Beast Statue":24,"Mercury Hourglass":6,"Calling Bell":0,"OrangePellets":24,"Anchor":14,"Bronze Scales":8,"Molten Egg 2":11,"Turnip":17,"Bag of Marbles":6,"PureWater":0},{"Regal Pillow":18,"Lantern":85,"Vajra":76,"StoneCalendar":56,"CloakClasp":27,"Incense Burner":47,"Bottled Tornado":96,"Ancient Tea Set":71,"Centennial Puzzle":0,"Nunchaku":51,"Shovel":0,"Sundial":111,"Pantograph":39,"VioletLotus":64,"Kunai":18,"Runic Pyramid":35,"Happy Flower":51,"Eternal Feather":0,"PreservedInsect":80,"Letter Opener":93,"Frozen Egg 2":85,"White Beast Statue":107,"Mercury Hourglass":21,"Calling Bell":0,"OrangePellets":107,"Anchor":56,"Bronze Scales":27,"Molten Egg 2":42,"Turnip":71,"Bag of Marbles":21,"PureWater":0}]},"card_choices":[{"not_picked":["EmptyBody","WaveOfTheHand"],"picked":"FollowUp","floor":1.0},{"not_picked":["Sanctity","FlurryOfBlows"],"picked":"ThirdEye","floor":2.0},{"not_picked":["Evaluate","PathToVictory"],"picked":"WheelKick","floor":3.0},{"not_picked":["PathToVictory","JustLucky"],"picked":"CutThroughFate","floor":4.0},{"not_picked":["ConjureBlade","FlurryOfBlows"],"picked":"FlyingSleeves","floor":6.0},{"not_picked":["Consecrate","Crescendo"],"picked":"DeceiveReality","floor":8.0},{"not_picked":["PathToVictory","Swivel"],"picked":"Consecrate","floor":11.0},{"not_picked":["FollowUp","Pray","Devotion"],"picked":"SKIP","floor":12.0},{"not_picked":["SpiritShield","MasterReality"],"picked":"Wish","floor":16.0},{"not_picked":["InnerPeace+1","Crescendo"],"picked":"Halt+1","floor":18.0},{"not_picked":["CarveReality","Evaluate"],"picked":"EmptyFist","floor":20.0},{"not_picked":["FollowUp+1","ThirdEye"],"picked":"Crescendo","floor":24.0},{"not_picked":["ThirdEye","FlurryOfBlows+1"],"picked":"JustLucky+1","floor":27.0},{"not_picked":["Collect","EmptyBody"],"picked":"Tantrum+1","floor":31.0},{"not_picked":["Judgement","Blasphemy"],"picked":"LessonLearned+1","floor":33.0},{"not_picked":["Study+1","EmptyFist+1"],"picked":"InnerPeace+1","floor":35.0},{"not_picked":["FollowUp+1","Collect+1"],"picked":"FearNoEvil+1","floor":36.0},{"not_picked":["CutThroughFate+1","Consecrate+1"],"picked":"FearNoEvil+1","floor":38.0},{"not_picked":["Secret Technique","Forethought"],"picked":"Swift Strike+1","floor":39.0},{"not_picked":["WindmillStrike+1","ReachHeaven+1"],"picked":"FlurryOfBlows+1","floor":41.0},{"not_picked":["Crescendo","Conclude+1","CutThroughFate+1"],"picked":"SKIP","floor":42.0},{"not_picked":["Crescendo","PathToVictory"],"picked":"MentalFortress+1","floor":45.0},{"not_picked":["Prostrate","BowlingBash+1"],"picked":"WaveOfTheHand+1","floor":46.0},{"not_picked":["Collect+1","Protect+1"],"picked":"Halt+1","floor":48.0},{"not_picked":["WaveOfTheHand+1","LessonLearned+1"],"picked":"CutThroughFate+1","floor":54.0}],"player_experience":1296829,"relics_obtained":[{"floor":0.0,"key":"Centennial Puzzle"},{"floor":0.0,"key":"Eternal Feather"},{"floor":0.0,"key":"Shovel"},{"floor":6.0,"key":"Kunai"},{"floor":7.0,"key":"Regal Pillow"},{"floor":9.0,"key":"Bag of Marbles"},{"floor":10.0,"key":"Mercury Hourglass"},{"floor":12.0,"key":"Bronze Scales"},{"floor":15.0,"key":"CloakClasp"},{"floor":23.0,"key":"Molten Egg 2"},{"floor":24.0,"key":"Incense Burner"},{"floor":28.0,"key":"Nunchaku"},{"floor":30.0,"key":"Happy Flower"},{"floor":31.0,"key":"StoneCalendar"},{"floor":32.0,"key":"Anchor"},{"floor":36.0,"key":"Turnip"},{"floor":40.0,"key":"Vajra"},{"floor":41.0,"key":"PreservedInsect"},{"floor":43.0,"key":"Frozen Egg 2"},{"floor":44.0,"key":"Lantern"},{"floor":46.0,"key":"Letter Opener"},{"floor":49.0,"key":"Bottled Tornado"},{"floor":52.0,"key":"White Beast Statue"},{"floor":54.0,"key":"Sundial"}],"event_choices":[{"damage_healed":0.0,"max_hp_gain":0.0,"max_hp_loss":0.0,"gold_gain":100.0,"event_name":"Golden Shrine","player_choice":"Pray","floor":5.0,"gold_loss":0.0,"damage_taken":0.0},{"cards_removed":["Strike_P"],"damage_healed":0.0,"max_hp_gain":0.0,"max_hp_loss":0.0,"gold_gain":0.0,"event_name":"Golden Wing","player_choice":"Card Removal","floor":14.0,"gold_loss":0.0,"damage_taken":7.0},{"damage_healed":0.0,"max_hp_gain":0.0,"max_hp_loss":0.0,"gold_gain":0.0,"cards_transformed":["Strike_P","Strike_P"],"event_name":"Drug Dealer","player_choice":"Became Test Subject","floor":21.0,"gold_loss":0.0,"damage_taken":0.0,"cards_obtained":["SignatureMove","Pray"]},{"damage_healed":0.0,"max_hp_gain":0.0,"max_hp_loss":0.0,"gold_gain":0.0,"event_name":"Vampires","player_choice":"Ignored","floor":22.0,"gold_loss":0.0,"damage_taken":0.0},{"damage_healed":0.0,"max_hp_gain":0.0,"max_hp_loss":0.0,"gold_gain":0.0,"event_name":"Upgrade Shrine","player_choice":"Upgraded","floor":25.0,"gold_loss":0.0,"damage_taken":0.0,"cards_upgraded":["Halt"]},{"cards_removed":["SignatureMove"],"damage_healed":0.0,"max_hp_gain":0.0,"max_hp_loss":0.0,"gold_gain":0.0,"event_name":"Back to Basics","player_choice":"Elegance","floor":29.0,"gold_loss":0.0,"damage_taken":0.0},{"damage_healed":0.0,"max_hp_gain":0.0,"max_hp_loss":0.0,"gold_gain":0.0,"event_name":"Mysterious Sphere","player_choice":"Fight","floor":36.0,"gold_loss":0.0,"damage_taken":0.0},{"damage_healed":0.0,"max_hp_gain":0.0,"max_hp_loss":0.0,"gold_gain":0.0,"event_name":"SensoryStone","player_choice":"Memory 1","floor":39.0,"gold_loss":0.0,"damage_taken":0.0}],"is_beta":false,"boss_relics":[{"not_picked":["SacredBark","Philosopher\u0027s Stone"],"picked":"Runic Pyramid"},{"not_picked":["Tiny House","Runic Dome"],"picked":"VioletLotus"}],"items_purged_floors":[19,37],"is_endless":false,"potions_floor_spawned":[1,2,3,8,18,38,41,42,54],"ascension_level":4}}