{"host":"hk3n60c9tb8azi3z","time":1612390004,"event":{"mods":["AchievementEnabler","BaseMod","Minty Spire (QoL Compilation)","Relic Sorter","Relic Stats"],"gold_per_floor":[118,134,134,145,160,160,177,206,206,222,222,222,254,254,254,329,329,340,15,30,47,47,80,100,100,179,179,209,209,37,37,37,111,111,121,121,138,9,29,29,56,56,56,56,56,56],"floor_reached":45,"language":"ENG","playtime":2346,"items_purged":["Decay"],"score":1117,"play_id":"6a5f4aa5-5ad7-458b-8148-12df29d667ac","local_time":"20210203230644","is_ascension_mode":true,"campfire_choices":[{"data":"Apotheosis","floor":6.0,"key":"SMITH"},{"data":"Barricade","floor":12.0,"key":"SMITH"},{"data":"Entrench","floor":15.0,"key":"SMITH"},{"floor":25.0,"key":"REST"},{"floor":27.0,"key":"REST"},{"floor":32.0,"key":"REST"},{"data":"Feel No Pain","floor":40.0,"key":"SMITH"},{"data":"Spot Weakness","floor":42.0,"key":"SMITH"}],"circlet_count":0,"master_deck":["AscendersBane","Defend_R","Defend_R","Defend_R","Bash","Apotheosis+1","Twin Strike","Anger","Barricade+1","Entrench+1","Impervious","Spot Weakness+1","Twin Strike","Body Slam","Evolve","Feel No Pain+1","Shrug It Off","Bite","Bite","Bite","Bite","Bite","Exhume","Double Tap","Sword Boomerang+1","Ghostly Armor+1","Shrug It Off","True Grit+1","Shrug It Off","Bloodletting"],"relics":["Burning Blood","CaptainsWheel","Self Forming Clay","Centennial Puzzle","Philosopher\u0027s Stone","Paper Frog","Champion Belt","Kunai","Boot","Astrolabe","Toy Ornithopter","Bronze Scales"],"acts_visited":["Exordium","TheCity","TheBeyond"],"potions_floor_usage":[44,45],"damage_taken":[{"damage":3.0,"enemies":"2 Louse","floor":1.0,"turns":4.0},{"damage":3.0,"enemies":"Cultist","floor":2.0,"turns":4.0},{"damage":3.0,"enemies":"Small Slimes","floor":4.0,"turns":2.0},{"damage":23.0,"enemies":"3 Louse","floor":5.0,"turns":4.0},{"damage":2.0,"enemies":"Large Slime","floor":7.0,"turns":2.0},{"damage":17.0,"enemies":"3 Sentries","floor":8.0,"turns":3.0},{"damage":3.0,"enemies":"Looter","floor":10.0,"turns":3.0},{"damage":10.0,"enemies":"Lagavulin","floor":13.0,"turns":9.0},{"damage":36.0,"enemies":"The Guardian","floor":16.0,"turns":14.0},{"damage":6.0,"enemies":"Shell Parasite","floor":18.0,"turns":6.0},{"damage":20.0,"enemies":"2 Thieves","floor":20.0,"turns":4.0},{"damage":15.0,"enemies":"Snake Plant","floor":21.0,"turns":5.0},{"damage":32.0,"enemies":"Slavers","floor":23.0,"turns":6.0},{"damage":2.0,"enemies":"Chosen and Byrds","floor":24.0,"turns":4.0},{"damage":54.0,"enemies":"Book of Stabbing","floor":28.0,"turns":6.0},{"damage":30.0,"enemies":"Champ","floor":33.0,"turns":10.0},{"damage":33.0,"enemies":"Orb Walker","floor":35.0,"turns":5.0},{"damage":3.0,"enemies":"3 Darklings","floor":37.0,"turns":11.0},{"damage":4.0,"enemies":"Sphere and 2 Shapes","floor":39.0,"turns":6.0},{"damage":19.0,"enemies":"Nemesis","floor":41.0,"turns":12.0},{"damage":0,"enemies":"Reptomancer","floor":44,"turns":1},{"damage":64,"enemies":"2 Orb Walkers","floor":45,"turns":6}],"seed_played":"8286891419323139008","potions_obtained":[{"floor":2.0,"key":"Fire Potion"},{"floor":5.0,"key":"ElixirPotion"},{"floor":7.0,"key":"EntropicBrew"},{"floor":8.0,"key":"Dexterity Potion"},{"floor":20.0,"key":"LiquidBronze"},{"floor":21.0,"key":"LiquidBronze"},{"floor":23.0,"key":"Strength Potion"},{"floor":24.0,"key":"LiquidBronze"},{"floor":35.0,"key":"ElixirPotion"},{"floor":39.0,"key":"SmokeBomb"}],"is_trial":false,"path_per_floor":["M","M","?","M","M","R","M","E","T","M","?","R","E","?","R","B",null,"M","$","M","M","?","E","M","R","T","R","E","?","$","?","R","B",null,"M","?","M","$","M","R","E","R","T","E","?"],"character_chosen":"IRONCLAD","items_purchased":["Spot Weakness","Paper Frog","Exhume","Shrug It Off"],"campfire_rested":3,"item_purchase_floors":[19,19,30,38],"current_hp_per_floor":[71,74,74,75,58,58,62,51,51,54,47,47,43,43,43,28,63,63,63,49,40,40,14,18,40,40,62,14,14,14,14,29,36,48,31,31,52,52,52,52,52,52,52,52,0,0],"gold":56,"neow_bonus":"RANDOM_COLORLESS_2","is_daily":false,"chose_seed":false,"campfire_upgraded":5,"win_rate":0.0,"timestamp":1612390004,"path_taken":["M","M","?","M","M","R","?","E","T","?","?","R","E","?","R","BOSS","M","$","M","M","?","E","M","R","T","R","E","?","$","?","R","BOSS","M","?","M","$","?","R","E","R","T","E","?"],"items_purchased_type":["Card","Relic","Card","Card"],"build_version":"2020-12-22","purchased_purges":1,"victory":false,"max_hp_per_floor":[75,75,75,75,75,75,75,75,75,75,75,75,75,75,75,75,75,75,75,75,75,75,75,75,75,75,75,75,52,52,52,52,52,52,52,52,52,52,52,52,52,52,52,52,52,52],"relic_stats":{"Centennial Puzzle":[39],"counters":[22,127],"Self Forming Clay":[120],"Astrolabe":["Sword Boomerang","Ghostly Armor","Clash"],"Bronze Scales":[24],"Champion Belt":[9],"Kunai":[17],"Boot":[73],"obtain_stats":[{"CaptainsWheel":8,"Centennial Puzzle":13,"Self Forming Clay":9,"Astrolabe":34,"Bronze Scales":43,"Philosopher\u0027s Stone":17,"Champion Belt":23,"Kunai":26,"Boot":28,"Burning Blood":0,"Toy Ornithopter":41,"Paper Frog":19},{"CaptainsWheel":6,"Centennial Puzzle":8,"Self Forming Clay":6,"Astrolabe":16,"Bronze Scales":20,"Philosopher\u0027s Stone":9,"Champion Belt":13,"Kunai":14,"Boot":15,"Burning Blood":0,"Toy Ornithopter":20,"Paper Frog":10},{"CaptainsWheel":19,"Centennial Puzzle":31,"Self Forming Clay":19,"Astrolabe":86,"Bronze Scales":120,"Philosopher\u0027s Stone":45,"Champion Belt":66,"Kunai":70,"Boot":76,"Burning Blood":0,"Toy Ornithopter":120,"Paper Frog":51}],"Burning Blood":106,"Toy Ornithopter":5},"card_choices":[{"not_picked":["Metamorphosis","Thinking Ahead"],"picked":"Apotheosis","floor":0.0},{"not_picked":["Thunderclap","Sword Boomerang"],"picked":"Twin Strike","floor":1.0},{"not_picked":["Evolve","Reckless Charge"],"picked":"Carnage","floor":2.0},{"not_picked":["Evolve","Rupture"],"picked":"Combust","floor":4.0},{"not_picked":["Clothesline","Thunderclap"],"picked":"Anger","floor":5.0},{"not_picked":["Twin Strike","Reckless Charge","Flex"],"picked":"SKIP","floor":7.0},{"not_picked":["Sword Boomerang","Anger"],"picked":"Barricade","floor":8.0},{"not_picked":["Fire Breathing","Dark Embrace","Twin Strike"],"picked":"SKIP","floor":10.0},{"not_picked":["Twin Strike","Heavy Blade"],"picked":"Entrench","floor":13.0},{"not_picked":["Double Tap","Bludgeon"],"picked":"Impervious","floor":16.0},{"not_picked":["Anger","Power Through","Havoc"],"picked":"SKIP","floor":18.0},{"not_picked":["Twin Strike","Perfected Strike","Iron Wave"],"picked":"SKIP","floor":20.0},{"not_picked":["Perfected Strike","Iron Wave"],"picked":"Twin Strike","floor":20.0},{"not_picked":["Clothesline","Havoc+1","Hemokinesis"],"picked":"SKIP","floor":21.0},{"not_picked":["Intimidate","Clothesline"],"picked":"Evolve","floor":23.0},{"not_picked":["Rage","Headbutt"],"picked":"Feel No Pain","floor":24.0},{"not_picked":["Anger","Carnage"],"picked":"Shrug It Off","floor":28.0},{"not_picked":["Barricade","Brutality"],"picked":"Double Tap","floor":33.0},{"not_picked":["Rupture","Headbutt+1"],"picked":"Shrug It Off","floor":35.0},{"not_picked":["Rage","Pommel Strike"],"picked":"True Grit+1","floor":37.0},{"not_picked":["Warcry","Clash","Double Tap"],"picked":"SKIP","floor":39.0},{"not_picked":["Perfected Strike","Thunderclap"],"picked":"Bloodletting","floor":41.0}],"player_experience":1650732,"relics_obtained":[{"floor":8.0,"key":"CaptainsWheel"},{"floor":9.0,"key":"Self Forming Clay"},{"floor":13.0,"key":"Centennial Puzzle"},{"floor":23.0,"key":"Champion Belt"},{"floor":26.0,"key":"Kunai"},{"floor":28.0,"key":"Boot"},{"floor":41.0,"key":"Toy Ornithopter"},{"floor":43.0,"key":"Bronze Scales"}],"event_choices":[{"cards_removed":["Normality"],"damage_healed":0.0,"max_hp_gain":0.0,"max_hp_loss":0.0,"gold_gain":0.0,"event_name":"Purifier","player_choice":"Purged","floor":3.0,"gold_loss":0.0,"damage_taken":0.0},{"cards_removed":["Strike_R"],"damage_healed":0.0,"max_hp_gain":0.0,"max_hp_loss":0.0,"gold_gain":0.0,"event_name":"Golden Wing","player_choice":"Card Removal","floor":11.0,"gold_loss":0.0,"damage_taken":7.0},{"damage_healed":0.0,"max_hp_gain":0.0,"max_hp_loss":0.0,"gold_gain":0.0,"event_name":"Shining Light","player_choice":"Ignored","floor":14.0,"gold_loss":0.0,"damage_taken":0.0},{"damage_healed":0.0,"max_hp_gain":0.0,"max_hp_loss":0.0,"gold_gain":0.0,"event_name":"The Library","player_choice":"Read","floor":22.0,"gold_loss":0.0,"damage_taken":0.0,"cards_obtained":["Body Slam"]},{"damage_healed":0.0,"max_hp_gain":0.0,"max_hp_loss":23.0,"gold_gain":0.0,"event_name":"Vampires","player_choice":"Became a vampire","floor":29.0,"gold_loss":0.0,"damage_taken":0.0,"cards_obtained":["Bite","Bite","Bite","Bite","Bite"]},{"damage_healed":0.0,"max_hp_gain":0.0,"max_hp_loss":0.0,"gold_gain":0.0,"event_name":"Forgotten Altar","player_choice":"Smashed Altar","floor":31.0,"gold_loss":0.0,"damage_taken":0.0,"cards_obtained":["Decay"]},{"cards_removed":["Clash"],"damage_healed":0.0,"max_hp_gain":0.0,"max_hp_loss":0.0,"gold_gain":0.0,"event_name":"Wheel of Change","player_choice":"Card Removal","floor":36.0,"gold_loss":0.0,"damage_taken":0.0},{"damage_healed":0,"gold_gain":0,"player_choice":"Fight","damage_taken":0,"max_hp_gain":0,"max_hp_loss":0,"event_name":"Mysterious Sphere","floor":45,"gold_loss":0}],"is_beta":false,"boss_relics":[{"not_picked":["Calling Bell","Velvet Choker"],"picked":"Philosopher\u0027s Stone"},{"not_picked":["Pandora\u0027s Box","Black Blood"],"picked":"Astrolabe"}],"items_purged_floors":[38],"is_endless":false,"potions_floor_spawned":[2,5,7,8,20,21,23,24,35,39,41],"killed_by":"2 Orb Walkers","ascension_level":20}}