{"host":"pec1bvkeldr5yzx1","time":1612363327,"event":{"mods":["ATMod(°¢èªMod)","AchievementEnabler","Act Like it!","Aspiration","BaseMod","Better Altar","Better Match","Better Sensory Stone","Better Skull","Better Vampires","BetterRewards","Conspire","Dota2Spire","Energized Spire","Friendly Minions","GifTheSpireLib","Hubris","Minty Spire (QoL Compilation)","Replay The Spire","Spicy Shops","StSLib","Stuff the Spire","SuperFastMode","óô»ðÖ¸ÄÏ"],"gold_per_floor":[119,132,132,150,163,197,197,232,259,272,287,2,33,47,47,151,201,215,226,246,161,161,161],"floor_reached":22,"language":"ZHS","playtime":723,"items_purged":["Shame","Voices"],"score":328,"play_id":"05a854f4-c8e4-46f3-bb47-9f3f98d5702a","local_time":"20210203224207","is_ascension_mode":true,"campfire_choices":[{"floor":7.0,"key":"REST"},{"floor":15,"key":"REST"}],"circlet_count":0,"master_deck":["Strike_G","Strike_G","Strike_G","Strike_G","Strike_G","Defend_G","Defend_G","Defend_G","Defend_G","Defend_G","Survivor","Neutralize","AT_FamilyPortrait+1","Chrysalis","Accuracy","Dagger Spray","Slice","Footwork","Flying Knee","Infinite Blades","Flying Knee","Quick Slash","Dagger Spray","Grand Finale","Dagger Throw","Burst","ReplayTheSpireMod:Scrap Shanks","Poisoned Stab","Flying Knee","AT_WindFlip+1","AT_WindFlip+1"],"relics":["Ring of the Snake","AT_ATBox","Dota2Spire:DrumOfEndurance","hubris:CuriousFeather","Replay:Arrowhead","Ancient Tea Set","PreservedInsect","Orichalcum","AT_SpeedBoots","AT_SilvercatRing","ReplayTheSpireMod:CursedCoin","Dota2Spire:AghanimScepter","Tiny House","Prayer Wheel","Replay:Baseball"],"acts_visited":["Exordium","TheCity"],"potions_floor_usage":[14,14,22],"damage_taken":[{"damage":0.0,"enemies":"2 Louse","floor":1.0,"turns":3.0},{"damage":0.0,"enemies":"Cultist","floor":2.0,"turns":3.0},{"damage":0.0,"enemies":"Jaw Worm","floor":4.0,"turns":3.0},{"damage":8.0,"enemies":"3 Louse","floor":5.0,"turns":2.0},{"damage":13.0,"enemies":"3 Sentries","floor":6.0,"turns":5.0},{"damage":0.0,"enemies":"Gremlin Nob","floor":8.0,"turns":2.0},{"damage":10.0,"enemies":"Red Slaver","floor":10.0,"turns":3.0},{"damage":7.0,"enemies":"2 Fungi Beasts","floor":11.0,"turns":2.0},{"damage":5,"enemies":"Lagavulin","floor":13,"turns":4},{"damage":10,"enemies":"Exordium Thugs","floor":14,"turns":3},{"damage":0,"enemies":"Slime Boss","floor":16,"turns":5},{"damage":19,"enemies":"Spheric Guardian","floor":18,"turns":5},{"damage":30,"enemies":"Shell Parasite","floor":19,"turns":6},{"damage":19,"enemies":"Chosen and Byrds","floor":20,"turns":5},{"damage":14,"enemies":"Centurion and Healer","floor":22,"turns":2}],"seed_played":"1251634784749243024","potions_obtained":[{"floor":2.0,"key":"DistilledChaos"},{"floor":5.0,"key":"Regen Potion"},{"floor":11.0,"key":"Reflective Coating"},{"floor":14,"key":"Doom Potion"},{"floor":16,"key":"Block Potion"},{"floor":17,"key":"Ancient Potion"}],"is_trial":false,"path_per_floor":["M","M","?","M","M","E","R","E","T","M","M","$","E","M","R","B",null,"M","M","M","?","M"],"character_chosen":"THE_SILENT","items_purchased":["Dota2Spire:DrumOfEndurance","hubris:CuriousFeather","Chrysalis","Accuracy","AT_SilvercatRing","ReplayTheSpireMod:CursedCoin"],"campfire_rested":2,"item_purchase_floors":[0,0,0,0,12,12],"current_hp_per_floor":[38,38,38,38,30,17,38,38,38,28,21,21,16,15,36,36,75,56,26,7,7,0,0],"gold":161,"neow_bonus":"","is_daily":false,"chose_seed":false,"campfire_upgraded":0,"win_rate":0.0,"timestamp":1612363327,"path_taken":["M","M","?","M","M","E","R","E","T","M","?","$","E","?","R","BOSS","M","M","?","?","M"],"items_purchased_type":["Relic","Relic","Card","Card","Relic","Relic"],"build_version":"2020-12-22","purchased_purges":2,"victory":false,"max_hp_per_floor":[70,70,70,70,70,70,70,70,70,70,70,70,70,70,70,70,75,75,75,75,75,75,75],"card_choices":[{"not_picked":["StuffTheSpire:Python","Backflip"],"picked":"Dagger Spray","floor":1.0},{"not_picked":["Prepared","AT_WindFlip"],"picked":"Slice","floor":2.0},{"not_picked":["StuffTheSpire:BumpUp","StuffTheSpire:Python"],"picked":"Footwork","floor":4.0},{"not_picked":["Replay:Poison Smokescreen","Backstab"],"picked":"Flying Knee","floor":5.0},{"not_picked":["aspiration:Lunge","StuffTheSpire:BrimstoneBlast"],"picked":"Infinite Blades","floor":6.0},{"not_picked":["hubris:Counter","Toxin Wave"],"picked":"Flying Knee","floor":8.0},{"not_picked":["Underhanded Strike","AT_WindFlip"],"picked":"Quick Slash","floor":10.0},{"not_picked":["StuffTheSpire:Python","Draining Mist"],"picked":"Dagger Spray","floor":11.0},{"not_picked":["Bane","AT_WindRun"],"picked":"Grand Finale","floor":13},{"not_picked":["StuffTheSpire:BumpUp","ReplayTheSpireMod:Tripwire"],"picked":"Dagger Throw","floor":14},{"not_picked":["Envenom","Night Terror"],"picked":"Burst","floor":16},{"not_picked":["AT_KneejerkReflex","Well Laid Plans"],"picked":"ReplayTheSpireMod:Scrap Shanks","floor":17},{"not_picked":["Dagger Throw","StuffTheSpire:BumpUp"],"picked":"Poisoned Stab","floor":18},{"not_picked":["Sucker Punch","Acrobatics"],"picked":"Flying Knee","floor":19},{"not_picked":["Flying Knee","Quick Slash"],"picked":"AT_WindFlip+1","floor":20},{"not_picked":["StuffTheSpire:ClusterCrunch","Cloak And Dagger"],"picked":"AT_WindFlip+1","floor":20}],"player_experience":133458,"relics_obtained":[{"floor":6.0,"key":"Orichalcum"},{"floor":8.0,"key":"AT_SpeedBoots"},{"floor":13,"key":"Dota2Spire:AghanimScepter"}],"event_choices":[{"damage_healed":0.0,"max_hp_gain":0.0,"max_hp_loss":0.0,"gold_gain":0.0,"event_name":"WeMeetAgain","player_choice":"Gave Potion","floor":3.0,"gold_loss":0.0,"damage_taken":0.0,"relics_obtained":["PreservedInsect"]},{"damage_healed":0,"gold_gain":0,"player_choice":"Obtained Relic","damage_taken":0,"relics_obtained":["Replay:Baseball"],"max_hp_gain":0,"max_hp_loss":0,"event_name":"Addict","floor":21,"gold_loss":85}],"is_beta":false,"boss_relics":[{"not_picked":["conspire:SpecialSausage","aspiration:IroncladSkillbook"],"picked":"Tiny House"}],"items_purged_floors":[12,12],"is_endless":false,"potions_floor_spawned":[2,5,11,14,16,18],"killed_by":"Centurion and Healer","ascension_level":3}}