{"host":"1c52r9kaxdyo25eq","time":1612368105,"event":{"mods":["AchievementEnabler","BaseMod","DeckTracker","Minty Spire (QoL Compilation)","Rare Cards Sparkle","SuperFastMode","everything is the same but u backflip on backflip"],"gold_per_floor":[115,126,26,26,37,37,55,90,90,90,143,143,143,155,155,231,231,246,256,436,0,18,18,36,36,36,47,47,47,82,96,96,167,167,187,203,216,44,61,86,86,113,160,173,184,212,231,250,250,250,250],"floor_reached":50,"language":"KOR","playtime":1841,"items_purged":["Strike_G","Terror"],"score":1241,"play_id":"15f700bd-9b53-4dac-860b-2d0b6d3872e4","local_time":"20210204010145","is_ascension_mode":true,"campfire_choices":[{"data":"Masterful Stab","floor":6.0,"key":"SMITH"},{"floor":10.0,"key":"REST"},{"data":"Finisher","floor":12.0,"key":"SMITH"},{"data":"Blade Dance","floor":15.0,"key":"SMITH"},{"data":"Terror","floor":23.0,"key":"SMITH"},{"floor":28.0,"key":"REST"},{"floor":32.0,"key":"REST"},{"floor":41.0,"key":"REST"},{"floor":49.0,"key":"RECALL"}],"circlet_count":0,"master_deck":["AscendersBane","Survivor","Neutralize","Dagger Throw","Backflip","Quick Slash","Masterful Stab+1","Finisher+1","Blade Dance+1","Malaise","Phantasmal Killer","Dagger Spray","Predator","Terror+1","Backstab","Malaise","Calculated Gamble","Bouncing Flask","Grand Finale","Acrobatics","Acrobatics","Envenom","Prepared","Reflex","Concentrate"],"relics":["Ring of the Snake","Strawberry","Omamori","PreservedInsect","Vajra","Pandora\u0027s Box","Mango","HornCleat","Runic Pyramid","Toy Ornithopter","Singing Bowl","Centennial Puzzle","Regal Pillow","Gremlin Horn"],"acts_visited":["Exordium","TheCity","TheBeyond"],"potions_floor_usage":[50],"damage_taken":[{"damage":7.0,"enemies":"Small Slimes","floor":1.0,"turns":8.0},{"damage":19.0,"enemies":"Jaw Worm","floor":2.0,"turns":7.0},{"damage":0.0,"enemies":"2 Louse","floor":5.0,"turns":3.0},{"damage":8.0,"enemies":"Looter","floor":7.0,"turns":3.0},{"damage":22.0,"enemies":"Lagavulin","floor":8.0,"turns":4.0},{"damage":4.0,"enemies":"Lots of Slimes","floor":14.0,"turns":3.0},{"damage":17.0,"enemies":"Slime Boss","floor":16.0,"turns":8.0},{"damage":0.0,"enemies":"3 Byrds","floor":18.0,"turns":4.0},{"damage":17.0,"enemies":"Shell Parasite","floor":19.0,"turns":5.0},{"damage":4.0,"enemies":"3 Cultists","floor":22.0,"turns":3.0},{"damage":0.0,"enemies":"Snecko","floor":24.0,"turns":3.0},{"damage":0.0,"enemies":"Centurion and Healer","floor":27.0,"turns":2.0},{"damage":32.0,"enemies":"Book of Stabbing","floor":30.0,"turns":5.0},{"damage":0.0,"enemies":"Sentry and Sphere","floor":31.0,"turns":2.0},{"damage":18.0,"enemies":"Collector","floor":33.0,"turns":5.0},{"damage":0.0,"enemies":"3 Shapes","floor":35.0,"turns":2.0},{"damage":15.0,"enemies":"3 Darklings","floor":36.0,"turns":5.0},{"damage":10.0,"enemies":"Jaw Worm Horde","floor":37.0,"turns":3.0},{"damage":0.0,"enemies":"Sphere and 2 Shapes","floor":39.0,"turns":3.0},{"damage":27.0,"enemies":"Nemesis","floor":40.0,"turns":4.0},{"damage":1.0,"enemies":"Giant Head","floor":42.0,"turns":4.0},{"damage":5.0,"enemies":"Transient","floor":44.0,"turns":6.0},{"damage":0.0,"enemies":"3 Darklings","floor":45.0,"turns":1.0},{"damage":0.0,"enemies":"Nemesis","floor":46.0,"turns":3.0},{"damage":38.0,"enemies":"4 Shapes","floor":47.0,"turns":6.0},{"damage":0.0,"enemies":"Spire Growth","floor":48.0,"turns":2.0},{"damage":10,"enemies":"Awakened One","floor":50,"turns":5}],"seed_played":"-8688667041561733719","potions_obtained":[{"floor":5.0,"key":"EssenceOfSteel"},{"floor":7.0,"key":"DistilledChaos"},{"floor":16.0,"key":"LiquidMemories"},{"floor":22.0,"key":"PowerPotion"},{"floor":24.0,"key":"Strength Potion"},{"floor":31.0,"key":"Fire Potion"},{"floor":35.0,"key":"FearPotion"},{"floor":37.0,"key":"Block Potion"},{"floor":42.0,"key":"Fire Potion"},{"floor":47.0,"key":"Block Potion"},{"floor":48.0,"key":"EssenceOfSteel"}],"is_trial":false,"path_per_floor":["M","M","$","?","M","R","M","E","T","R","T","R","?","M","R","B",null,"M","M","?","$","M","R","M","?","T","M","R","?","E","M","R","B",null,"M","M","M","$","M","E","R","E","T","M","M","E","M","M","R","B"],"character_chosen":"THE_SILENT","items_purchased":["Quick Slash","Mango","Toy Ornithopter"],"campfire_rested":4,"item_purchase_floors":[3,21,38],"current_hp_per_floor":[59,40,40,33,33,33,25,3,3,24,24,24,24,20,20,3,56,56,39,20,34,30,30,30,30,30,30,56,56,24,24,50,32,73,73,58,48,48,48,28,54,55,55,55,57,59,23,28,28,23,23],"gold":250,"neow_bonus":"RANDOM_COMMON_RELIC","is_daily":false,"chose_seed":false,"campfire_upgraded":4,"win_rate":0.0,"timestamp":1612368105,"path_taken":["M","M","$","?","M","R","M","E","T","R","?","R","?","M","R","BOSS","M","M","?","$","?","R","M","?","T","M","R","?","E","M","R","BOSS","M","M","M","$","M","E","R","E","T","M","M","E","M","M","R","BOSS"],"items_purchased_type":["Card","Relic","Relic"],"build_version":"2020-12-22","purchased_purges":2,"victory":false,"max_hp_per_floor":[73,73,73,73,73,73,73,73,73,73,73,73,73,73,73,73,73,73,73,73,87,87,87,87,87,87,87,87,87,87,87,87,87,87,87,87,87,87,87,89,89,91,91,91,93,95,97,97,97,97,97],"card_choices":[{"not_picked":["Flying Knee","Prepared"],"picked":"Dagger Throw","floor":1.0},{"not_picked":["Slice","Distraction"],"picked":"Backflip","floor":2.0},{"not_picked":["Acrobatics","Dash"],"picked":"Masterful Stab","floor":5.0},{"not_picked":["Cloak And Dagger","Expertise"],"picked":"Finisher","floor":7.0},{"not_picked":["Cloak And Dagger","Sucker Punch"],"picked":"Blade Dance","floor":8.0},{"not_picked":["Slice","Finisher","All Out Attack"],"picked":"SKIP","floor":14.0},{"not_picked":["Venomology","Bullet Time"],"picked":"Malaise","floor":16.0},{"not_picked":["Cloak And Dagger","Caltrops+1"],"picked":"Calculated Gamble","floor":18.0},{"not_picked":["Poisoned Stab","Dodge and Roll+1"],"picked":"Bouncing Flask","floor":19.0},{"not_picked":["PiercingWail+1","Slice","Heel Hook"],"picked":"SKIP","floor":22.0},{"not_picked":["Finisher+1","Dodge and Roll","Sucker Punch+1"],"picked":"SKIP","floor":24.0},{"not_picked":["Poisoned Stab","Sucker Punch","Expertise"],"picked":"SKIP","floor":27.0},{"not_picked":["Backflip","Dagger Throw"],"picked":"Acrobatics","floor":30.0},{"not_picked":["Terror+1","Outmaneuver"],"picked":"Acrobatics","floor":31.0},{"not_picked":["Venomology","Doppelganger"],"picked":"Envenom","floor":33.0},{"not_picked":["Dodge and Roll","Caltrops","Sucker Punch+1"],"picked":"SKIP","floor":35.0},{"not_picked":["Acrobatics","Underhanded Strike","Blade Dance"],"picked":"SKIP","floor":36.0},{"not_picked":["Dagger Throw","Deadly Poison","Dash"],"picked":"SKIP","floor":37.0},{"not_picked":["Backflip","Dodge and Roll+1"],"picked":"Prepared","floor":39.0},{"not_picked":["Endless Agony","Skewer","Flying Knee"],"picked":"Singing Bowl","floor":40.0},{"not_picked":["Catalyst","Well Laid Plans+1","Venomology"],"picked":"Singing Bowl","floor":42.0},{"not_picked":["Calculated Gamble","Backstab+1"],"picked":"Reflex","floor":44.0},{"not_picked":["Dodge and Roll","Slice","Flying Knee"],"picked":"Singing Bowl","floor":45.0},{"not_picked":["Deflect","Bane+1","Cloak And Dagger"],"picked":"Singing Bowl","floor":46.0},{"not_picked":["Acrobatics","Dagger Spray","PiercingWail+1"],"picked":"Singing Bowl","floor":47.0},{"not_picked":["Prepared","PiercingWail"],"picked":"Concentrate","floor":48.0}],"player_experience":637908,"relics_obtained":[{"floor":8.0,"key":"Omamori"},{"floor":9.0,"key":"PreservedInsect"},{"floor":11.0,"key":"Vajra"},{"floor":30.0,"key":"HornCleat"},{"floor":40.0,"key":"Singing Bowl"},{"floor":42.0,"key":"Centennial Puzzle"},{"floor":43.0,"key":"Regal Pillow"},{"floor":46.0,"key":"Gremlin Horn"}],"event_choices":[{"cards_removed":["Defend_G"],"damage_healed":0.0,"max_hp_gain":0.0,"max_hp_loss":0.0,"gold_gain":0.0,"event_name":"Golden Wing","player_choice":"Card Removal","floor":4.0,"gold_loss":0.0,"damage_taken":7.0},{"cards_removed":["Defend_G"],"damage_healed":0.0,"max_hp_gain":0.0,"max_hp_loss":0.0,"gold_gain":0.0,"event_name":"Living Wall","player_choice":"Forget","floor":13.0,"gold_loss":0.0,"damage_taken":0.0},{"damage_healed":0.0,"max_hp_gain":0.0,"max_hp_loss":0.0,"gold_gain":180.0,"event_name":"Knowing Skull","player_choice":"GOLD GOLD ","floor":20.0,"potions_obtained":[],"gold_loss":0.0,"damage_taken":19.0,"cards_obtained":[]},{"damage_healed":0.0,"max_hp_gain":0.0,"max_hp_loss":0.0,"gold_gain":0.0,"event_name":"Match and Keep!","player_choice":"1 cards matched","floor":29.0,"gold_loss":0.0,"damage_taken":0.0,"cards_obtained":["Grand Finale"]}],"is_beta":false,"boss_relics":[{"not_picked":["Fusion Hammer","Tiny House"],"picked":"Pandora\u0027s Box"},{"not_picked":["Sozu","Black Star"],"picked":"Runic Pyramid"}],"items_purged_floors":[3,21],"is_endless":false,"potions_floor_spawned":[5,7,16,22,24,31,33,35,37,42,44,47,48],"killed_by":"Awakened One","ascension_level":20}}