{"host":"clf2hd4adhiiw0zf","time":1612331789,"event":{"mods":["AchievementEnabler","BaseMod","Beaked The Cultist","Bestiary","Dark Map","Downfall","Gremlin Mod","Hermit","Jorbs\u0027s Wanderer Trilogy","Marisa????????","Minty Spire (QoL Compilation)","Shop Mod","StSLib","The Cursed","The Servant 0.9.4","Wide Potions"],"gold_per_floor":[0,0,0,19,34,34,59,78,90,90,117,117,217,234,248,351,351,251,271,271,291,304,320,320,333,16,16,16,1,1,21,21,21,21],"floor_reached":32,"language":"ENG","playtime":1167,"items_purged":[],"score":268,"play_id":"1983cc12-5c2f-40ba-b9ed-eb171fc5f345","local_time":"20210202225629","is_ascension_mode":true,"campfire_choices":[{"data":"bronze:Library","floor":1,"key":"SMITH"},{"floor":6,"key":"RECALL"},{"data":"bronze:CleanCode","floor":10,"key":"SMITH"},{"data":"bronze:AlphaBuild","floor":18,"key":"SMITH"},{"floor":27,"key":"REST"},{"data":"bronze:FineTuning","floor":30,"key":"SMITH"}],"circlet_count":0,"master_deck":["bronze:Strike","bronze:Strike","bronze:Strike","bronze:Strike","bronze:Defend","bronze:Defend","bronze:Defend","bronze:Defend","bronze:Replicate","bronze:Goto","bronze:Library+1","CurseOfTheBell","CurseOfTheBell","bronze:CleanCode+1","bronze:ChildClass","bronze:Frontload","bronze:Branch","bronze:Boost+1","bronze:AlphaBuild+1","bronze:FineTuning+1","bronze:Break","bronze:Philosophize","bronze:Turbo+1","bronze:Shield","bronze:Terminator","bronze:Terminator","bronze:TinkerersToolbox","bronze:Terminator+1","bronze:Turbo+1"],"relics":["bronze:PlatinumCore","Vajra","downfall:ExtraCursedBell","Happy Flower","Ornamental Fan","Pocketwatch","Akabeko","PreservedInsect","downfall:HeartBlessingRed","FossilizedHelix","Torii","Pen Nib"],"acts_visited":["Exordium","TheCity"],"potions_floor_usage":[9,22,25],"damage_taken":[{"damage":3,"enemies":"Cultist","floor":4,"turns":4},{"damage":14,"enemies":"2 Louse","floor":5,"turns":2},{"damage":7,"enemies":"Jaw Worm","floor":8,"turns":3},{"damage":6,"enemies":"Gremlin Gang","floor":9,"turns":4},{"damage":7,"enemies":"Gremlin Nob","floor":11,"turns":5},{"damage":8,"enemies":"Blue Slaver","floor":14,"turns":3},{"damage":2,"enemies":"Large Slime","floor":15,"turns":5},{"damage":9,"enemies":"DF_ARCHETYPE_STREAMLINE","floor":16,"turns":9},{"damage":16,"enemies":"Shell Parasite","floor":19,"turns":3},{"damage":0,"enemies":"Spheric Guardian","floor":21,"turns":3},{"damage":7,"enemies":"Shelled Parasite and Fungi","floor":22,"turns":3},{"damage":10,"enemies":"Snecko","floor":23,"turns":7},{"damage":23,"enemies":"Centurion and Healer","floor":25,"turns":4},{"damage":0,"enemies":"downfall:FleeingMerchant","floor":26,"turns":4},{"damage":0,"enemies":"downfall:FleeingMerchant","floor":29,"turns":4},{"damage":0,"enemies":"3 Cultists","floor":31,"turns":6},{"damage":37,"enemies":"Shelled Parasite and Fungi","floor":32,"turns":2}],"seed_played":"-2461729964055759821","potions_obtained":[{"floor":5,"key":"SteroidPotion"},{"floor":8,"key":"ColorlessPotion"},{"floor":16,"key":"DuplicationPotion"},{"floor":23,"key":"Weak Potion"},{"floor":31,"key":"SpeedPotion"}],"is_trial":false,"path_per_floor":["R","?","?","M","M","R","T","M","M","R","E","?","?","M","M","B",null,"R","M","?","M","M","M","T","M","$","R","?","$","R","M","M"],"character_chosen":"THE_AUTOMATON","items_purchased":["Torii"],"campfire_rested":1,"item_purchase_floors":[26],"current_hp_per_floor":[70,70,70,67,53,53,53,46,40,40,33,33,33,25,23,14,70,70,54,54,54,47,37,37,14,14,35,35,35,35,35,0,0,0],"gold":21,"neow_bonus":"THREE_RARE_CARDS","is_daily":false,"chose_seed":false,"campfire_upgraded":4,"win_rate":0.0,"timestamp":1612331789,"path_taken":["R","?","?","M","M","R","T","?","?","R","E","?","?","M","M","BOSS","R","M","?","M","?","?","T","M","$","R","?","$","R","M","M"],"items_purchased_type":["Relic"],"build_version":"2020-12-22","purchased_purges":0,"victory":false,"max_hp_per_floor":[70,70,70,70,70,70,70,70,70,70,70,70,70,70,70,70,70,70,70,70,70,70,70,70,70,70,70,70,70,70,70,70,70,70],"card_choices":[{"not_picked":["bronze:Mutator","bronze:InfiniteLoop"],"picked":"bronze:Library","floor":0},{"not_picked":["bronze:BitShift","bronze:Safeguard"],"picked":"bronze:ChildClass","floor":4},{"not_picked":["bronze:BuggyMess","bronze:OilSpill"],"picked":"bronze:Frontload","floor":5},{"not_picked":["bronze:BitShift","bronze:WildBeam","bronze:WhirlingStrike"],"picked":"SKIP","floor":8},{"not_picked":["bronze:OilSpill","bronze:Shield"],"picked":"bronze:Branch","floor":9},{"not_picked":["bronze:DelayedSlice","bronze:Optimize"],"picked":"bronze:Boost","floor":11},{"not_picked":["bronze:Shield","bronze:Invalidate","bronze:DelayedGuard"],"picked":"SKIP","floor":14},{"not_picked":["bronze:OilSpill","bronze:BitShift"],"picked":"bronze:FineTuning","floor":15},{"not_picked":["bronze:ThunderWave","bronze:CleanCode"],"picked":"bronze:Break","floor":16},{"not_picked":["bronze:Separator","bronze:BitShift"],"picked":"bronze:Philosophize","floor":19},{"not_picked":["bronze:Return","bronze:BuggyMess"],"picked":"bronze:Turbo+1","floor":21},{"not_picked":["bronze:DelayedGuard","bronze:WildBeam+1"],"picked":"bronze:Shield","floor":22},{"not_picked":["bronze:Iterate","bronze:Optimize"],"picked":"bronze:Terminator","floor":23},{"not_picked":["bronze:Turbo","bronze:OilSpill"],"picked":"bronze:Terminator","floor":25},{"not_picked":["bronze:BitShift","bronze:Turbo"],"picked":"bronze:TinkerersToolbox","floor":26},{"not_picked":["bronze:OilSpill+1","bronze:Frontload"],"picked":"bronze:Terminator+1","floor":29},{"not_picked":["bronze:Deprecate","bronze:OilSpill"],"picked":"bronze:Turbo+1","floor":31}],"player_experience":184697,"relics_obtained":[{"floor":3,"key":"Happy Flower"},{"floor":3,"key":"Ornamental Fan"},{"floor":3,"key":"Pocketwatch"},{"floor":7,"key":"Akabeko"},{"floor":11,"key":"PreservedInsect"},{"floor":24,"key":"FossilizedHelix"}],"event_choices":[],"is_beta":false,"boss_relics":[{"not_picked":["Coffee Dripper","Black Star"],"picked":"bronze:PlatinumCore"}],"items_purged_floors":[],"is_endless":false,"potions_floor_spawned":[5,8,16,23,31],"killed_by":"Shelled Parasite and Fungi","ascension_level":2}}