{"host":"v380u9jqfq8325l5","time":1612385310,"event":{"mods":["BaseMod","Bestiary","BetterRewards","Colored Map","Colored Powertips","Curses Come First","Evolution","Halation","Hubris","Infinite Spire","Minty Spire (QoL Compilation)","Reliquary","Spire Arcade","StSLib","SuperFastMode"],"gold_per_floor":[117,132,132,132,143,143,171,171,243,257,108,108,139,156,156,232,232,249,249,174,174,188,188,221,221,270,287,297,323,334,352,352,426,426,439,439,450,450,464,494,494,505,574,574,594,594,604,624,624,624,624],"floor_reached":50,"language":"ENG","playtime":1121,"items_purged":["Defend_G","Survivor","Strike_G"],"score":1552,"play_id":"80676e1b-5d94-449e-b2aa-86917a37d96d","local_time":"20210203234830","is_ascension_mode":true,"campfire_choices":[{"data":"Blade Dance","floor":6,"key":"SMITH"},{"data":"Blade Dance","floor":8,"key":"SMITH"},{"data":"Panache","floor":15,"key":"SMITH"},{"data":"Cloak And Dagger","floor":23,"key":"SMITH"},{"data":"After Image","floor":25,"key":"SMITH"},{"data":"Finisher","floor":32,"key":"SMITH"},{"floor":41,"key":"DIG"},{"floor":46,"key":"REST"},{"floor":49,"key":"REST"}],"circlet_count":0,"master_deck":["AscendersBane","Dagger Throw","Strike_G","Strike_G","Defend_G","Defend_G","Defend_G","Neutralize+1","Panache+1","Infinite Blades","Blade Dance+1","Blade Dance+1","Cloak And Dagger+1","Finisher+1","Slice","After Image+1","Glass Knife","Die Die Die","Dagger Spray","Flash of Steel"],"relics":["Ring of the Snake","EVO:Axolotl","Unceasing Top","Omamori","Vajra","hubris:Metronome","Membership Card","StoneCalendar","Shovel","halation:LostSnail","infinitespire:Beetle Shell","Ice Cream","reliquary:IridiumChain","Nunchaku","reliquary:WritOfMandamus","hubris:Towel","infinitespire:Lucky Rock","infinitespire:Golems Mask","Blood Vial","reliquary:ExpiredCoupon","halation:ForbiddenBikini","Bag of Preparation","Pen Nib","Gremlin Horn"],"acts_visited":["Exordium","TheCity","TheBeyond"],"potions_floor_usage":[13],"damage_taken":[{"damage":0,"enemies":"Small Slimes","floor":1,"turns":3},{"damage":2,"enemies":"Jaw Worm","floor":2,"turns":3},{"damage":6,"enemies":"2 Louse","floor":5,"turns":3},{"damage":15,"enemies":"Lagavulin","floor":7,"turns":4},{"damage":0,"enemies":"Exordium Wildlife","floor":10,"turns":2},{"damage":0,"enemies":"Gremlin Nob","floor":13,"turns":1},{"damage":0,"enemies":"Blue Slaver","floor":14,"turns":1},{"damage":0,"enemies":"Slime Boss","floor":16,"turns":2},{"damage":0,"enemies":"Chosen","floor":18,"turns":1},{"damage":1,"enemies":"3 Byrds","floor":22,"turns":3},{"damage":9,"enemies":"Book of Stabbing","floor":24,"turns":2},{"damage":0,"enemies":"Centurion and Healer","floor":27,"turns":2},{"damage":19,"enemies":"Snecko","floor":28,"turns":6},{"damage":3,"enemies":"Slavers","floor":29,"turns":3},{"damage":21,"enemies":"Snake Plant","floor":30,"turns":3},{"damage":0,"enemies":"Centurion and Healer","floor":31,"turns":3},{"damage":11,"enemies":"hubris:MusketHawk","floor":33,"turns":3},{"damage":0,"enemies":"3 Darklings","floor":35,"turns":1},{"damage":24,"enemies":"3 Shapes","floor":37,"turns":2},{"damage":0,"enemies":"Jaw Worm Horde","floor":39,"turns":2},{"damage":17,"enemies":"Nemesis","floor":40,"turns":3},{"damage":18,"enemies":"Sphere and 2 Shapes","floor":42,"turns":3},{"damage":0,"enemies":"3 Darklings","floor":45,"turns":1},{"damage":0,"enemies":"Writhing Mass","floor":47,"turns":1},{"damage":18,"enemies":"Jaw Worm Horde","floor":48,"turns":2},{"damage":52,"enemies":"Time Eater","floor":50,"turns":4}],"seed_played":"-978651948275305099","potions_obtained":[{"floor":1,"key":"Explosive Potion"},{"floor":2,"key":"Dexterity Potion"},{"floor":13,"key":"Fruit Juice"},{"floor":18,"key":"DistilledChaos"}],"is_trial":false,"path_per_floor":["M","M","?","?","M","R","E","R","T","M","$","?","E","M","R","B",null,"M","?","?","T","M","R","E","R","T","M","M","E","M","M","R","B",null,"M","?","M","?","M","E","R","M","T","?","M","R","M","M","R","B"],"character_chosen":"THE_SILENT","items_purchased":["Omamori","Vajra","hubris:Metronome","Membership Card","Panache","Infinite Blades","halation:LostSnail","Nunchaku"],"campfire_rested":2,"item_purchase_floors":[0,0,0,0,0,0,0,11],"current_hp_per_floor":[59,57,52,52,46,46,31,31,31,31,31,31,36,36,36,36,62,62,62,62,62,61,61,52,52,52,54,37,36,17,19,19,10,56,58,58,36,36,38,23,23,7,7,7,9,29,31,15,35,0,0],"gold":624,"neow_bonus":"","is_daily":false,"chose_seed":false,"campfire_upgraded":6,"win_rate":0.0,"timestamp":1612385310,"path_taken":["M","M","?","?","M","R","E","R","T","M","?","?","E","M","R","BOSS","M","?","?","?","M","R","E","R","T","?","M","E","M","M","R","BOSS","M","?","M","?","?","E","R","M","T","?","M","R","M","M","R","BOSS"],"items_purchased_type":["Relic","Relic","Relic","Relic","Card","Card","Relic","Relic"],"build_version":"2020-12-22","purchased_purges":3,"victory":false,"max_hp_per_floor":[66,66,66,66,66,66,66,66,66,66,66,66,71,71,71,71,71,71,71,71,71,71,71,71,71,71,71,71,71,71,71,71,71,71,71,67,67,67,67,67,67,67,67,67,67,67,67,67,67,67,67],"card_choices":[{"not_picked":["Deflect","Deadly Poison"],"picked":"Blade Dance","floor":1},{"not_picked":["Bane","Sucker Punch","Accuracy"],"picked":"SKIP","floor":2},{"not_picked":["hubris:SlightOfHand","Prepared"],"picked":"Blade Dance","floor":5},{"not_picked":["Phantasmal Killer","PiercingWail"],"picked":"Cloak And Dagger","floor":7},{"not_picked":["Outmaneuver","Infinite Blades"],"picked":"Finisher","floor":10},{"not_picked":["Bane","Sucker Punch","Slice"],"picked":"SKIP","floor":13},{"not_picked":["Predator","PiercingWail"],"picked":"Slice","floor":14},{"not_picked":["Deflect","Outmaneuver","Sucker Punch+1"],"picked":"SKIP","floor":18},{"not_picked":["Infinite Blades","Riddle With Holes","Backflip+1"],"picked":"SKIP","floor":22},{"not_picked":["Sucker Punch","Acrobatics"],"picked":"After Image","floor":24},{"not_picked":["Well Laid Plans+1","Quick Slash","Bane"],"picked":"SKIP","floor":27},{"not_picked":["Poisoned Stab","Dagger Throw","Flechettes"],"picked":"SKIP","floor":28},{"not_picked":["All Out Attack","Dash"],"picked":"Glass Knife","floor":29},{"not_picked":["Masterful Stab","Catalyst","Deflect"],"picked":"SKIP","floor":30},{"not_picked":["Distraction","Prepared","Slice"],"picked":"SKIP","floor":31},{"not_picked":["Storm of Steel","Night Terror"],"picked":"Die Die Die","floor":33},{"not_picked":["Underhanded Strike","Prepared","Flying Knee"],"picked":"SKIP","floor":35},{"not_picked":["hubris:TrickCloak+1","Poisoned Stab","Well Laid Plans"],"picked":"SKIP","floor":37},{"not_picked":["Deadly Poison","Blur+1","Terror"],"picked":"SKIP","floor":39},{"not_picked":["Escape Plan+1","Acrobatics+1"],"picked":"Dagger Spray","floor":40},{"not_picked":["Dagger Spray","hubris:SlightOfHand","Dagger Throw+1"],"picked":"SKIP","floor":42},{"not_picked":["Thinking Ahead","Dark Shackles"],"picked":"Flash of Steel","floor":44},{"not_picked":["Dash","Bane","Leg Sweep"],"picked":"SKIP","floor":45},{"not_picked":["Acrobatics+1","Prepared+1","Escape Plan+1"],"picked":"SKIP","floor":47},{"not_picked":["Backflip","Underhanded Strike+1","Infinite Blades"],"picked":"SKIP","floor":48}],"player_experience":228473,"relics_obtained":[{"floor":7,"key":"Ice Cream"},{"floor":9,"key":"reliquary:IridiumChain"},{"floor":21,"key":"infinitespire:Lucky Rock"},{"floor":24,"key":"infinitespire:Golems Mask"},{"floor":26,"key":"Blood Vial"},{"floor":29,"key":"reliquary:ExpiredCoupon"},{"floor":40,"key":"Bag of Preparation"},{"floor":41,"key":"Pen Nib"},{"floor":43,"key":"Gremlin Horn"}],"event_choices":[{"damage_healed":0,"gold_gain":0,"player_choice":"Success","damage_taken":5,"relics_obtained":["infinitespire:Beetle Shell"],"max_hp_gain":0,"max_hp_loss":0,"event_name":"Scrap Ooze","floor":3,"gold_loss":0},{"cards_removed":["Defend_G"],"damage_healed":0,"gold_gain":0,"player_choice":"Gave Gold","damage_taken":0,"max_hp_gain":0,"max_hp_loss":0,"event_name":"Beggar","floor":20,"gold_loss":75},{"damage_healed":0,"gold_gain":0,"player_choice":"Max HP","damage_taken":0,"max_hp_gain":0,"max_hp_loss":4,"event_name":"Winding Halls","floor":36,"gold_loss":0},{"cards_removed":["Strike_G"],"damage_healed":0,"gold_gain":0,"player_choice":"Purged","damage_taken":0,"max_hp_gain":0,"max_hp_loss":0,"event_name":"Purifier","floor":38,"gold_loss":0},{"damage_healed":0,"gold_gain":0,"player_choice":"Memory 1","damage_taken":0,"max_hp_gain":0,"max_hp_loss":0,"event_name":"SensoryStone","floor":44,"gold_loss":0}],"is_beta":false,"boss_relics":[{"not_picked":["halation:LoveArrow","hubris:BlackHole"],"picked":"reliquary:WritOfMandamus"},{"not_picked":["hubris:Stopwatch","reliquary:Ember"],"picked":"halation:ForbiddenBikini"}],"items_purged_floors":[0,0,11],"is_endless":false,"potions_floor_spawned":[1,2,5,13,18,22,30,39,40],"killed_by":"Time Eater","ascension_level":20}}