{"host":"072lmn9sfokvtood","time":1612325214,"event":{"mods":["BaseMod","Colored Powertips","Curses Come First","Minty Spire (QoL Compilation)","StSLib"],"gold_per_floor":[119,134,134,64,139,139,166,178,178,178,194,225,225,235,235,337,337,357,368,368,59,59,87,52,52,52,65,96,96,96,106,106,202,202,215,215,265,279,51,51,51],"floor_reached":40,"language":"ENG","playtime":2812,"items_purged":["Strike_P"],"score":479,"play_id":"73f8fdf9-be20-4e19-88ae-43132539cc35","local_time":"20210202220654","is_ascension_mode":true,"campfire_choices":[{"floor":6,"key":"REST"},{"floor":13,"key":"REST"},{"floor":15,"key":"REST"},{"floor":25,"key":"RECALL"},{"floor":29,"key":"REST"},{"floor":32,"key":"REST"}],"circlet_count":0,"master_deck":["Strike_P+1","Strike_P+1","Defend_P","Defend_P","Eruption","Vigilance","Halt","FollowUp","FollowUp","BowlingBash","EmptyFist","FearNoEvil","Consecrate","ForeignInfluence","BowlingBash","MentalFortress","Establishment","ForeignInfluence+1","Crescendo","LikeWater","ForeignInfluence","ForeignInfluence","Establishment+1","BattleHymn+1","ClearTheMind+1","SandsOfTime","SandsOfTime","Wish","FlurryOfBlows+1","SpiritShield","Halt+1","LikeWater+1","BattleHymn+1","Protect"],"relics":["HolyWater","Bottled Flame","Pantograph","Kunai","Frozen Egg 2","The Courier","Orichalcum","Cursed Key","StoneCalendar"],"acts_visited":["Exordium","TheCity","TheBeyond"],"potions_floor_usage":[16,16,16,16,16,16,28,31,33,40],"damage_taken":[{"damage":1,"enemies":"Jaw Worm","floor":1,"turns":4},{"damage":0,"enemies":"Small Slimes","floor":2,"turns":4},{"damage":36,"enemies":"Lagavulin","floor":7,"turns":5},{"damage":0,"enemies":"Cultist","floor":8,"turns":2},{"damage":9,"enemies":"3 Louse","floor":11,"turns":2},{"damage":10,"enemies":"Gremlin Nob","floor":12,"turns":3},{"damage":3,"enemies":"2 Fungi Beasts","floor":14,"turns":3},{"damage":71,"enemies":"Hexaghost","floor":16,"turns":12},{"damage":11,"enemies":"3 Byrds","floor":18,"turns":5},{"damage":17,"enemies":"2 Thieves","floor":19,"turns":3},{"damage":28,"enemies":"Slavers","floor":23,"turns":3},{"damage":18,"enemies":"Snake Plant","floor":27,"turns":3},{"damage":9,"enemies":"Gremlin Leader","floor":28,"turns":4},{"damage":8,"enemies":"Snecko","floor":31,"turns":4},{"damage":62,"enemies":"Champ","floor":33,"turns":9},{"damage":50,"enemies":"3 Darklings","floor":35,"turns":5},{"damage":0,"enemies":"Mind Bloom Boss Battle","floor":37,"turns":4},{"damage":6,"enemies":"3 Shapes","floor":38,"turns":3},{"damage":51,"enemies":"Reptomancer","floor":40,"turns":2}],"seed_played":"7342909771363660105","potions_obtained":[{"floor":0,"key":"EntropicBrew"},{"floor":0,"key":"Energy Potion"},{"floor":0,"key":"Ambrosia"},{"floor":7,"key":"BlessingOfTheForge"},{"floor":19,"key":"Energy Potion"},{"floor":23,"key":"Fire Potion"},{"floor":27,"key":"SpeedPotion"},{"floor":35,"key":"StancePotion"}],"is_trial":false,"path_per_floor":["M","M","?","$","?","R","E","M","T","?","M","E","R","M","R","B",null,"M","M","?","$","?","E","$","R","T","M","E","R","?","M","R","B",null,"M","?","?","M","$","E"],"character_chosen":"WATCHER","items_purchased":["FollowUp","BowlingBash","Kunai","LikeWater","BattleHymn+1","LikeWater+1","BattleHymn+1","Protect"],"campfire_rested":5,"item_purchase_floors":[4,4,21,21,24,39,39,39],"current_hp_per_floor":[71,71,57,57,46,67,31,31,31,31,22,12,33,30,51,1,72,61,44,68,68,68,40,40,40,40,22,13,34,34,26,47,10,72,22,22,47,41,41,0,0],"gold":51,"neow_bonus":"THREE_SMALL_POTIONS","is_daily":false,"chose_seed":false,"campfire_upgraded":0,"win_rate":0.0,"timestamp":1612325214,"path_taken":["M","M","?","$","?","R","E","M","T","?","M","E","R","M","R","BOSS","M","M","?","$","?","E","?","R","T","?","E","R","?","M","R","BOSS","M","?","?","M","$","E"],"items_purchased_type":["Card","Card","Relic","Card","Card","Card","Card","Card"],"build_version":"2020-12-22","purchased_purges":1,"victory":false,"max_hp_per_floor":[72,72,72,72,72,72,72,72,72,72,72,72,72,72,72,72,72,72,72,72,72,72,72,72,72,72,72,72,72,72,72,72,72,72,72,72,72,72,72,72,72],"card_choices":[{"not_picked":["BowlingBash","Protect"],"picked":"Halt","floor":1},{"not_picked":["Swivel","FlyingSleeves"],"picked":"FollowUp","floor":2},{"not_picked":["CutThroughFate","Perseverance"],"picked":"EmptyFist","floor":7},{"not_picked":["EmptyBody","CarveReality"],"picked":"FearNoEvil","floor":8},{"not_picked":["FearNoEvil","Protect"],"picked":"ForeignInfluence","floor":11},{"not_picked":["Swivel","Weave"],"picked":"BowlingBash","floor":12},{"not_picked":["InnerPeace","FollowUp"],"picked":"MentalFortress","floor":14},{"not_picked":["Omniscience","Vault"],"picked":"Establishment","floor":16},{"not_picked":["WreathOfFlame","SashWhip"],"picked":"ForeignInfluence+1","floor":18},{"not_picked":["SandsOfTime","FearNoEvil"],"picked":"Crescendo","floor":19},{"not_picked":["EmptyBody","Fasting2+1"],"picked":"Establishment+1","floor":23},{"not_picked":["ThirdEye+1","FollowUp"],"picked":"ClearTheMind+1","floor":27},{"not_picked":["CutThroughFate+1","Crescendo"],"picked":"SandsOfTime","floor":28},{"not_picked":["Wireheading+1","CrushJoints"],"picked":"SandsOfTime","floor":31},{"not_picked":["Scrawl","Devotion+1"],"picked":"Wish","floor":33},{"not_picked":["Prostrate+1","ClearTheMind+1"],"picked":"FlurryOfBlows+1","floor":35},{"not_picked":["Perseverance","ThirdEye"],"picked":"SpiritShield","floor":37},{"not_picked":["Crescendo","FollowUp"],"picked":"Halt+1","floor":38}],"player_experience":254325,"relics_obtained":[{"floor":7,"key":"Bottled Flame"},{"floor":12,"key":"Pantograph"},{"floor":23,"key":"Frozen Egg 2"},{"floor":26,"key":"The Courier"},{"floor":28,"key":"Orichalcum"},{"floor":37,"key":"StoneCalendar"}],"event_choices":[{"damage_healed":0,"gold_gain":0,"player_choice":"Entered Light","damage_taken":14,"max_hp_gain":0,"max_hp_loss":0,"event_name":"Shining Light","floor":3,"gold_loss":0,"cards_upgraded":["Strike_P","Strike_P"]},{"damage_healed":0,"gold_gain":75,"player_choice":"Gather Gold","damage_taken":11,"max_hp_gain":0,"max_hp_loss":0,"event_name":"World of Goop","floor":5,"gold_loss":0},{"damage_healed":0,"gold_gain":0,"cards_transformed":["Defend_P"],"player_choice":"Change","damage_taken":0,"max_hp_gain":0,"max_hp_loss":0,"event_name":"Living Wall","floor":10,"gold_loss":0,"cards_obtained":["Consecrate"]},{"damage_healed":24,"gold_gain":0,"player_choice":"Heal","damage_taken":0,"max_hp_gain":0,"max_hp_loss":0,"event_name":"The Library","floor":20,"gold_loss":0},{"damage_healed":0,"gold_gain":0,"cards_transformed":["Defend_P","Strike_P"],"player_choice":"Became Test Subject","damage_taken":0,"max_hp_gain":0,"max_hp_loss":0,"event_name":"Drug Dealer","floor":22,"gold_loss":0,"cards_obtained":["ForeignInfluence","ForeignInfluence"]},{"damage_healed":0,"gold_gain":0,"player_choice":"Ignored","damage_taken":0,"max_hp_gain":0,"max_hp_loss":0,"event_name":"Vampires","floor":30,"gold_loss":0},{"damage_healed":0,"gold_gain":0,"player_choice":"Ignored","damage_taken":0,"max_hp_gain":0,"max_hp_loss":0,"event_name":"Mysterious Sphere","floor":36,"gold_loss":0},{"damage_healed":0,"gold_gain":0,"player_choice":"Fight","damage_taken":0,"max_hp_gain":0,"max_hp_loss":0,"event_name":"MindBloom","floor":37,"gold_loss":0}],"is_beta":false,"boss_relics":[{"not_picked":["Empty Cage","Black Star"],"picked":"HolyWater"},{"not_picked":["Sozu","Calling Bell"],"picked":"Cursed Key"}],"items_purged_floors":[39],"is_endless":false,"potions_floor_spawned":[1,7,8,19,23,27,35],"killed_by":"Reptomancer","ascension_level":1}}