{"host":"q8o6l8eqnoevndy4","time":1612338679,"event":{"mods":["AchievementEnabler","Act Like it!","AlwaysNeverKeys","Bard","BaseMod","Bestiary","Better Altar","Better Match","Better Note","Better Sensory Stone","Better Skull","Better Third Choice","Better Vampires","Better-Laid Plans","Booster Modes","Colored Map","Colored Powertips","Custom Start","Disable Question Mark Monsters","Displayed Cursed Tome","Friendly Minions","GifTheSpireLib","Hermit","Highlight Path","Infinite Spire","Keyboard Shortcuts","Minty Spire (QoL Compilation)","Permanent Neow","Quick Restart","Random Character Button","Random Character Mod","Rare Cards Sparkle","Relic Sorter","Relic Stats","Reliquary","Reorder Act Four","Spicy Shops","Spire Arcade","StSLib","The Blackbeard","The Gatherer","Transform Curses","Virulent Crown"],"gold_per_floor":[109,109,37,37,37,77,26,26,52,52,52,52,52,52,88,88,88,217,217,242,242,255,270,294,294,294,294,294,294,308,308,323,363,363,363,363,494,494,508,508,508,508,508,523,523,566,566,590,46,46,59,59,75,136,159,159,159,159,159,5,5,43,43,43],"floor_reached":63,"language":"ENG","playtime":2423,"items_purged":["Defend_G"],"score":786,"play_id":"d3da46c8-f4e1-4834-8837-0d71d98a39d1","local_time":"20210203015119","is_ascension_mode":false,"campfire_choices":[{"data":"infinitespire:Gouge","floor":8,"key":"SMITH"},{"data":"Dagger Spray","floor":10,"key":"SMITH"},{"floor":12,"key":"REST"},{"data":"Backstab","floor":14,"key":"SMITH"},{"data":"Neutralize","floor":16,"key":"SMITH"},{"data":"Flying Knee","floor":17,"key":"SMITH"},{"data":"Adrenaline","floor":25,"key":"SMITH"},{"data":"Flying Knee","floor":27,"key":"SMITH"},{"data":"Survivor","floor":31,"key":"SMITH"},{"floor":35,"key":"REST"},{"data":"Backflip","floor":36,"key":"SMITH"},{"data":"Deflect","floor":45,"key":"SMITH"},{"data":"Deflect","floor":47,"key":"SMITH"},{"data":"Deflect","floor":52,"key":"SMITH"},{"floor":56,"key":"RECALL"},{"data":"Choke","floor":57,"key":"SMITH"},{"data":"Flechettes","floor":61,"key":"SMITH"}],"circlet_count":0,"master_deck":["Strike_G","Strike_G","Strike_G+1","Defend_G+1","Defend_G","Defend_G","Survivor+1","Neutralize+1","Backstab+1","infinitespire:Gouge+1","Deflect+1","Dagger Spray+1","Flying Knee+1","Adrenaline+1","Flying Knee+1","Dagger Throw","Sucker Punch+1","Dagger Spray+1","Reflex+1","Backflip+1","Deflect+1","Doppelganger","Deflect+1","Deflect+1","Slice","Prepared","Survivor+1","Choke+1","Concentrate","Blur","Flechettes+1","Dagger Throw","Underhanded Strike+1","Predator+1"],"relics":["Ring of the Snake","NeowsBlessing","Golden Idol","OrangePellets","reliquary:Stiletto","Oddly Smooth Stone","Smiling Mask","HoveringKite","reliquary:NewFriend","Centennial Puzzle","Paper Crane","reliquary:TuningFork","Empty Cage","Turnip","Strange Spoon","reliquary:PartyBalloon","DollysMirror","Nunchaku","Tough Bandages","reliquary:PorcupineQuills","infinitespire:Magic Flask"],"acts_visited":["Exordium","TheCity","TheBeyond","TheEnding"],"potions_floor_usage":[62,63,63],"damage_taken":[{"damage":0,"enemies":"2 Louse","floor":1,"turns":1},{"damage":0,"enemies":"Lagavulin","floor":6,"turns":1},{"damage":0,"enemies":"Gremlin Nob","floor":15,"turns":1},{"damage":26,"enemies":"The Guardian","floor":18,"turns":10},{"damage":6,"enemies":"Chosen","floor":20,"turns":3},{"damage":0,"enemies":"Spheric Guardian","floor":22,"turns":1},{"damage":1,"enemies":"Shelled Parasite and Fungi","floor":23,"turns":3},{"damage":6,"enemies":"Centurion and Healer","floor":24,"turns":4},{"damage":6,"enemies":"Snake Plant","floor":30,"turns":2},{"damage":3,"enemies":"Snecko","floor":32,"turns":5},{"damage":17,"enemies":"Book of Stabbing","floor":33,"turns":4},{"damage":25,"enemies":"Champ","floor":37,"turns":9},{"damage":4,"enemies":"3 Shapes","floor":39,"turns":3},{"damage":5,"enemies":"3 Darklings","floor":44,"turns":3},{"damage":13,"enemies":"Nemesis","floor":46,"turns":7},{"damage":0,"enemies":"Jaw Worm Horde","floor":48,"turns":4},{"damage":3,"enemies":"Maw","floor":51,"turns":9},{"damage":4,"enemies":"Writhing Mass","floor":53,"turns":4},{"damage":1,"enemies":"2 Orb Walkers","floor":54,"turns":4},{"damage":0,"enemies":"Jaw Worm Horde","floor":55,"turns":4},{"damage":38,"enemies":"Awakened One","floor":58,"turns":24},{"damage":21,"enemies":"Shield and Spear","floor":62,"turns":8},{"damage":49,"enemies":"The Heart","floor":63,"turns":8}],"seed_played":"3187309510120806573","potions_obtained":[{"floor":15,"key":"Ancient Potion"},{"floor":23,"key":"Poison Potion"},{"floor":24,"key":"Swift Potion"},{"floor":32,"key":"CunningPotion"},{"floor":34,"key":"SmokeBomb"},{"floor":62,"key":"Strength Potion"}],"is_trial":false,"path_per_floor":["M","?","$","?","$","E","$","R","T","R","?","R","?","R","E","R","R","B",null,"M","AVR","M","M","M","R","?","R","T","T","M","R","M","E","?","R","R","B",null,"M","?","?","T","AVR","M","R","E","R","M","$","T","M","R","M","?","M","R","R","B",null,"$","R","E","B"],"character_chosen":"THE_SILENT","items_purchased":["OrangePellets","Dagger Spray","DollysMirror","Choke","Nunchaku","Concentrate","Blur","reliquary:PorcupineQuills"],"campfire_rested":2,"item_purchase_floors":[3,7,49,49,49,49,49,60],"current_hp_per_floor":[70,65,65,49,49,49,49,49,49,49,36,55,60,60,60,60,60,34,70,64,64,64,63,57,57,57,57,57,57,51,51,48,31,31,52,52,27,70,66,66,66,66,66,61,61,48,48,48,48,48,45,45,41,40,40,40,40,2,70,70,70,49,0,0],"gold":43,"neow_bonus":"THREE_ENEMY_KILL","is_daily":false,"chose_seed":false,"campfire_upgraded":14,"win_rate":0.0,"timestamp":1612338679,"path_taken":["M","?","$","?","$","E","?","R","T","R","?","R","?","R","E","R","R","BOSS","M","AVR","M","M","M","R","?","R","T","T","M","R","M","E","?","R","R","BOSS","M","?","?","?","AVR","M","R","E","R","M","$","T","M","R","M","?","M","R","R","BOSS","$","R","E","BOSS"],"items_purchased_type":["Relic","Card","Relic","Card","Relic","Card","Card","Relic"],"build_version":"2020-12-22","purchased_purges":1,"victory":false,"max_hp_per_floor":[70,65,65,65,65,65,65,65,65,65,65,65,70,70,70,70,70,70,70,70,70,70,70,70,70,70,70,70,70,70,70,70,70,70,70,70,70,70,70,70,70,70,70,70,70,70,70,70,70,70,70,70,70,70,70,70,70,70,70,70,70,70,70,70],"relic_stats":{"OrangePellets":[0],"Strange Spoon":[19],"Centennial Puzzle":[39],"Nunchaku":[19],"Tough Bandages":[114],"counters":[23,122],"Golden Idol":172,"HoveringKite":[58],"Turnip":[5],"Smiling Mask":0,"obtain_stats":[{"NeowsBlessing":0,"Golden Idol":2,"reliquary:PartyBalloon":46,"Oddly Smooth Stone":9,"HoveringKite":19,"infinitespire:Magic Flask":62,"Paper Crane":29,"Smiling Mask":15,"Empty Cage":38,"OrangePellets":3,"Strange Spoon":43,"Centennial Puzzle":28,"Nunchaku":49,"Tough Bandages":54,"reliquary:PorcupineQuills":60,"DollysMirror":49,"reliquary:NewFriend":21,"reliquary:Stiletto":6,"Turnip":42,"reliquary:TuningFork":33,"Ring of the Snake":0},{"NeowsBlessing":0,"Golden Idol":1,"reliquary:PartyBalloon":15,"Oddly Smooth Stone":2,"HoveringKite":4,"infinitespire:Magic Flask":22,"Paper Crane":8,"Smiling Mask":3,"Empty Cage":12,"OrangePellets":1,"Strange Spoon":13,"Centennial Puzzle":8,"Nunchaku":16,"Tough Bandages":19,"reliquary:PorcupineQuills":21,"DollysMirror":16,"reliquary:NewFriend":5,"reliquary:Stiletto":2,"Turnip":13,"reliquary:TuningFork":11,"Ring of the Snake":0},{"NeowsBlessing":0,"Golden Idol":1,"reliquary:PartyBalloon":57,"Oddly Smooth Stone":2,"HoveringKite":13,"infinitespire:Magic Flask":114,"Paper Crane":24,"Smiling Mask":3,"Empty Cage":44,"OrangePellets":1,"Strange Spoon":47,"Centennial Puzzle":24,"Nunchaku":61,"Tough Bandages":78,"reliquary:PorcupineQuills":106,"DollysMirror":61,"reliquary:NewFriend":16,"reliquary:Stiletto":2,"Turnip":47,"reliquary:TuningFork":35,"Ring of the Snake":0}],"Ring of the Snake":[46]},"card_choices":[{"not_picked":["Eviscerate","Underhanded Strike"],"picked":"Backstab","floor":1},{"not_picked":["infinitespire:DeathsTouch","infinitespire:FinalStrike"],"picked":"infinitespire:Gouge","floor":4},{"not_picked":["Eviscerate","Acrobatics"],"picked":"Deflect","floor":6},{"not_picked":["Poisoned Stab","Flechettes"],"picked":"Flying Knee","floor":15},{"not_picked":["Unload","Glass Knife"],"picked":"Adrenaline","floor":18},{"not_picked":["Dash","Cloak And Dagger"],"picked":"Flying Knee","floor":20},{"not_picked":["Deflect","Dagger Spray"],"picked":"Dagger Throw","floor":22},{"not_picked":["Bane+1","Quick Slash"],"picked":"Sucker Punch+1","floor":23},{"not_picked":["Flying Knee","Concentrate"],"picked":"Dagger Spray","floor":24},{"not_picked":["Tactician+1","Outmaneuver"],"picked":"Reflex+1","floor":30},{"not_picked":["Underhanded Strike","Setup+1"],"picked":"Backflip","floor":32},{"not_picked":["Tools of the Trade","Bane"],"picked":"Deflect","floor":33},{"not_picked":["Venomology","Corpse Explosion"],"picked":"Doppelganger","floor":37},{"not_picked":["Finisher+1","Slice"],"picked":"Deflect+1","floor":39},{"not_picked":["Poisoned Stab","Flying Knee"],"picked":"Deflect","floor":44},{"not_picked":["Sucker Punch","Well Laid Plans"],"picked":"Slice","floor":46},{"not_picked":["Slice+1","Deadly Poison+1"],"picked":"Prepared","floor":48},{"not_picked":["Outmaneuver+1","Finisher+1"],"picked":"Flechettes","floor":51},{"not_picked":["Burst","Distraction+1"],"picked":"Dagger Throw","floor":53},{"not_picked":["Prepared","Acrobatics+1"],"picked":"Underhanded Strike+1","floor":55},{"not_picked":["Sucker Punch+1","Flying Knee+1"],"picked":"Predator+1","floor":62}],"player_experience":1144387,"relics_obtained":[{"floor":6,"key":"reliquary:Stiletto"},{"floor":9,"key":"Oddly Smooth Stone"},{"floor":15,"key":"Smiling Mask"},{"floor":28,"key":"Centennial Puzzle"},{"floor":29,"key":"Paper Crane"},{"floor":33,"key":"reliquary:TuningFork"},{"floor":42,"key":"Turnip"},{"floor":46,"key":"reliquary:PartyBalloon"},{"floor":54,"key":"Tough Bandages"},{"floor":62,"key":"infinitespire:Magic Flask"}],"event_choices":[{"damage_healed":0,"gold_gain":0,"player_choice":"Lose Max HP","damage_taken":0,"relics_obtained":["Golden Idol"],"max_hp_gain":0,"max_hp_loss":5,"event_name":"Golden Idol","floor":2,"gold_loss":0},{"damage_healed":49,"gold_gain":0,"player_choice":"Upgrade","damage_taken":13,"max_hp_gain":0,"max_hp_loss":65,"event_name":"betterThird:BetterShining","floor":11,"gold_loss":0,"cards_upgraded":["Strike_G","Defend_G"]},{"damage_healed":0,"gold_gain":0,"player_choice":"Donut","damage_taken":0,"max_hp_gain":5,"max_hp_loss":0,"event_name":"Big Fish","floor":13,"gold_loss":0},{"damage_healed":0,"gold_gain":0,"player_choice":"Upgraded","damage_taken":0,"max_hp_gain":0,"max_hp_loss":0,"event_name":"Upgrade Shrine","floor":26,"gold_loss":0,"cards_upgraded":["Dagger Spray"]},{"damage_healed":0,"gold_gain":0,"player_choice":"Got Potions","damage_taken":0,"max_hp_gain":0,"max_hp_loss":0,"event_name":"Lab","floor":34,"gold_loss":0},{"damage_healed":0,"gold_gain":0,"player_choice":"Ignored","damage_taken":0,"max_hp_gain":0,"max_hp_loss":0,"event_name":"Tomb of Lord Red Mask","floor":40,"gold_loss":0},{"cards_removed":["Strike_G"],"damage_healed":0,"gold_gain":0,"player_choice":"Removed Attack","damage_taken":0,"max_hp_gain":0,"max_hp_loss":0,"event_name":"Falling","floor":41,"gold_loss":0},{"damage_healed":0,"gold_gain":0,"player_choice":"Fight","damage_taken":0,"max_hp_gain":0,"max_hp_loss":0,"event_name":"Mysterious Sphere","floor":54,"gold_loss":0}],"is_beta":false,"boss_relics":[{"not_picked":["reliquary:Ember","Snecko Eye"],"picked":"HoveringKite"},{"not_picked":["reliquary:RedCape","SlaversCollar"],"picked":"Empty Cage"}],"items_purged_floors":[21],"is_endless":false,"potions_floor_spawned":[15,23,24,32,46,51,55,62],"killed_by":"The Heart","ascension_level":0}}