{"host":"vhvubw4jk4f204qs","time":1612380212,"event":{"mods":["AchievementEnabler","BaseMod","DeckTracker","GifTheSpireLib","Googly Eyes","Minty Spire (QoL Compilation)","Permanent Neow","Quick Restart","StSLib","SuperFastMode","The IronCluck","slay the spire mod where everything is the same but ironclad has a cowboy hat"],"gold_per_floor":[116,128,141,141,141,172,186,224,224,224,224,224,251,251,251],"floor_reached":14,"language":"ENG","playtime":516,"items_purged":[],"score":135,"play_id":"8a5be7df-5964-42d7-89be-3c5dc603a9dc","local_time":"20210203142332","is_ascension_mode":true,"campfire_choices":[{"data":"Combust","floor":10,"key":"SMITH"},{"data":"Pommel Strike","floor":12,"key":"SMITH"}],"circlet_count":0,"master_deck":["Strike_R","Strike_R","Strike_R","Strike_R","Defend_R","Defend_R","Defend_R","Defend_R","Bash","Swift Strike","Combust+1","Headbutt","Uppercut","Pommel Strike+1","Whirlwind","Headbutt"],"relics":["Burning Blood","Golden Idol","Pear","Boot","CeramicFish","CultistMask"],"acts_visited":["Exordium"],"potions_floor_usage":[6,14],"damage_taken":[{"damage":3,"enemies":"2 Louse","floor":1,"turns":3},{"damage":4,"enemies":"Small Slimes","floor":2,"turns":2},{"damage":2,"enemies":"Cultist","floor":3,"turns":3},{"damage":22,"enemies":"Lagavulin","floor":6,"turns":5},{"damage":9,"enemies":"Lots of Slimes","floor":7,"turns":2},{"damage":20,"enemies":"Gremlin Nob","floor":8,"turns":4},{"damage":12,"enemies":"2 Fungi Beasts","floor":13,"turns":3},{"damage":2,"enemies":"Lagavulin","floor":14,"turns":2}],"seed_played":"6844367697600905255","potions_obtained":[{"floor":1,"key":"Block Potion"},{"floor":7,"key":"Dexterity Potion"},{"floor":13,"key":"ElixirPotion"}],"is_trial":false,"path_per_floor":["M","M","M","?","?","E","M","E","T","R","?","R","M","E"],"character_chosen":"IRONCLAD","items_purchased":[],"campfire_rested":0,"item_purchase_floors":[],"current_hp_per_floor":[75,77,80,73,53,47,44,30,30,30,30,30,24,22,22],"gold":251,"neow_bonus":"RANDOM_COLORLESS","is_daily":false,"chose_seed":false,"campfire_upgraded":2,"win_rate":0.0,"timestamp":1612380212,"path_taken":["M","M","M","?","?","E","M","E","T","R","?","R","M","E"],"items_purchased_type":[],"build_version":"2020-12-22","purchased_purges":0,"victory":false,"max_hp_per_floor":[80,80,80,80,80,90,90,90,90,90,90,90,90,90,90],"card_choices":[{"not_picked":["Impatience","Enlightenment"],"picked":"Swift Strike","floor":0},{"not_picked":["Thunderclap","Uppercut"],"picked":"Combust","floor":1},{"not_picked":["Entrench","Perfected Strike"],"picked":"Headbutt","floor":2},{"not_picked":["Heavy Blade","Iron Wave"],"picked":"Uppercut","floor":3},{"not_picked":["Perfected Strike","Infernal Blade","Clothesline"],"picked":"SKIP","floor":6},{"not_picked":["Pummel","Armaments"],"picked":"Pommel Strike","floor":7},{"not_picked":["Headbutt","Second Wind"],"picked":"Whirlwind","floor":8},{"not_picked":["Infernal Blade","Dropkick"],"picked":"Headbutt","floor":13}],"player_experience":764149,"relics_obtained":[{"floor":6,"key":"Pear"},{"floor":8,"key":"Boot"},{"floor":9,"key":"CeramicFish"}],"event_choices":[{"cards_removed":["Strike_R"],"damage_healed":0,"gold_gain":0,"player_choice":"Card Removal","damage_taken":7,"max_hp_gain":0,"max_hp_loss":0,"event_name":"Golden Wing","floor":4,"gold_loss":0},{"damage_healed":0,"gold_gain":0,"player_choice":"Take Damage","damage_taken":20,"relics_obtained":["Golden Idol"],"max_hp_gain":0,"max_hp_loss":0,"event_name":"Golden Idol","floor":5,"gold_loss":0},{"damage_healed":0,"gold_gain":0,"player_choice":"Trade","damage_taken":0,"relics_obtained":["CultistMask"],"max_hp_gain":0,"max_hp_loss":0,"event_name":"FaceTrader","floor":11,"gold_loss":0}],"is_beta":false,"boss_relics":[],"items_purged_floors":[],"is_endless":false,"potions_floor_spawned":[1,7,13],"killed_by":"Lagavulin","ascension_level":7}}