{"host":"6kyqgln1ip325a4v","time":1612322445,"event":{"mods":["BaseMod","Minty Spire (QoL Compilation)"],"gold_per_floor":[114,114,129,7,17,51,51,82,82,101,101,101,128,78,78,175,175,185,202,217,217,233,267,286,340,340,340,340,356,387,84,84,183,183,196,196,209,228,80,110,110,120,145,145,179,33,59,79,79,79,79,79,28,56,56,56],"floor_reached":55,"language":"ENG","playtime":4300,"items_purged":["Defend_G"],"score":971,"play_id":"12479c4e-603c-4820-9d13-81e1ca4d99f7","local_time":"20210202222045","is_ascension_mode":true,"campfire_choices":[{"data":"Noxious Fumes","floor":7,"key":"SMITH"},{"data":"Bane","floor":11,"key":"SMITH"},{"data":"Dash","floor":15,"key":"SMITH"},{"data":"Dash","floor":27,"key":"SMITH"},{"data":"Bane","floor":32,"key":"SMITH"},{"data":"Bane","floor":41,"key":"SMITH"},{"floor":44,"key":"RECALL"},{"data":"Poisoned Stab","floor":49,"key":"SMITH"},{"data":"Caltrops","floor":52,"key":"SMITH"}],"circlet_count":0,"master_deck":["Strike_G","Strike_G","Strike_G","Defend_G+1","Defend_G","Defend_G+1","Survivor","Neutralize","CurseOfTheBell","Noxious Fumes+1","Bane+1","Poisoned Stab+1","Leg Sweep+1","Doppelganger+1","Acrobatics+1","Deflect+1","Dash+1","Phantasmal Killer+1","PiercingWail+1","Bane+1","Slice","Necronomicurse","Dash+1","Bane+1","Backstab","Outmaneuver+1","Caltrops+1","Adrenaline+1","Burst+1","Outmaneuver+1","Footwork+1","Phantasmal Killer+1","Bane+1","Blur+1"],"relics":["Calling Bell","Anchor","Toxic Egg 2","Pocketwatch","Pen Nib","Meat on the Bone","Vajra","Kunai","SlaversCollar","Necronomicon","TungstenRod","Art of War","Mercury Hourglass","Centennial Puzzle","Strawberry","Busted Crown","DollysMirror","Oddly Smooth Stone","Omamori","Nunchaku","Snake Skull","War Paint"],"acts_visited":["Exordium","TheCity","TheBeyond","TheEnding"],"potions_floor_usage":[3,16,16,22,24,25,30,33,40,45,54,54,55],"damage_taken":[{"damage":0,"enemies":"Jaw Worm","floor":1,"turns":6},{"damage":4,"enemies":"Cultist","floor":3,"turns":4},{"damage":0,"enemies":"2 Louse","floor":5,"turns":3},{"damage":2,"enemies":"Lagavulin","floor":6,"turns":8},{"damage":9,"enemies":"3 Sentries","floor":8,"turns":7},{"damage":0,"enemies":"2 Fungi Beasts","floor":10,"turns":5},{"damage":0,"enemies":"Lagavulin","floor":13,"turns":4},{"damage":6,"enemies":"Hexaghost","floor":16,"turns":8},{"damage":0,"enemies":"3 Byrds","floor":18,"turns":4},{"damage":19,"enemies":"Spheric Guardian","floor":19,"turns":4},{"damage":1,"enemies":"3 Cultists","floor":20,"turns":4},{"damage":13,"enemies":"Shelled Parasite and Fungi","floor":22,"turns":5},{"damage":12,"enemies":"Gremlin Leader","floor":23,"turns":7},{"damage":0,"enemies":"Snake Plant","floor":24,"turns":2},{"damage":12,"enemies":"Slavers","floor":25,"turns":5},{"damage":11,"enemies":"Centurion and Healer","floor":29,"turns":4},{"damage":1,"enemies":"Book of Stabbing","floor":30,"turns":3},{"damage":20,"enemies":"Automaton","floor":33,"turns":8},{"damage":0,"enemies":"3 Shapes","floor":35,"turns":4},{"damage":7,"enemies":"Orb Walker","floor":37,"turns":3},{"damage":1,"enemies":"Jaw Worm Horde","floor":38,"turns":4},{"damage":5,"enemies":"Giant Head","floor":40,"turns":7},{"damage":0,"enemies":"Transient","floor":42,"turns":5},{"damage":0,"enemies":"Reptomancer","floor":45,"turns":7},{"damage":0,"enemies":"Giant Head","floor":47,"turns":6},{"damage":0,"enemies":"Spire Growth","floor":48,"turns":3},{"damage":14,"enemies":"Donu and Deca","floor":50,"turns":7},{"damage":6,"enemies":"Shield and Spear","floor":54,"turns":5},{"damage":86,"enemies":"The Heart","floor":55,"turns":8}],"seed_played":"-4758950058946161286","potions_obtained":[{"floor":1,"key":"Poison Potion"},{"floor":6,"key":"Dexterity Potion"},{"floor":13,"key":"DuplicationPotion"},{"floor":20,"key":"SteroidPotion"},{"floor":23,"key":"SteroidPotion"},{"floor":24,"key":"ColorlessPotion"},{"floor":29,"key":"CunningPotion"},{"floor":30,"key":"Fire Potion"},{"floor":35,"key":"Strength Potion"},{"floor":45,"key":"Fruit Juice"},{"floor":47,"key":"Block Potion"}],"is_trial":false,"path_per_floor":["M","?","M","$","M","E","R","E","T","M","R","?","E","?","R","B",null,"M","M","M","?","M","E","M","E","T","R","?","M","E","$","R","B",null,"M","?","M","M","$","E","R","M","T","R","E","$","E","M","R","B",null,"R","$","E","B"],"character_chosen":"THE_SILENT","items_purchased":["Poisoned Stab","Strawberry","Adrenaline+1","DollysMirror","Nunchaku","FearPotion"],"campfire_rested":0,"item_purchase_floors":[4,31,31,39,46,53],"current_hp_per_floor":[70,70,66,66,66,64,64,55,55,55,55,55,55,55,55,49,70,70,51,50,34,33,33,45,45,45,45,35,36,47,54,54,46,77,77,77,70,69,69,64,64,64,64,64,69,69,69,69,69,55,82,82,82,76,0,0],"gold":56,"neow_bonus":"BOSS_RELIC","is_daily":false,"chose_seed":false,"campfire_upgraded":8,"win_rate":0.0,"timestamp":1612322445,"path_taken":["M","?","M","?","M","E","R","E","T","M","R","?","E","?","R","BOSS","M","M","M","?","M","E","M","E","T","R","?","?","E","$","R","BOSS","M","?","?","M","?","E","R","M","T","R","E","$","E","M","R","BOSS","R","$","E","BOSS"],"items_purchased_type":["Card","Relic","Card","Relic","Relic","Potion"],"build_version":"2020-12-22","purchased_purges":1,"victory":false,"max_hp_per_floor":[70,70,70,70,70,70,70,70,70,70,70,70,70,70,70,70,70,70,70,70,70,70,70,70,70,70,70,70,70,70,77,77,77,77,77,77,77,77,77,77,77,77,77,77,82,82,82,82,82,82,82,82,82,82,82,82],"card_choices":[{"not_picked":["Caltrops","Dodge and Roll+1"],"picked":"Noxious Fumes","floor":1},{"not_picked":["Quick Slash","Poisoned Stab"],"picked":"Bane","floor":3},{"not_picked":["Cloak And Dagger+1","Sucker Punch"],"picked":"Leg Sweep+1","floor":5},{"not_picked":["Sucker Punch","Prepared+1"],"picked":"Doppelganger+1","floor":6},{"not_picked":["Escape Plan+1","Poisoned Stab"],"picked":"Acrobatics+1","floor":8},{"not_picked":["Dagger Throw","Slice"],"picked":"Deflect+1","floor":10},{"not_picked":["Sucker Punch","Quick Slash"],"picked":"Dash","floor":13},{"not_picked":["Tools of the Trade","Night Terror+1"],"picked":"Phantasmal Killer+1","floor":16},{"not_picked":["Caltrops","Quick Slash"],"picked":"PiercingWail+1","floor":18},{"not_picked":["Sucker Punch+1","Choke+1"],"picked":"Bane","floor":19},{"not_picked":["Cloak And Dagger+1","Acrobatics+1"],"picked":"Slice","floor":20},{"not_picked":["Finisher","Choke","Bouncing Flask+1"],"picked":"SKIP","floor":22},{"not_picked":["Envenom","Poisoned Stab"],"picked":"Dash","floor":23},{"not_picked":["Heel Hook","Dodge and Roll+1"],"picked":"Bane","floor":24},{"not_picked":["Crippling Poison+1","Backflip+1"],"picked":"Backstab","floor":25},{"not_picked":["Riddle With Holes","Deadly Poison+1"],"picked":"Outmaneuver+1","floor":29},{"not_picked":["Blade Dance+1","Crippling Poison+1"],"picked":"Caltrops","floor":30},{"not_picked":["Grand Finale","Venomology+1"],"picked":"Burst+1","floor":33},{"not_picked":[],"picked":"Outmaneuver+1","floor":35},{"not_picked":[],"picked":"Footwork+1","floor":37},{"not_picked":["Backflip+1"],"picked":"SKIP","floor":38},{"not_picked":["Bouncing Flask+1"],"picked":"SKIP","floor":40},{"not_picked":["Dagger Throw"],"picked":"SKIP","floor":42},{"not_picked":[],"picked":"Bane+1","floor":45},{"not_picked":["Unload"],"picked":"SKIP","floor":47},{"not_picked":["Dodge and Roll+1"],"picked":"SKIP","floor":48},{"not_picked":[],"picked":"Blur+1","floor":54}],"player_experience":166055,"relics_obtained":[{"floor":0,"key":"Anchor"},{"floor":0,"key":"Toxic Egg 2"},{"floor":0,"key":"Pocketwatch"},{"floor":6,"key":"Pen Nib"},{"floor":8,"key":"Meat on the Bone"},{"floor":9,"key":"Vajra"},{"floor":13,"key":"Kunai"},{"floor":21,"key":"Necronomicon"},{"floor":23,"key":"TungstenRod"},{"floor":25,"key":"Art of War"},{"floor":26,"key":"Mercury Hourglass"},{"floor":30,"key":"Centennial Puzzle"},{"floor":40,"key":"Oddly Smooth Stone"},{"floor":45,"key":"Omamori"},{"floor":47,"key":"Snake Skull"},{"floor":54,"key":"War Paint"}],"event_choices":[{"cards_removed":["Strike_G"],"damage_healed":0,"gold_gain":0,"player_choice":"Purged","damage_taken":0,"max_hp_gain":0,"max_hp_loss":0,"event_name":"Purifier","floor":2,"gold_loss":0},{"damage_healed":0,"gold_gain":0,"player_choice":"Ignored","damage_taken":0,"max_hp_gain":0,"max_hp_loss":0,"event_name":"Liars Game","floor":12,"gold_loss":0},{"cards_removed":["Strike_G"],"damage_healed":0,"gold_gain":0,"player_choice":"Card Removal","damage_taken":0,"max_hp_gain":0,"max_hp_loss":0,"event_name":"The Cleric","floor":14,"gold_loss":50},{"damage_healed":0,"gold_gain":0,"player_choice":"Obtained Book","damage_taken":16,"max_hp_gain":0,"max_hp_loss":0,"event_name":"Cursed Tome","floor":21,"gold_loss":0},{"damage_healed":0,"gold_gain":0,"player_choice":"POTION ","damage_taken":12,"max_hp_gain":0,"max_hp_loss":0,"event_name":"Knowing Skull","floor":28,"potions_obtained":["Ancient Potion"],"gold_loss":0,"cards_obtained":[]},{"cards_removed":["Defend_G"],"damage_healed":0,"gold_gain":0,"player_choice":"Purged","damage_taken":0,"max_hp_gain":0,"max_hp_loss":0,"event_name":"Purifier","floor":36,"gold_loss":0}],"is_beta":false,"boss_relics":[{"not_picked":["Empty Cage","Astrolabe"],"picked":"SlaversCollar"},{"not_picked":["Runic Pyramid","Philosopher\u0027s Stone"],"picked":"Busted Crown"}],"items_purged_floors":[4],"is_endless":false,"potions_floor_spawned":[1,6,13,20,23,24,29,30,35,45,47],"killed_by":"The Heart","ascension_level":2}}