{"host":"nw4g04f085wnqcgt","time":1612374829,"event":{"mods":["AchievementEnabler","BaseMod","Colored Map","Colored Powertips","DeckTracker","Minty Spire (QoL Compilation)","Relic Sorter","SuperFastMode"],"gold_per_floor":[116,116,132,132,148,148,148,148,174,200,214,233,248,282,282,282,282],"floor_reached":16,"language":"ENG","playtime":1129,"items_purged":[],"score":122,"play_id":"60a2cf39-c928-4722-b570-43aec7b22a4f","local_time":"20210203125349","is_ascension_mode":true,"campfire_choices":[{"data":"Coolheaded","floor":6,"key":"SMITH"},{"data":"Strike_B","floor":8,"key":"PURGE"},{"floor":15,"key":"REST"}],"circlet_count":0,"master_deck":["Strike_B","Strike_B","Strike_B","Defend_B","Defend_B","Defend_B","Defend_B","Zap","Dualcast","Capacitor+1","Compile Driver","Coolheaded+1","Loop","Sweeping Beam","Turbo","Barrage"],"relics":["Cracked Core","NeowsBlessing","Golden Idol","Peace Pipe","Odd Mushroom","Bag of Marbles"],"acts_visited":["Exordium"],"potions_floor_usage":[1,10,14],"damage_taken":[{"damage":0,"enemies":"Jaw Worm","floor":1,"turns":1},{"damage":0,"enemies":"Cultist","floor":3,"turns":1},{"damage":0,"enemies":"Small Slimes","floor":5,"turns":1},{"damage":2,"enemies":"The Mushroom Lair","floor":10,"turns":2},{"damage":18,"enemies":"3 Louse","floor":11,"turns":5},{"damage":11,"enemies":"Large Slime","floor":12,"turns":7},{"damage":14,"enemies":"Lots of Slimes","floor":13,"turns":5},{"damage":28,"enemies":"Lagavulin","floor":14,"turns":9},{"damage":29,"enemies":"Hexaghost","floor":16,"turns":11}],"seed_played":"7490942417060402756","potions_obtained":[{"floor":1,"key":"Fruit Juice"},{"floor":5,"key":"AttackPotion"},{"floor":13,"key":"PotionOfCapacity"}],"is_trial":false,"path_per_floor":["M","?","M","T","M","R","?","R","T","?","M","M","M","E","R","B"],"character_chosen":"DEFECT","items_purchased":[],"campfire_rested":1,"item_purchase_floors":[],"current_hp_per_floor":[80,74,74,74,74,74,74,74,74,72,54,43,29,1,23,0,0],"gold":282,"neow_bonus":"THREE_ENEMY_KILL","is_daily":false,"chose_seed":false,"campfire_upgraded":1,"win_rate":0.0,"timestamp":1612374829,"path_taken":["M","?","M","?","?","R","?","R","T","?","M","M","M","E","R","BOSS"],"items_purchased_type":[],"build_version":"2020-12-22","purchased_purges":0,"victory":false,"max_hp_per_floor":[80,74,74,74,74,74,74,74,74,74,74,74,74,74,74,74,74],"card_choices":[{"not_picked":["Ball Lightning","Conserve Battery"],"picked":"Capacitor","floor":1},{"not_picked":["Sweeping Beam","Streamline"],"picked":"Compile Driver","floor":3},{"not_picked":["Steam Power","Go for the Eyes"],"picked":"Coolheaded","floor":5},{"not_picked":["Recycle","Coolheaded"],"picked":"Loop","floor":10},{"not_picked":["Cold Snap","FTL"],"picked":"Sweeping Beam","floor":11},{"not_picked":["Rainbow","Stack"],"picked":"Turbo","floor":12},{"not_picked":["Lockon","Compile Driver","Reprogram"],"picked":"SKIP","floor":13},{"not_picked":["Rebound","Lockon"],"picked":"Barrage","floor":14}],"player_experience":396380,"relics_obtained":[{"floor":4,"key":"Peace Pipe"},{"floor":10,"key":"Odd Mushroom"},{"floor":14,"key":"Bag of Marbles"}],"event_choices":[{"damage_healed":0,"gold_gain":0,"player_choice":"Lose Max HP","damage_taken":0,"relics_obtained":["Golden Idol"],"max_hp_gain":0,"max_hp_loss":6,"event_name":"Golden Idol","floor":2,"gold_loss":0},{"damage_healed":0,"gold_gain":0,"player_choice":"Grow","damage_taken":0,"max_hp_gain":0,"max_hp_loss":0,"event_name":"Living Wall","floor":7,"gold_loss":0,"cards_upgraded":["Capacitor"]},{"damage_healed":0,"gold_gain":0,"player_choice":"Fought Mushrooms","damage_taken":0,"max_hp_gain":0,"max_hp_loss":0,"event_name":"Mushrooms","floor":10,"gold_loss":0}],"is_beta":false,"boss_relics":[],"items_purged_floors":[],"is_endless":false,"potions_floor_spawned":[1,5,13],"killed_by":"Hexaghost","ascension_level":4}}