{"host":"d744ndivyohnro60","time":1612322898,"event":{"mods":["BaseMod","Bestiary","Colored Powertips","Minty Spire (QoL Compilation)","Relic Stats"],"gold_per_floor":[109,127,77,2,2,32,207,207,207,207,173,189,215,241,241,344,344,356,271,289,289,388,461,472,472,472],"floor_reached":25,"language":"ENG","playtime":1064,"items_purged":["Defend_B"],"score":248,"play_id":"499fe99f-e7e8-483a-a2b3-f589d6137987","local_time":"20210202222818","is_ascension_mode":true,"campfire_choices":[{"floor":8,"key":"REST"},{"data":"Zap","floor":10,"key":"SMITH"},{"floor":15,"key":"REST"}],"circlet_count":0,"master_deck":["Strike_B","Strike_B","Strike_B","Defend_B","Defend_B","Defend_B","Zap+1","Dualcast","Ball Lightning","Compile Driver","BootSequence","Defragment","Force Field","Conserve Battery","Thunder Strike","Double Energy+1","Ball Lightning","Undo"],"relics":["Cracked Core","Tiny Chest","Ginger","Centennial Puzzle","Lizard Tail","Juzu Bracelet","SacredBark","Regal Pillow","Eternal Feather"],"acts_visited":["Exordium","TheCity"],"potions_floor_usage":[6,13,16,25],"damage_taken":[{"damage":12,"enemies":"Jaw Worm","floor":1,"turns":2},{"damage":7,"enemies":"2 Louse","floor":2,"turns":2},{"damage":40,"enemies":"3 Sentries","floor":6,"turns":5},{"damage":0,"enemies":"Small Slimes","floor":12,"turns":2},{"damage":30,"enemies":"Lagavulin","floor":13,"turns":7},{"damage":6,"enemies":"The Guardian","floor":16,"turns":11},{"damage":26,"enemies":"Spheric Guardian","floor":18,"turns":4},{"damage":15,"enemies":"Chosen","floor":20,"turns":5},{"damage":50,"enemies":"Centurion and Healer","floor":24,"turns":7},{"damage":31,"enemies":"3 Cultists","floor":25,"turns":3}],"seed_played":"4464996069426030566","potions_obtained":[{"floor":1,"key":"SteroidPotion"},{"floor":2,"key":"GamblersBrew"},{"floor":12,"key":"ColorlessPotion"},{"floor":16,"key":"FearPotion"}],"is_trial":false,"path_per_floor":["M","M","?","$","$","E","?","R","T","R","$","M","E","T","R","B",null,"M","?","M","?","?","T","M","M"],"character_chosen":"DEFECT","items_purchased":["Defragment"],"campfire_rested":2,"item_purchase_floors":[11],"current_hp_per_floor":[63,56,56,56,56,16,16,38,38,38,38,38,8,8,30,24,75,49,49,34,34,34,34,25,0,0],"gold":472,"neow_bonus":"RANDOM_COMMON_RELIC","is_daily":false,"chose_seed":false,"campfire_upgraded":1,"win_rate":0.0,"timestamp":1612322898,"path_taken":["M","M","?","?","$","E","?","R","T","R","$","M","E","?","R","BOSS","M","?","M","?","?","?","M","M"],"items_purchased_type":["Card"],"build_version":"2020-12-22","purchased_purges":1,"victory":false,"max_hp_per_floor":[75,75,75,75,75,75,75,75,75,75,75,75,75,75,75,75,75,75,75,75,75,75,75,75,75,75],"relic_stats":{"Centennial Puzzle":[18],"Lizard Tail":37,"Regal Pillow":0,"counters":[10,48],"Tiny Chest":2,"Eternal Feather":0,"Juzu Bracelet":0,"Ginger":[9],"obtain_stats":[{"Centennial Puzzle":9,"Lizard Tail":13,"Regal Pillow":19,"SacredBark":17,"Tiny Chest":0,"Eternal Feather":23,"Juzu Bracelet":14,"Ginger":6,"Cracked Core":0},{"Centennial Puzzle":3,"Lizard Tail":5,"Regal Pillow":7,"SacredBark":6,"Tiny Chest":0,"Eternal Feather":8,"Juzu Bracelet":5,"Ginger":3,"Cracked Core":0},{"Centennial Puzzle":9,"Lizard Tail":18,"Regal Pillow":33,"SacredBark":29,"Tiny Chest":0,"Eternal Feather":38,"Juzu Bracelet":18,"Ginger":9,"Cracked Core":0}]},"card_choices":[{"not_picked":["Rip and Tear","Compile Driver"],"picked":"Ball Lightning","floor":1},{"not_picked":["Gash","Recycle"],"picked":"Compile Driver","floor":2},{"not_picked":["Force Field","Genetic Algorithm"],"picked":"BootSequence","floor":6},{"not_picked":["Rip and Tear","Compile Driver"],"picked":"Force Field","floor":12},{"not_picked":["Amplify","Hello World"],"picked":"Conserve Battery","floor":13},{"not_picked":["Hyperbeam","Fission"],"picked":"Thunder Strike","floor":16},{"not_picked":["Cold Snap","BootSequence"],"picked":"Double Energy+1","floor":18},{"not_picked":["Redo","Gash"],"picked":"Ball Lightning","floor":20},{"not_picked":["Rip and Tear","Streamline"],"picked":"Undo","floor":24}],"player_experience":200212,"relics_obtained":[{"floor":6,"key":"Ginger"},{"floor":9,"key":"Centennial Puzzle"},{"floor":13,"key":"Lizard Tail"},{"floor":14,"key":"Juzu Bracelet"},{"floor":23,"key":"Eternal Feather"}],"event_choices":[{"cards_removed":["Strike_B"],"damage_healed":0,"gold_gain":0,"player_choice":"Card Removal","damage_taken":0,"max_hp_gain":0,"max_hp_loss":0,"event_name":"The Cleric","floor":3,"gold_loss":50},{"damage_healed":0,"gold_gain":175,"player_choice":"AGREE","damage_taken":0,"max_hp_gain":0,"max_hp_loss":0,"event_name":"Liars Game","floor":7,"gold_loss":0,"cards_obtained":["Doubt"]},{"damage_healed":0,"gold_gain":0,"player_choice":"Obtained Relic","damage_taken":0,"relics_obtained":["Regal Pillow"],"max_hp_gain":0,"max_hp_loss":0,"event_name":"Addict","floor":19,"gold_loss":85},{"cards_removed":["Doubt"],"damage_healed":0,"gold_gain":0,"player_choice":"Elegance","damage_taken":0,"max_hp_gain":0,"max_hp_loss":0,"event_name":"Back to Basics","floor":21,"gold_loss":0},{"damage_healed":0,"gold_gain":99,"player_choice":"Stole From Cult","damage_taken":0,"max_hp_gain":0,"max_hp_loss":0,"event_name":"Nest","floor":22,"gold_loss":0}],"is_beta":false,"boss_relics":[{"not_picked":["FrozenCore","Philosopher\u0027s Stone"],"picked":"SacredBark"}],"items_purged_floors":[4],"is_endless":false,"potions_floor_spawned":[1,2,12,16],"killed_by":"3 Cultists","ascension_level":4}}