{"host":"phniwng9zo19jwdb","time":1612367916,"event":{"mods":["AchievementEnabler","BaseMod","Colored Powertips","Dark Map","Faster Ascension Climbing","GifTheSpireLib","Minty Spire (QoL Compilation)","Permanent Neow","Rare Cards Sparkle","Relic Filter Mod","StSLib","Weighted Paths"],"gold_per_floor":[112,123,137,149,164,164,196,196,196,221,231,250,250,276,276,351,351,371,12,12,12,22,22,48,48,48,73,105,145,157,188,200,284,296,319,331,354,384,421,759,771,812,873,39,68,68,94,119,119,119],"floor_reached":51,"language":"ENG","playtime":2283,"items_purged":["Calculated Gamble"],"score":2047,"play_id":"d5754268-b556-4c69-9afc-395594ba58b0","local_time":"20210203165836","is_ascension_mode":true,"campfire_choices":[{"data":"Crippling Poison","floor":6.0,"key":"SMITH"},{"data":"Cloak And Dagger","floor":8.0,"key":"SMITH"},{"floor":13.0,"key":"REST"},{"data":"Cloak And Dagger","floor":15.0,"key":"SMITH"},{"data":"Glass Knife","floor":23.0,"key":"SMITH"},{"floor":25.0,"key":"REST"},{"data":"After Image","floor":30,"key":"SMITH"},{"data":"Secret Technique","floor":32,"key":"SMITH"},{"data":"Bullet Time","floor":41,"key":"SMITH"},{"data":"Burst","floor":49,"key":"SMITH"}],"circlet_count":0,"master_deck":["AscendersBane","Survivor","Neutralize+1","Glass Knife+1","Backstab+1","Backstab","Infinite Blades","Crippling Poison+1","Poisoned Stab","Cloak And Dagger+1","Venomology","Blade Dance","Cloak And Dagger+1","Backstab","Venomology","Tactician","Secret Technique+1","Cloak And Dagger+1","Endless Agony","Calculated Gamble","After Image+1","Blade Dance","Backflip","Bullet Time+1","Reflex","Backstab","Burst+1","Die Die Die","Die Die Die","Infinite Blades","Burst+1","Doppelganger","Expertise","Backflip","Madness","Madness","Blur","Cloak And Dagger","Endless Agony","Glass Knife","Blade Dance","Secret Technique"],"relics":["Ring of the Snake","Shuriken","WingedGreaves","Darkstone Periapt","TungstenRod","Philosopher\u0027s Stone","ClockworkSouvenir","StoneCalendar","Eternal Feather","MawBank","PreservedInsect","Pandora\u0027s Box","Dead Branch","Old Coin","Snake Skull","Blood Vial","Bottled Flame","Sling","Whetstone","Bird Faced Urn","Pantograph"],"acts_visited":["Exordium","TheCity","TheBeyond"],"potions_floor_usage":[27,27,28,29,29,33,33,35,35,37,38,38,39,39,39,40,42,42,45,47,47,50,50,50,50],"damage_taken":[{"damage":0.0,"enemies":"Cultist","floor":1.0,"turns":4.0},{"damage":0.0,"enemies":"Small Slimes","floor":2.0,"turns":3.0},{"damage":0.0,"enemies":"Jaw Worm","floor":3.0,"turns":1.0},{"damage":13.0,"enemies":"Blue Slaver","floor":4.0,"turns":2.0},{"damage":0.0,"enemies":"Looter","floor":5.0,"turns":2.0},{"damage":3.0,"enemies":"Gremlin Nob","floor":7.0,"turns":3.0},{"damage":14.0,"enemies":"Lagavulin","floor":10.0,"turns":7.0},{"damage":5.0,"enemies":"Exordium Thugs","floor":11.0,"turns":4.0},{"damage":2.0,"enemies":"Large Slime","floor":12.0,"turns":4.0},{"damage":2.0,"enemies":"Gremlin Nob","floor":14.0,"turns":3.0},{"damage":4.0,"enemies":"Hexaghost","floor":16.0,"turns":6.0},{"damage":4.0,"enemies":"2 Thieves","floor":18.0,"turns":5.0},{"damage":0.0,"enemies":"Chosen","floor":22.0,"turns":3.0},{"damage":0.0,"enemies":"Slavers","floor":24.0,"turns":4.0},{"damage":2,"enemies":"Gremlin Leader","floor":27,"turns":5},{"damage":5,"enemies":"Shelled Parasite and Fungi","floor":28,"turns":3},{"damage":8,"enemies":"Book of Stabbing","floor":29,"turns":3},{"damage":10,"enemies":"Snake Plant","floor":31,"turns":3},{"damage":21,"enemies":"Collector","floor":33,"turns":5},{"damage":4,"enemies":"3 Shapes","floor":35,"turns":7},{"damage":22,"enemies":"3 Darklings","floor":37,"turns":4},{"damage":8,"enemies":"Maw","floor":38,"turns":5},{"damage":0,"enemies":"Mind Bloom Boss Battle","floor":39,"turns":5},{"damage":13,"enemies":"Nemesis","floor":40,"turns":3},{"damage":0,"enemies":"Giant Head","floor":42,"turns":4},{"damage":0,"enemies":"Nemesis","floor":45,"turns":1},{"damage":0,"enemies":"Reptomancer","floor":47,"turns":3},{"damage":0,"enemies":"Giant Head","floor":48,"turns":2},{"damage":60,"enemies":"Awakened One","floor":50,"turns":7}],"seed_played":"-3433275417293929608","potions_obtained":[{"floor":1.0,"key":"SkillPotion"},{"floor":10.0,"key":"Weak Potion"},{"floor":12.0,"key":"Poison Potion"},{"floor":14.0,"key":"Poison Potion"},{"floor":16.0,"key":"Block Potion"},{"floor":18.0,"key":"AttackPotion"},{"floor":31,"key":"SteroidPotion"},{"floor":37,"key":"Regen Potion"},{"floor":45,"key":"ColorlessPotion"}],"is_trial":false,"path_per_floor":["M","M","M","M","M","R","E","R","T","E","M","M","R","E","R","B",null,"M","$","?","?","M","R","E","R","T","E","M","E","R","M","R","B",null,"M","?","M","M","?","E","R","E","T","$","E","?","E","E","R","B",null],"character_chosen":"THE_SILENT","items_purchased":["Secret Technique","ClockworkSouvenir","Bottled Flame","Sling","Blade Dance","Secret Technique","DistilledChaos"],"campfire_rested":2,"item_purchase_floors":[19,19,44,44,44,44,44],"current_hp_per_floor":[59,59,59,46,46,46,43,43,43,29,24,22,41,39,39,35,58,54,54,37,37,37,37,37,58,58,56,51,43,61,51,69,48,65,61,49,27,33,33,20,44,44,44,44,46,46,48,54,71,15],"gold":119,"neow_bonus":"ONE_RANDOM_RARE_CARD","is_daily":false,"chose_seed":false,"campfire_upgraded":8,"win_rate":0.0,"timestamp":1612367916,"path_taken":["M","M","M","M","M","R","E","R","T","E","M","M","R","E","R","BOSS","M","$","?","?","M","R","E","R","T","E","M","E","R","?","R","BOSS","M","?","M","M","?","E","R","E","T","$","E","?","E","E","R","BOSS"],"items_purchased_type":["Card","Relic","Relic","Relic","Card","Card","Potion"],"build_version":"2020-12-22","purchased_purges":1,"victory":true,"max_hp_per_floor":[66,66,66,66,66,66,66,66,66,66,66,66,66,66,66,66,66,66,66,71,71,71,71,71,71,71,71,71,71,71,71,71,71,71,71,71,71,71,71,71,71,71,71,71,71,71,71,71,71,71],"card_choices":[{"not_picked":["Dagger Throw","Deadly Poison"],"picked":"Backstab","floor":1.0},{"not_picked":["Endless Agony","Backflip"],"picked":"Backstab","floor":2.0},{"not_picked":["Finisher","Acrobatics"],"picked":"Infinite Blades","floor":3.0},{"not_picked":["PiercingWail","Deflect"],"picked":"Crippling Poison","floor":4.0},{"not_picked":["Catalyst","Dagger Throw"],"picked":"Poisoned Stab","floor":5.0},{"not_picked":["Accuracy","Quick Slash"],"picked":"Cloak And Dagger","floor":7.0},{"not_picked":["Wraith Form v2","Sucker Punch"],"picked":"Venomology","floor":10.0},{"not_picked":["Acrobatics","Reflex"],"picked":"Blade Dance","floor":11.0},{"not_picked":["Outmaneuver","Sucker Punch"],"picked":"Cloak And Dagger","floor":12.0},{"not_picked":["Bane","Acrobatics"],"picked":"Backstab","floor":14.0},{"not_picked":["Malaise","Burst"],"picked":"Venomology","floor":16.0},{"not_picked":["Prepared+1","Dagger Spray"],"picked":"Tactician","floor":18.0},{"not_picked":["Prepared","Deadly Poison"],"picked":"Endless Agony","floor":22.0},{"not_picked":["Underhanded Strike","Dagger Throw"],"picked":"Calculated Gamble","floor":24.0},{"not_picked":["Tactician","Cloak And Dagger"],"picked":"After Image","floor":27},{"not_picked":["Slice","Bane"],"picked":"Blade Dance","floor":28},{"not_picked":["Deadly Poison+1","Deflect","Outmaneuver"],"picked":"SKIP","floor":29},{"not_picked":["Dagger Spray+1","PiercingWail"],"picked":"Backflip","floor":31},{"not_picked":["Venomology","Die Die Die"],"picked":"Bullet Time","floor":33},{"not_picked":["Underhanded Strike","Well Laid Plans+1"],"picked":"Backflip","floor":35},{"not_picked":["Heel Hook","Expertise"],"picked":"Blur","floor":37},{"not_picked":["Heel Hook","All Out Attack","Catalyst"],"picked":"SKIP","floor":38},{"not_picked":["Slice+1","Deadly Poison"],"picked":"Cloak And Dagger","floor":39},{"not_picked":["Deflect","Quick Slash"],"picked":"Endless Agony","floor":40},{"not_picked":["Slice","Glass Knife","Dodge and Roll+1"],"picked":"SKIP","floor":42},{"not_picked":["Slice","Dodge and Roll+1"],"picked":"Glass Knife","floor":42},{"not_picked":["Dagger Spray","Outmaneuver","Underhanded Strike"],"picked":"SKIP","floor":45},{"not_picked":["Storm of Steel","Dodge and Roll+1","Dagger Spray+1"],"picked":"SKIP","floor":47},{"not_picked":["Cloak And Dagger","Sucker Punch","Masterful Stab"],"picked":"SKIP","floor":48}],"player_experience":76367,"relics_obtained":[{"floor":7.0,"key":"Shuriken"},{"floor":9.0,"key":"WingedGreaves"},{"floor":10.0,"key":"Darkstone Periapt"},{"floor":14.0,"key":"TungstenRod"},{"floor":24.0,"key":"StoneCalendar"},{"floor":26.0,"key":"Eternal Feather"},{"floor":27,"key":"MawBank"},{"floor":29,"key":"PreservedInsect"},{"floor":39,"key":"Dead Branch"},{"floor":40,"key":"Old Coin"},{"floor":42,"key":"Snake Skull"},{"floor":43,"key":"Blood Vial"},{"floor":45,"key":"Whetstone"},{"floor":47,"key":"Bird Faced Urn"},{"floor":48,"key":"Pantograph"}],"event_choices":[{"damage_healed":0.0,"max_hp_gain":5.0,"max_hp_loss":0.0,"gold_gain":0.0,"event_name":"Forgotten Altar","player_choice":"Shed Blood","floor":20.0,"gold_loss":0.0,"damage_taken":23.0},{"damage_healed":0.0,"max_hp_gain":0.0,"max_hp_loss":0.0,"gold_gain":0.0,"event_name":"Duplicator","player_choice":"Copied","floor":21.0,"gold_loss":0.0,"damage_taken":0.0,"cards_obtained":["Cloak And Dagger"]},{"damage_healed":0,"gold_gain":0,"player_choice":"Embrace Madness","damage_taken":13,"max_hp_gain":0,"max_hp_loss":0,"event_name":"Winding Halls","floor":36,"gold_loss":0,"cards_obtained":["Madness","Madness"]},{"damage_healed":0,"gold_gain":0,"player_choice":"Fight","damage_taken":0,"max_hp_gain":0,"max_hp_loss":0,"event_name":"MindBloom","floor":39,"gold_loss":0},{"damage_healed":0,"gold_gain":0,"player_choice":"Forge","damage_taken":0,"max_hp_gain":0,"max_hp_loss":0,"event_name":"Accursed Blacksmith","floor":46,"gold_loss":0,"cards_upgraded":["Burst"]}],"is_beta":false,"boss_relics":[{"not_picked":["Velvet Choker","Cursed Key"],"picked":"Philosopher\u0027s Stone"},{"not_picked":["Busted Crown","Fusion Hammer"],"picked":"Pandora\u0027s Box"}],"items_purged_floors":[44],"is_endless":false,"potions_floor_spawned":[1,10,12,14,16,18,22,31,37,45,48],"ascension_level":19}}