{"host":"v380u9jqfq8325l5","time":1612329489,"event":{"mods":["BaseMod","Bestiary","BetterRewards","Colored Map","Colored Powertips","Curses Come First","Evolution","Halation","Hubris","Infinite Spire","Minty Spire (QoL Compilation)","Reliquary","Spire Arcade","StSLib","SuperFastMode"],"gold_per_floor":[112,124,124,140,152,184,199,219,245,245,264,264,292,292,292,395,395,408,408,333,333,248,274,274,300,325,359,371,402,422,442,442,545,545,558,558,558,658,676,676,704,513,562,614,714,714,732,752,752,752],"floor_reached":51,"language":"ENG","playtime":883,"items_purged":["Strike_R","Defend_R","Strike_R"],"score":1323,"play_id":"7752bba6-d545-498e-9a97-f41fcb971375","local_time":"20210203081809","is_ascension_mode":true,"campfire_choices":[{"data":"1","floor":10,"key":"LIFT"},{"data":"2","floor":12,"key":"LIFT"},{"data":"3","floor":15,"key":"LIFT"},{"data":"Limit Break","floor":24,"key":"SMITH"},{"data":"hubris:InfiniteBlow+11","floor":32,"key":"SMITH"},{"data":"hubris:InfiniteBlow+12","floor":40,"key":"SMITH"},{"floor":46,"key":"REST"},{"data":"Limit Break","floor":49,"key":"SMITH"}],"circlet_count":0,"master_deck":["Strike_R","Strike_R","Defend_R","Defend_R","Defend_R","Bash","infinitespire:OneForAll","Inflame","Sword Boomerang","hubris:InfiniteBlow+13","infinitespire:Oblivion","Limit Break+1","Limit Break+1","infinitespire:DeathsTouch"],"relics":["Burning Blood","EVO:Axolotl","Mummified Hand","Girya","halation:SwordOfLegend","Incense Burner","reliquary:Crutches","reliquary:Stiletto","Bronze Scales","PreservedInsect","Runic Dome","hubris:IronBody","infinitespire:Joker Card","Smiling Mask","Magic Flower","Red Skull","hubris:Backtick","infinitespire:Bottled Soul","Lizard Tail","hubris:ToyBattleship","reliquary:WeakTea","Gambling Chip"],"acts_visited":["Exordium","TheCity","TheBeyond"],"potions_floor_usage":[45],"damage_taken":[{"damage":7,"enemies":"2 Louse","floor":1,"turns":4},{"damage":8,"enemies":"Jaw Worm","floor":2,"turns":3},{"damage":15,"enemies":"Small Slimes","floor":4,"turns":3},{"damage":11,"enemies":"Looter","floor":5,"turns":3},{"damage":50,"enemies":"3 Sentries","floor":6,"turns":8},{"damage":9,"enemies":"Red Slaver","floor":7,"turns":2},{"damage":13,"enemies":"Exordium Wildlife","floor":8,"turns":4},{"damage":2,"enemies":"3 Louse","floor":11,"turns":2},{"damage":0,"enemies":"Gremlin Nob","floor":13,"turns":2},{"damage":35,"enemies":"Hexaghost","floor":16,"turns":5},{"damage":7,"enemies":"Chosen","floor":18,"turns":2},{"damage":12,"enemies":"Slavers","floor":23,"turns":3},{"damage":27,"enemies":"Nightmare","floor":25,"turns":5},{"damage":0,"enemies":"Slavers","floor":27,"turns":3},{"damage":8,"enemies":"2 Thieves","floor":28,"turns":2},{"damage":0,"enemies":"Book of Stabbing","floor":29,"turns":1},{"damage":11,"enemies":"Centurion and Healer","floor":30,"turns":3},{"damage":0,"enemies":"Snecko","floor":31,"turns":1},{"damage":9,"enemies":"Champ","floor":33,"turns":3},{"damage":0,"enemies":"3 Darklings","floor":35,"turns":3},{"damage":1,"enemies":"Orb Walker","floor":39,"turns":2},{"damage":0,"enemies":"Nightmare","floor":41,"turns":3},{"damage":6,"enemies":"infinitespire:Three Voidlings","floor":45,"turns":3},{"damage":58,"enemies":"Nightmare_Alpha","floor":45,"turns":6},{"damage":0,"enemies":"Writhing Mass","floor":47,"turns":1},{"damage":0,"enemies":"Transient","floor":48,"turns":5},{"damage":16,"enemies":"Awakened One","floor":50,"turns":7}],"seed_played":"2218264375594946864","potions_obtained":[{"floor":1,"key":"SpeedPotion"},{"floor":2,"key":"Weak Potion"},{"floor":6,"key":"FearPotion"},{"floor":8,"key":"Block Potion"},{"floor":47,"key":"BlessingOfTheForge"}],"is_trial":false,"path_per_floor":["M","M","$","M","M","E","M","M","T","R","M","R","E","?","R","B",null,"M","AVR","?","?","?","E","R","NM","T","E","M","E","M","M","R","B",null,"M","?","?","?","M","R","NM","$","T","T","?","R","M","M","R","B",null],"character_chosen":"IRONCLAD","items_purchased":["Mummified Hand","Girya","infinitespire:OneForAll","Limit Break"],"campfire_rested":1,"item_purchase_floors":[0,0,0,42],"current_hp_per_floor":[79,77,77,68,63,19,16,9,9,30,34,37,43,40,43,14,80,79,79,79,59,59,53,62,41,41,47,48,57,55,64,80,80,80,80,76,76,76,76,76,76,76,76,76,27,52,61,70,73,66],"gold":752,"neow_bonus":"","is_daily":false,"chose_seed":false,"campfire_upgraded":4,"win_rate":0.0,"timestamp":1612329489,"path_taken":["M","M","$","M","M","E","M","M","T","R","M","R","E","?","R","BOSS","M","AVR","?","?","?","E","R","NM","T","E","M","E","M","M","R","BOSS","M","?","?","?","?","R","NM","$","T","?","?","R","?","M","R","BOSS"],"items_purchased_type":["Relic","Relic","Card","Card"],"build_version":"2020-12-22","purchased_purges":3,"victory":true,"max_hp_per_floor":[80,80,80,80,80,80,80,80,80,80,80,80,80,80,80,80,80,80,80,80,80,80,80,80,80,80,80,80,80,80,80,80,80,80,80,76,76,76,76,76,76,76,76,76,76,76,76,76,76,76],"card_choices":[{"not_picked":["hubris:ReadiedAction","Wild Strike","Twin Strike"],"picked":"SKIP","floor":1},{"not_picked":["Anger","Rupture","Fire Breathing"],"picked":"SKIP","floor":2},{"not_picked":["Anger","Rupture","Fire Breathing"],"picked":"SKIP","floor":2},{"not_picked":["Bludgeon","Body Slam","Havoc"],"picked":"SKIP","floor":4},{"not_picked":["Armaments","Infernal Blade"],"picked":"Inflame","floor":5},{"not_picked":["hubris:SharpeningStone","Anger","Headbutt"],"picked":"SKIP","floor":6},{"not_picked":["Perfected Strike","Heavy Blade","Sentinel"],"picked":"SKIP","floor":7},{"not_picked":["Battle Trance","Pommel Strike","Barricade"],"picked":"SKIP","floor":8},{"not_picked":["Combust","True Grit","Anger"],"picked":"SKIP","floor":11},{"not_picked":["Impervious","Twin Strike"],"picked":"Sword Boomerang","floor":13},{"not_picked":["Flex","Uppercut","Armaments"],"picked":"SKIP","floor":18},{"not_picked":["infinitespire:TheBestDefense","infinitespire:Collect"],"picked":"infinitespire:Oblivion","floor":21},{"not_picked":["Shrug It Off+1","Wild Strike"],"picked":"Limit Break","floor":23},{"not_picked":["Clash","Sword Boomerang","Metallicize"],"picked":"SKIP","floor":25},{"not_picked":["Impervious","Burning Pact+1","Perfected Strike"],"picked":"SKIP","floor":27},{"not_picked":["Iron Wave","Pommel Strike","True Grit"],"picked":"SKIP","floor":28},{"not_picked":["Whirlwind","Carnage+1","Clash"],"picked":"SKIP","floor":29},{"not_picked":["Cleave","Sword Boomerang","Feel No Pain+1"],"picked":"SKIP","floor":30},{"not_picked":["Rupture+1","Dropkick","Hemokinesis"],"picked":"SKIP","floor":31},{"not_picked":["Iron Wave","Dropkick+1","Fire Breathing"],"picked":"SKIP","floor":35},{"not_picked":["Clash","Pommel Strike+1","Cleave+1"],"picked":"SKIP","floor":39},{"not_picked":["hubris:CleavingFinish","Sword Boomerang+1","Battle Trance"],"picked":"SKIP","floor":41},{"not_picked":["infinitespire:SealOfDarkness+","hubris:Rewind"],"picked":"infinitespire:DeathsTouch","floor":45},{"not_picked":["Cleave","Shrug It Off+1","Pommel Strike"],"picked":"SKIP","floor":47},{"not_picked":["Twin Strike+1","Anger+1","Disarm+1"],"picked":"SKIP","floor":48}],"player_experience":221280,"relics_obtained":[{"floor":6,"key":"reliquary:Crutches"},{"floor":9,"key":"reliquary:Stiletto"},{"floor":13,"key":"Bronze Scales"},{"floor":23,"key":"infinitespire:Joker Card"},{"floor":25,"key":"Smiling Mask"},{"floor":27,"key":"Magic Flower"},{"floor":29,"key":"Red Skull"},{"floor":41,"key":"Lizard Tail"},{"floor":43,"key":"hubris:ToyBattleship"},{"floor":44,"key":"reliquary:WeakTea"},{"floor":45,"key":"Gambling Chip"}],"event_choices":[{"damage_healed":0,"gold_gain":0,"player_choice":"Success","damage_taken":3,"relics_obtained":["PreservedInsect"],"max_hp_gain":0,"max_hp_loss":0,"event_name":"Scrap Ooze","floor":14,"gold_loss":0},{"cards_removed":["Strike_R"],"damage_healed":0,"gold_gain":0,"player_choice":"Gave Gold","damage_taken":0,"max_hp_gain":0,"max_hp_loss":0,"event_name":"Beggar","floor":20,"gold_loss":75},{"damage_healed":0,"gold_gain":0,"player_choice":"Obtained Relic","damage_taken":0,"relics_obtained":["hubris:IronBody"],"max_hp_gain":0,"max_hp_loss":0,"event_name":"Addict","floor":22,"gold_loss":85},{"damage_healed":0,"gold_gain":0,"player_choice":"Max HP","damage_taken":0,"max_hp_gain":0,"max_hp_loss":4,"event_name":"Winding Halls","floor":36,"gold_loss":0},{"damage_healed":0,"gold_gain":100,"player_choice":"Pray","damage_taken":0,"max_hp_gain":0,"max_hp_loss":0,"event_name":"Golden Shrine","floor":38,"gold_loss":0}],"is_beta":false,"boss_relics":[{"not_picked":["Philosopher\u0027s Stone","hubris:RunicObelisk"],"picked":"Runic Dome"},{"not_picked":["Tiny House","reliquary:KinkedSpring"],"picked":"hubris:Backtick"}],"items_purged_floors":[0,0,42],"is_endless":false,"potions_floor_spawned":[1,2,6,7,8,16,27,28,29,31,35,45,47],"ascension_level":4}}