{"host":"utqe55yv0jihe4d6","time":1612324026,"event":{"mods":["2.2 Compatiblity","AchievementEnabler","BaseMod","Block Reminder","Colored Map","Colored Powertips","Minty Spire (QoL Compilation)","Quick Restart","Rare Cards Sparkle","Relic Stats","SuperFastMode"],"gold_per_floor":[119,119,138,157,168,168,168,168,193,224,224,224,243,283,283,376,376,396,396,396,446,469,469,469],"floor_reached":23,"language":"ENG","playtime":532,"items_purged":[],"score":394,"play_id":"d1e2e9d7-0c66-4d7a-9fda-a8925fa4ea1b","local_time":"20210202224706","is_ascension_mode":true,"campfire_choices":[{"data":"Skewer","floor":6.0,"key":"SMITH"},{"data":"Poisoned Stab","floor":8.0,"key":"SMITH"},{"data":"Envenom","floor":11,"key":"SMITH"},{"floor":15,"key":"REST"}],"circlet_count":0,"master_deck":["AscendersBane","Strike_G","Strike_G","Strike_G","Strike_G","Strike_G","Defend_G","Defend_G","Defend_G","Defend_G","Defend_G","Survivor","Neutralize+1","Blade Dance","Poisoned Stab+1","Endless Agony","Skewer+1","Envenom+1","Footwork","Venomology","Quick Slash","Predator"],"relics":["Ring of the Snake","Smiling Mask","Orichalcum","Art of War","Golden Idol","Regal Pillow","Fusion Hammer","Potion Belt"],"acts_visited":["Exordium","TheCity"],"potions_floor_usage":[10,14,16],"damage_taken":[{"damage":0.0,"enemies":"Small Slimes","floor":1.0,"turns":5.0},{"damage":0.0,"enemies":"Cultist","floor":3.0,"turns":3.0},{"damage":0.0,"enemies":"Jaw Worm","floor":4.0,"turns":4.0},{"damage":4.0,"enemies":"Blue Slaver","floor":5.0,"turns":4.0},{"damage":5,"enemies":"Gremlin Nob","floor":10,"turns":3},{"damage":6,"enemies":"Looter","floor":13,"turns":3},{"damage":12,"enemies":"Lagavulin","floor":14,"turns":4},{"damage":31,"enemies":"Slime Boss","floor":16,"turns":12},{"damage":5,"enemies":"3 Byrds","floor":18,"turns":5},{"damage":50,"enemies":"Slavers","floor":23,"turns":3}],"seed_played":"2241169854698821867","potions_obtained":[{"floor":3.0,"key":"Ancient Potion"},{"floor":4.0,"key":"SteroidPotion"},{"floor":13,"key":"Strength Potion"},{"floor":14,"key":"Swift Potion"}],"is_trial":false,"path_per_floor":["M","?","M","M","M","R","?","R","T","E","R","?","M","E","R","B",null,"M","?","?","?","T","E"],"character_chosen":"THE_SILENT","items_purchased":[],"campfire_rested":1,"item_purchase_floors":[],"current_hp_per_floor":[59,59,59,59,55,55,37,37,37,32,32,32,26,14,47,16,49,44,44,44,44,44,0,0],"gold":469,"neow_bonus":"UPGRADE_CARD","is_daily":false,"chose_seed":false,"campfire_upgraded":3,"win_rate":0.0,"timestamp":1612324026,"path_taken":["M","?","?","M","M","R","?","R","T","E","R","?","M","E","R","BOSS","M","?","?","?","?","E"],"items_purchased_type":[],"build_version":"2020-12-22","purchased_purges":0,"victory":false,"max_hp_per_floor":[66,66,66,66,66,66,66,66,66,66,66,60,60,60,60,60,60,60,60,60,60,60,60,60],"relic_stats":{"Regal Pillow":15,"counters":[10,46],"Golden Idol":35,"Art of War":[0],"Orichalcum":[114],"Smiling Mask":0,"obtain_stats":[{"Potion Belt":22,"Regal Pillow":14,"Golden Idol":12,"Fusion Hammer":17,"Art of War":10,"Orichalcum":9,"Smiling Mask":7,"Ring of the Snake":0},{"Potion Belt":9,"Regal Pillow":7,"Golden Idol":5,"Fusion Hammer":8,"Art of War":5,"Orichalcum":4,"Smiling Mask":4,"Ring of the Snake":0},{"Potion Belt":43,"Regal Pillow":26,"Golden Idol":19,"Fusion Hammer":38,"Art of War":19,"Orichalcum":16,"Smiling Mask":16,"Ring of the Snake":0}],"Ring of the Snake":[21]},"card_choices":[{"not_picked":["Poisoned Stab","Terror"],"picked":"Blade Dance","floor":1.0},{"not_picked":["Cloak And Dagger","Bane"],"picked":"Poisoned Stab","floor":3.0},{"not_picked":["Concentrate","PiercingWail"],"picked":"Endless Agony","floor":4.0},{"not_picked":["Prepared","Backflip"],"picked":"Skewer","floor":5.0},{"not_picked":["Dodge and Roll","Skewer"],"picked":"Envenom","floor":10},{"not_picked":["Prepared","Sucker Punch","Deadly Poison"],"picked":"SKIP","floor":13},{"not_picked":["Terror","Bane"],"picked":"Footwork","floor":14},{"not_picked":["Doppelganger","Die Die Die"],"picked":"Venomology","floor":16},{"not_picked":["Sucker Punch","Setup"],"picked":"Quick Slash","floor":18}],"player_experience":3002663,"relics_obtained":[{"floor":9.0,"key":"Orichalcum"},{"floor":10,"key":"Art of War"},{"floor":14,"key":"Regal Pillow"},{"floor":22,"key":"Potion Belt"}],"event_choices":[{"damage_healed":0.0,"max_hp_gain":0.0,"max_hp_loss":0.0,"gold_gain":0.0,"event_name":"Match and Keep!","player_choice":"0 cards matched","floor":2.0,"gold_loss":0.0,"damage_taken":0.0,"cards_obtained":[]},{"damage_healed":0.0,"max_hp_gain":0.0,"max_hp_loss":0.0,"gold_gain":0.0,"event_name":"Scrap Ooze","player_choice":"Success","floor":7.0,"gold_loss":0.0,"damage_taken":18.0,"relics_obtained":["Smiling Mask"]},{"damage_healed":0,"gold_gain":0,"player_choice":"Lose Max HP","damage_taken":0,"relics_obtained":["Golden Idol"],"max_hp_gain":0,"max_hp_loss":6,"event_name":"Golden Idol","floor":12,"gold_loss":0},{"damage_healed":0,"gold_gain":0,"player_choice":"Read","damage_taken":0,"max_hp_gain":0,"max_hp_loss":0,"event_name":"The Library","floor":19,"gold_loss":0,"cards_obtained":["Predator"]},{"damage_healed":0,"gold_gain":0,"player_choice":"Ignored","damage_taken":0,"max_hp_gain":0,"max_hp_loss":0,"event_name":"Ghosts","floor":20,"gold_loss":0},{"damage_healed":0,"gold_gain":50,"player_choice":"Stole From Cult","damage_taken":0,"max_hp_gain":0,"max_hp_loss":0,"event_name":"Nest","floor":21,"gold_loss":0}],"is_beta":false,"boss_relics":[{"not_picked":["Ring of the Serpent","Runic Dome"],"picked":"Fusion Hammer"}],"items_purged_floors":[],"is_endless":false,"potions_floor_spawned":[3,4,13,14,18],"killed_by":"Slavers","ascension_level":20}}