{"host":"zdahj580pq9zy75i","time":1612369687,"event":{"mods":["BaseMod","Colored Map","Minty Spire (QoL Compilation)","StSLib"],"gold_per_floor":[117,117,128,143,143,171,171,198,221,221,232,263,281,281,281,355,355,365,376,389,389,389],"floor_reached":21,"language":"ENG","playtime":1113,"items_purged":[],"score":452,"play_id":"0ab87bf5-fb24-421f-9cde-3ec8a7d62ce4","local_time":"20210203112807","is_ascension_mode":true,"campfire_choices":[{"data":"Sweeping Beam","floor":7,"key":"SMITH"},{"data":"Sweeping Beam","floor":10,"key":"SMITH"},{"data":"Zap","floor":15,"key":"SMITH"}],"circlet_count":0,"master_deck":["AscendersBane","Strike_B","Strike_B","Defend_B","Defend_B","Defend_B","Defend_B","Zap+1","Dualcast","Sweeping Beam+1","Compile Driver","Sweeping Beam+1","Compile Driver","Hologram","Steam","Creative AI","Gash"],"relics":["Nuclear Battery","Orichalcum","Vajra","Art of War","InkBottle","Black Star"],"acts_visited":["Exordium","TheCity"],"potions_floor_usage":[6,8,19,21],"damage_taken":[{"damage":9,"enemies":"Jaw Worm","floor":1,"turns":4},{"damage":8,"enemies":"2 Louse","floor":3,"turns":3},{"damage":0,"enemies":"Cultist","floor":4,"turns":3},{"damage":15,"enemies":"Lagavulin","floor":6,"turns":6},{"damage":0,"enemies":"Gremlin Nob","floor":8,"turns":2},{"damage":1,"enemies":"Exordium Thugs","floor":11,"turns":3},{"damage":4,"enemies":"3 Sentries","floor":12,"turns":4},{"damage":3,"enemies":"3 Louse","floor":13,"turns":2},{"damage":14,"enemies":"Slime Boss","floor":16,"turns":8},{"damage":0,"enemies":"3 Byrds","floor":18,"turns":3},{"damage":5,"enemies":"2 Thieves","floor":19,"turns":3},{"damage":27,"enemies":"Snake Plant","floor":20,"turns":5},{"damage":41,"enemies":"Masked Bandits","floor":21,"turns":3}],"seed_played":"-1866979482512848234","potions_obtained":[{"floor":3,"key":"PowerPotion"},{"floor":4,"key":"AttackPotion"},{"floor":11,"key":"Weak Potion"},{"floor":13,"key":"SpeedPotion"},{"floor":16,"key":"Strength Potion"},{"floor":18,"key":"Regen Potion"}],"is_trial":false,"path_per_floor":["M","?","M","M","?","E","R","E","T","R","M","E","M","?","R","B",null,"M","M","M","?"],"character_chosen":"DEFECT","items_purchased":[],"campfire_rested":0,"item_purchase_floors":[],"current_hp_per_floor":[55,48,40,40,40,25,25,25,25,25,24,20,17,17,17,3,54,54,58,31,0,0],"gold":389,"neow_bonus":"BOSS_RELIC","is_daily":false,"chose_seed":false,"campfire_upgraded":3,"win_rate":0.0,"timestamp":1612369687,"path_taken":["M","?","M","M","?","E","R","E","T","R","M","E","M","?","R","BOSS","M","M","?","?"],"items_purchased_type":[],"build_version":"2020-12-22","purchased_purges":0,"victory":false,"max_hp_per_floor":[71,71,71,71,71,71,71,71,71,71,71,71,71,71,71,71,71,71,71,71,71,71],"card_choices":[{"not_picked":["White Noise","Redo"],"picked":"Sweeping Beam","floor":1},{"not_picked":["Turbo","Consume"],"picked":"Compile Driver","floor":3},{"not_picked":["Lockon","Ball Lightning"],"picked":"Sweeping Beam","floor":4},{"not_picked":["Gash","Lockon"],"picked":"Compile Driver","floor":6},{"not_picked":["Turbo","Scrape","Hello World"],"picked":"SKIP","floor":8},{"not_picked":["Sweeping Beam","Rebound","Coolheaded"],"picked":"SKIP","floor":11},{"not_picked":["Streamline","Gash"],"picked":"Hologram","floor":12},{"not_picked":["Compile Driver","Beam Cell"],"picked":"Steam","floor":13},{"not_picked":["All For One","Seek"],"picked":"Creative AI","floor":16},{"not_picked":["Scrape","Stack","Streamline"],"picked":"SKIP","floor":18},{"not_picked":["Streamline","Stack","Sweeping Beam"],"picked":"SKIP","floor":19},{"not_picked":["Cold Snap","Stack"],"picked":"Gash","floor":20}],"player_experience":770940,"relics_obtained":[{"floor":6,"key":"Orichalcum"},{"floor":8,"key":"Vajra"},{"floor":9,"key":"Art of War"},{"floor":12,"key":"InkBottle"}],"event_choices":[{"cards_removed":["Strike_B"],"damage_healed":0,"gold_gain":0,"player_choice":"Card Removal","damage_taken":7,"max_hp_gain":0,"max_hp_loss":0,"event_name":"Golden Wing","floor":2,"gold_loss":0},{"damage_healed":0,"gold_gain":0,"player_choice":"Ignored","damage_taken":0,"max_hp_gain":0,"max_hp_loss":0,"event_name":"Liars Game","floor":5,"gold_loss":0},{"cards_removed":["Strike_B"],"damage_healed":0,"gold_gain":0,"player_choice":"Offered Basic","damage_taken":0,"max_hp_gain":0,"max_hp_loss":0,"event_name":"Bonfire Elementals","floor":14,"gold_loss":0},{"damage_healed":0,"gold_gain":0,"player_choice":"Fought Bandits","damage_taken":0,"max_hp_gain":0,"max_hp_loss":0,"event_name":"Masked Bandits","floor":21,"gold_loss":0}],"is_beta":false,"boss_relics":[{"not_picked":["Coffee Dripper","Pandora\u0027s Box"],"picked":"Black Star"}],"items_purged_floors":[],"is_endless":false,"potions_floor_spawned":[3,4,11,13,16,18],"killed_by":"Masked Bandits","ascension_level":20}}