{"host":"i9z6y8pcdeu2qxnx","time":1612321482,"event":{"mods":["BaseMod","Colored Map","Googly Eyes","Highlight Path","Minty Spire (QoL Compilation)","Replay The Spire","StSLib"],"gold_per_floor":[115,126,144,26,46,80,89,132,132,148,161,172,191,234,234,347,347,361,381,0,0,11,11,40,40,114,133,151,165,180,36,36,138,138,148,170,214,259,259,259,330,26,26,50,50,0,0,81,81,115],"floor_reached":51,"language":"ENG","playtime":3889,"items_purged":["Decay"],"score":1005,"play_id":"e8282f67-4a56-419e-bb45-325d973133b9","local_time":"20210202220442","daily_mods":["Shiny","Vintage","Terminal"],"is_ascension_mode":false,"campfire_choices":[{"data":"After Image","floor":15.0,"key":"SMITH"},{"data":"Envenom","floor":23,"key":"SMITH"},{"data":"Adrenaline","floor":25,"key":"SMITH"},{"data":"A Thousand Cuts","floor":32,"key":"SMITH"},{"data":"Adrenaline","floor":40,"key":"SMITH"},{"data":"Adrenaline","floor":45,"key":"SMITH"},{"data":"Accuracy","floor":49,"key":"SMITH"}],"circlet_count":0,"master_deck":["ReplayTheSpireMod:Necrosis","Corpse Explosion","Die Die Die","Atom Bomb+1","ReplayTheSpireMod:From All Sides","Adrenaline+1","Envenom+1","Burst","Wraith Form v2","Tools of the Trade","After Image+1","Poison Darts+1","A Thousand Cuts+1","Venomology","Replay:Bag of Tricks","Malaise","Phantasmal Killer","Night Terror+1","Unload","Bullet Time","Storm of Steel","Glass Knife+1","Grand Finale","Riddle With Holes+1","Accuracy+1","Well Laid Plans","Setup","Adrenaline+1","Adrenaline+1","Outmaneuver","Slice+1","Infinite Blades","Noxious Fumes+1","ReplayTheSpireMod:Necrogeddon+1","Bandage Up","Outmaneuver","Riddle With Holes+1"],"relics":["Ring of the Snake","Mercury Hourglass","CeramicFish","ReplayTheSpireMod:Ninjato","InkBottle","Pear","Lantern","Mirror","Pantograph","Smiling Mask","Ninja Scroll","Snack Pack","Ornamental Fan","HoveringKite","War Paint","Chameleon Ring","Bottled Tornado","Strawberry","Calipers","Replay:Bottled Steam","Mummified Hand","Gambling Chip","Molten Egg 2","Whetstone","Boot","WristBlade","Replay:Bandana","Iron Hammer","Vajra","Prayer Wheel","ReplayTheSpireMod:Shallot","Kunai","Shuriken","Blue Candle","Replay:Wax Seal"],"acts_visited":["Exordium","TheCity","TheBeyond"],"potions_floor_usage":[18,22,22,24,24,24,24,27,30,30,33,50],"damage_taken":[{"damage":0.0,"enemies":"Jaw Worm","floor":1.0,"turns":1.0},{"damage":0.0,"enemies":"Small Slimes","floor":2.0,"turns":2.0},{"damage":0.0,"enemies":"Cultist","floor":3.0,"turns":2.0},{"damage":0.0,"enemies":"3 Louse","floor":5.0,"turns":1.0},{"damage":4.0,"enemies":"3 Sentries","floor":6.0,"turns":3.0},{"damage":1.0,"enemies":"Replay:BlueRogue","floor":8.0,"turns":2.0},{"damage":0.0,"enemies":"Exordium Wildlife","floor":10.0,"turns":2.0},{"damage":0.0,"enemies":"Blue Slaver","floor":11.0,"turns":1.0},{"damage":0.0,"enemies":"2 Fungi Beasts","floor":12.0,"turns":1.0},{"damage":0.0,"enemies":"Exordium Thugs","floor":13.0,"turns":2.0},{"damage":1.0,"enemies":"3 Sentries","floor":14.0,"turns":2.0},{"damage":28.0,"enemies":"Hexaghost","floor":16.0,"turns":6.0},{"damage":0,"enemies":"Spheric Guardian","floor":18,"turns":3},{"damage":0,"enemies":"2 Thieves","floor":19,"turns":1},{"damage":0,"enemies":"Cultist and Chosen","floor":22,"turns":3},{"damage":0,"enemies":"Replay:Snechameleon","floor":24,"turns":5},{"damage":7,"enemies":"3 Cultists","floor":27,"turns":3},{"damage":0,"enemies":"Snake Plant","floor":28,"turns":1},{"damage":0,"enemies":"Sentry and Sphere","floor":29,"turns":2},{"damage":0,"enemies":"Shelled Parasite and Fungi","floor":30,"turns":2},{"damage":10,"enemies":"Champ","floor":33,"turns":6},{"damage":7,"enemies":"3 Shapes","floor":35,"turns":2},{"damage":0,"enemies":"Orb Walker","floor":36,"turns":1},{"damage":0,"enemies":"Writhing Mass","floor":37,"turns":2},{"damage":5,"enemies":"Maw","floor":38,"turns":3},{"damage":0,"enemies":"Nemesis","floor":41,"turns":3},{"damage":0,"enemies":"Spire Growth","floor":44,"turns":2},{"damage":0,"enemies":"R_Hoarder","floor":48,"turns":2},{"damage":0,"enemies":"Donu and Deca","floor":50,"turns":3}],"seed_played":"1964769741217694815","potions_obtained":[{"floor":1.0,"key":"Dexterity Potion"},{"floor":5.0,"key":"SpeedPotion"},{"floor":10.0,"key":"Explosive Potion"},{"floor":11.0,"key":"Dexterity Potion"},{"floor":24,"key":"Fruit Juice"},{"floor":29,"key":"CultistPotion"},{"floor":36,"key":"Reflective Coating"},{"floor":44,"key":"Adrenaline Potion"}],"is_trial":true,"path_per_floor":["M","M","M","$","M","E","?","E","T","M","M","M","M","E","R","B",null,"M","M","$","?","M","R","E","R","T","M","M","M","M","$","R","B",null,"M","M","M","M","?","R","E","$","T","M","R","$","?","E","R","B",null],"character_chosen":"THE_SILENT","items_purchased":["Riddle With Holes+1","Accuracy","Outmaneuver","Slice+1","Infinite Blades","Bottled Tornado","Boot","ReplayTheSpireMod:Necrogeddon+1","Bandage Up","Outmaneuver"],"campfire_rested":0,"item_purchase_floors":[4,4,20,20,20,20,31,42,42,42],"current_hp_per_floor":[68,67,66,65,64,70,70,69,69,69,68,67,66,65,64,36,62,61,60,59,68,74,73,79,78,77,70,72,74,73,72,71,67,69,62,62,66,61,61,61,62,61,60,59,58,57,56,55,54,53],"gold":115,"neow_bonus":"","is_daily":false,"chose_seed":false,"campfire_upgraded":7,"win_rate":0.0,"timestamp":1612321482,"path_taken":["M","M","M","$","M","E","?","E","T","M","M","?","M","E","R","BOSS","M","M","$","?","M","R","E","R","T","M","M","M","M","$","R","BOSS","M","M","M","M","?","R","E","?","T","M","R","$","?","E","R","BOSS"],"items_purchased_type":["Card","Card","Card","Card","Card","Relic","Relic","Card","Card","Card"],"build_version":"2020-12-22","purchased_purges":1,"victory":true,"max_hp_per_floor":[68,67,66,65,64,73,72,71,70,69,68,67,66,65,64,63,62,61,60,59,68,74,73,79,78,77,76,75,74,73,72,71,70,69,68,67,66,65,64,63,62,61,60,59,58,57,56,55,54,53],"card_choices":[{"not_picked":["Deflect","PiercingWail"],"picked":"Well Laid Plans","floor":6.0},{"not_picked":["Escape Plan","Sucker Punch"],"picked":"Setup","floor":8.0},{"not_picked":["Hidden Blade","Deflect"],"picked":"Adrenaline","floor":14.0},{"not_picked":["Grand Finale","Replay:Bag of Tricks"],"picked":"Adrenaline","floor":16.0},{"not_picked":["Skewer","Expertise","Concentrate"],"picked":"SKIP","floor":24},{"not_picked":["Hidden Blade+1","Deadly Poison+1"],"picked":"Noxious Fumes+1","floor":41},{"not_picked":["Backflip","Outmaneuver+1"],"picked":"Riddle With Holes+1","floor":48}],"player_experience":988497,"relics_obtained":[{"floor":1.0,"key":"Mercury Hourglass"},{"floor":2.0,"key":"CeramicFish"},{"floor":3.0,"key":"ReplayTheSpireMod:Ninjato"},{"floor":5.0,"key":"InkBottle"},{"floor":6.0,"key":"Pear"},{"floor":8.0,"key":"Lantern"},{"floor":9.0,"key":"Mirror"},{"floor":10.0,"key":"Pantograph"},{"floor":11.0,"key":"Smiling Mask"},{"floor":12.0,"key":"Ninja Scroll"},{"floor":13.0,"key":"Snack Pack"},{"floor":14.0,"key":"Ornamental Fan"},{"floor":18,"key":"War Paint"},{"floor":19,"key":"Chameleon Ring"},{"floor":22,"key":"Strawberry"},{"floor":24,"key":"Calipers"},{"floor":26,"key":"Replay:Bottled Steam"},{"floor":27,"key":"Mummified Hand"},{"floor":28,"key":"Gambling Chip"},{"floor":29,"key":"Molten Egg 2"},{"floor":30,"key":"Whetstone"},{"floor":35,"key":"Replay:Bandana"},{"floor":36,"key":"Iron Hammer"},{"floor":37,"key":"Vajra"},{"floor":38,"key":"Prayer Wheel"},{"floor":41,"key":"Kunai"},{"floor":43,"key":"Shuriken"},{"floor":44,"key":"Blue Candle"},{"floor":48,"key":"Replay:Wax Seal"}],"event_choices":[{"damage_healed":0.0,"max_hp_gain":0.0,"max_hp_loss":0.0,"gold_gain":0.0,"event_name":"Wheel of Change","player_choice":"Cursed","floor":7.0,"gold_loss":0.0,"damage_taken":0.0,"cards_obtained":["Decay"]},{"cards_removed":["Doppelganger"],"damage_healed":0,"gold_gain":0,"player_choice":"Offered Rare","damage_taken":0,"max_hp_gain":10,"max_hp_loss":0,"event_name":"Bonfire Elementals","floor":21,"gold_loss":0},{"damage_healed":0,"gold_gain":0,"player_choice":"Gave Potion","damage_taken":0,"relics_obtained":["ReplayTheSpireMod:Shallot"],"max_hp_gain":0,"max_hp_loss":0,"event_name":"WeMeetAgain","floor":39,"gold_loss":0},{"damage_healed":0,"gold_gain":0,"player_choice":"Ignored","damage_taken":0,"max_hp_gain":0,"max_hp_loss":0,"event_name":"SecretPortal","floor":47,"gold_loss":0}],"is_beta":false,"boss_relics":[{"not_picked":["Replay:Bronze Core","Snecko Heart"],"picked":"HoveringKite"},{"not_picked":["Fusion Hammer","Astrolabe"],"picked":"WristBlade"}],"items_purged_floors":[46],"is_endless":false,"potions_floor_spawned":[1,5,10,11,12,18,24,29,36,38,44],"ascension_level":0}}