{"host":"5ezk7t18wcb10u1o","time":1612374874,"event":{"mods":["BaseMod","Bestiary","Colored Powertips","Minty Spire (QoL Compilation)","Relic Sorter"],"gold_per_floor":[110,121,121,196,213,213,115,126,126,126,143,318,318,350,350,350,350],"floor_reached":16,"language":"ENG","playtime":787,"items_purged":["Regret"],"score":155,"play_id":"631e6bc2-7027-46b3-a68d-fc556ec8317d","local_time":"20210203175434","is_ascension_mode":true,"campfire_choices":[{"data":"Neutralize","floor":6,"key":"SMITH"},{"data":"Deadly Poison","floor":13,"key":"SMITH"},{"floor":15,"key":"REST"}],"circlet_count":0,"master_deck":["AscendersBane","Strike_G","Strike_G","Strike_G","Strike_G","Strike_G","Defend_G","Defend_G","Defend_G","Defend_G","Defend_G","Survivor","Neutralize+1","Backstab","Deflect","Dodge and Roll","Poisoned Stab","Poisoned Stab","Deadly Poison+1","Doubt","Bane"],"relics":["Philosopher\u0027s Stone","Mummified Hand","Eternal Feather","Ninja Scroll","Du-Vu Doll"],"acts_visited":["Exordium"],"potions_floor_usage":[8],"damage_taken":[{"damage":0.0,"enemies":"Jaw Worm","floor":1.0,"turns":5.0},{"damage":0,"enemies":"2 Louse","floor":2,"turns":3},{"damage":2,"enemies":"Cultist","floor":5,"turns":5},{"damage":5,"enemies":"Exordium Thugs","floor":8,"turns":4},{"damage":5,"enemies":"Large Slime","floor":11,"turns":7},{"damage":34,"enemies":"3 Sentries","floor":14,"turns":10},{"damage":61,"enemies":"Slime Boss","floor":16,"turns":12}],"seed_played":"-8582672990726946278","potions_obtained":[{"floor":2,"key":"AttackPotion"}],"is_trial":false,"path_per_floor":["M","M","?","?","M","R","$","M","T","T","M","?","R","E","R","B"],"character_chosen":"THE_SILENT","items_purchased":["Poisoned Stab"],"campfire_rested":1,"item_purchase_floors":[7],"current_hp_per_floor":[63,63,63,56,54,54,54,49,49,49,44,44,56,22,55,0,0],"gold":350,"neow_bonus":"BOSS_RELIC","is_daily":false,"chose_seed":false,"campfire_upgraded":2,"win_rate":0.0,"timestamp":1612374874,"path_taken":["M","M","?","?","?","R","?","M","T","?","M","?","R","E","R","BOSS"],"items_purchased_type":["Card"],"build_version":"2020-12-22","purchased_purges":1,"victory":false,"max_hp_per_floor":[70,70,70,70,70,70,70,70,70,70,70,70,70,70,70,70,70],"card_choices":[{"not_picked":["Acrobatics","All Out Attack"],"picked":"Backstab","floor":1.0},{"not_picked":["Outmaneuver","Heel Hook"],"picked":"Deflect","floor":2},{"not_picked":["Riddle With Holes","Slice"],"picked":"Dodge and Roll","floor":5},{"not_picked":["Dagger Throw","Concentrate"],"picked":"Poisoned Stab","floor":8},{"not_picked":["Backflip","Slice"],"picked":"Deadly Poison","floor":11},{"not_picked":["Outmaneuver","Backstab"],"picked":"Bane","floor":14}],"player_experience":1197723,"relics_obtained":[{"floor":9,"key":"Eternal Feather"},{"floor":10,"key":"Ninja Scroll"},{"floor":14,"key":"Du-Vu Doll"}],"event_choices":[{"damage_healed":0,"gold_gain":0,"player_choice":"Box","damage_taken":0,"relics_obtained":["Mummified Hand"],"max_hp_gain":0,"max_hp_loss":0,"event_name":"Big Fish","floor":3,"gold_loss":0,"cards_obtained":["Regret"]},{"damage_healed":0,"gold_gain":75,"player_choice":"Touch","damage_taken":7,"max_hp_gain":0,"max_hp_loss":0,"event_name":"FaceTrader","floor":4,"gold_loss":0},{"damage_healed":0,"gold_gain":175,"player_choice":"AGREE","damage_taken":0,"max_hp_gain":0,"max_hp_loss":0,"event_name":"Liars Game","floor":12,"gold_loss":0,"cards_obtained":["Doubt"]}],"is_beta":false,"boss_relics":[],"items_purged_floors":[7],"is_endless":false,"potions_floor_spawned":[2],"killed_by":"Slime Boss","ascension_level":11}}