{"host":"xm0tf1maiknh0fp9","time":1612333010,"event":{"mods":["BaseMod","Colored Map","Colored Powertips","Googly Eyes","Minty Spire (QoL Compilation)","Replay The Spire","StSLib"],"gold_per_floor":[118,135,135,6,21,21,39,54,54,4,4,19,32,43,43,43,43],"floor_reached":16,"language":"ENG","playtime":566,"items_purged":["Strike_P"],"score":120,"play_id":"5d58eaad-f35d-4987-8a7a-056066eb9e9a","local_time":"20210203011650","is_ascension_mode":true,"campfire_choices":[{"data":"PathToVictory","floor":6.0,"key":"SMITH"},{"data":"Strike_P","floor":15,"key":"SMITH"}],"circlet_count":0,"master_deck":["Strike_P","Strike_P+1","Defend_P+1","Defend_P","Defend_P","Defend_P","Eruption","Vigilance+1","PathToVictory+1"],"relics":["Painkiller Herb","Ginger"],"acts_visited":["Exordium"],"potions_floor_usage":[12,16],"damage_taken":[{"damage":1.0,"enemies":"Cultist","floor":1.0,"turns":6.0},{"damage":7.0,"enemies":"Jaw Worm","floor":2.0,"turns":4.0},{"damage":0.0,"enemies":"Small Slimes","floor":5.0,"turns":4.0},{"damage":12.0,"enemies":"Exordium Thugs","floor":7.0,"turns":6.0},{"damage":0,"enemies":"2 Fungi Beasts","floor":8,"turns":3},{"damage":0,"enemies":"Gremlin Gang","floor":12,"turns":5},{"damage":2,"enemies":"Large Slime","floor":13,"turns":5},{"damage":3,"enemies":"2 Fungi Beasts","floor":14,"turns":3},{"damage":54,"enemies":"Slime Boss","floor":16,"turns":6}],"seed_played":"176192812954343039","potions_obtained":[{"floor":5.0,"key":"Regen Potion"},{"floor":7.0,"key":"SpeedPotion"},{"floor":11,"key":"Elixir"},{"floor":11,"key":"Swift Potion"},{"floor":14,"key":"Ancient Potion"}],"is_trial":false,"path_per_floor":["?","?","?","T","?","T","?","?","T","?","?","?","?","?","T","B"],"character_chosen":"WATCHER","items_purchased":["PathToVictory"],"campfire_rested":0,"item_purchase_floors":[4],"current_hp_per_floor":[71,64,50,50,50,50,50,50,50,50,50,50,48,45,45,0,0],"gold":43,"neow_bonus":"BOSS_RELIC","is_daily":false,"chose_seed":false,"campfire_upgraded":2,"win_rate":0.0,"timestamp":1612333010,"path_taken":["?","?","?","T","?","T","?","?","T","?","?","?","?","?","T","BOSS"],"items_purchased_type":["Card"],"build_version":"2020-12-22","purchased_purges":1,"victory":false,"max_hp_per_floor":[72,72,72,72,72,72,72,72,72,72,72,72,72,72,72,72,72],"card_choices":[{"not_picked":["Evaluate","Vengeance","Prostrate"],"picked":"SKIP","floor":1.0},{"not_picked":["Replay:Anticipation","CrushJoints","SashWhip"],"picked":"SKIP","floor":2.0},{"not_picked":["Evaluate","Sanctity","EmptyFist"],"picked":"SKIP","floor":5.0},{"not_picked":["Protect","Replay:BluntJabs","Replay:Anticipation"],"picked":"SKIP","floor":7.0},{"not_picked":["SashWhip","Protect","InnerPeace"],"picked":"SKIP","floor":8},{"not_picked":["Replay:AtTheReady","Wireheading","BattleHymn"],"picked":"SKIP","floor":12},{"not_picked":["Ragnarok","ClearTheMind","Worship"],"picked":"SKIP","floor":13},{"not_picked":["Replay:AtTheReady","MentalFortress","Weave"],"picked":"SKIP","floor":14}],"player_experience":170293,"relics_obtained":[{"floor":9,"key":"Ginger"}],"event_choices":[{"damage_healed":0.0,"max_hp_gain":0.0,"max_hp_loss":0.0,"gold_gain":0.0,"event_name":"Shining Light","player_choice":"Entered Light","floor":3.0,"gold_loss":0.0,"damage_taken":14.0,"cards_upgraded":["Vigilance","Defend_P"]},{"cards_removed":["Strike_P"],"damage_healed":0,"gold_gain":0,"player_choice":"Card Removal","damage_taken":0,"max_hp_gain":0,"max_hp_loss":0,"event_name":"The Cleric","floor":10,"gold_loss":50},{"damage_healed":0,"gold_gain":0,"player_choice":"Got Potions","damage_taken":0,"max_hp_gain":0,"max_hp_loss":0,"event_name":"Lab","floor":11,"gold_loss":0}],"is_beta":false,"boss_relics":[],"items_purged_floors":[4],"is_endless":false,"potions_floor_spawned":[5,7,14],"killed_by":"Slime Boss","ascension_level":5}}