{"host":"r91i8wii3z9p67t1","time":1612369265,"event":{"mods":["BaseMod","Minty Spire (QoL Compilation)","Relic Stats","Replay The Spire","StSLib"],"gold_per_floor":[117,117,129,129,148,178,178,20,43,59,59,90,90,116,116,116,116],"floor_reached":16,"language":"ZHT","playtime":1002,"items_purged":[],"score":236,"play_id":"c95c99e7-1df0-4b4f-892d-ec7fe62d5156","local_time":"20210204002105","is_ascension_mode":true,"campfire_choices":[{"floor":7,"key":"REST"},{"floor":11,"key":"REST"},{"floor":13,"key":"REST"},{"data":"Wild Strike","floor":15,"key":"SMITH"}],"circlet_count":0,"master_deck":["AscendersBane","Strike_R","Strike_R","Strike_R","Strike_R","Strike_R","Defend_R+1","Defend_R","Defend_R","Defend_R","Bash+1","Wild Strike+1","Dropkick","Pommel Strike","True Grit","Spot Weakness","Pummel","Shockwave"],"relics":["Burning Blood","King of Hearts","Membership Card","Strawberry","Art of War","Prayer Wheel"],"acts_visited":["Exordium"],"potions_floor_usage":[6,14,16],"damage_taken":[{"damage":7,"enemies":"Small Slimes","floor":1,"turns":3},{"damage":11,"enemies":"2 Louse","floor":3,"turns":3},{"damage":7,"enemies":"Jaw Worm","floor":5,"turns":3},{"damage":41,"enemies":"3 Sentries","floor":6,"turns":11},{"damage":13,"enemies":"Blue Slaver","floor":10,"turns":2},{"damage":36,"enemies":"Gremlin Nob","floor":12,"turns":4},{"damage":18,"enemies":"Lagavulin","floor":14,"turns":5},{"damage":45,"enemies":"Slime Boss","floor":16,"turns":6}],"seed_played":"4274133465242551956","potions_obtained":[{"floor":3,"key":"LiquidMemories"},{"floor":12,"key":"Languid Potion"},{"floor":14,"key":"DistilledChaos"}],"is_trial":false,"path_per_floor":["M","?","M","?","M","E","R","$","T","M","R","E","R","E","R","B"],"character_chosen":"IRONCLAD","items_purchased":["Membership Card"],"campfire_rested":3,"item_purchase_floors":[8],"current_hp_per_floor":[74,49,44,44,43,8,32,32,39,32,58,28,54,42,42,0,0],"gold":116,"neow_bonus":"TEN_PERCENT_HP_BONUS","is_daily":false,"chose_seed":false,"campfire_upgraded":1,"win_rate":0.0,"timestamp":1612369265,"path_taken":["M","?","M","?","M","E","R","$","T","M","R","E","R","E","R","BOSS"],"items_purchased_type":["Relic"],"build_version":"2020-12-22","purchased_purges":0,"victory":false,"max_hp_per_floor":[82,82,82,82,82,82,82,82,89,89,89,89,89,89,89,89,89],"relic_stats":{"counters":[8,37],"Prayer Wheel":0,"Art of War":[2],"obtain_stats":[{"Strawberry":9,"Prayer Wheel":14,"King of Hearts":6,"Art of War":12,"Membership Card":8,"Burning Blood":0},{"Strawberry":4,"Prayer Wheel":7,"King of Hearts":4,"Art of War":6,"Membership Card":4,"Burning Blood":0},{"Strawberry":20,"Prayer Wheel":31,"King of Hearts":20,"Art of War":26,"Membership Card":20,"Burning Blood":0}],"Burning Blood":42},"card_choices":[{"not_picked":["ReplayTheSpireMod:Strike From Hell","ReplayTheSpireMod:LeadingStrike"],"picked":"Wild Strike","floor":1},{"not_picked":["Heavy Blade","ReplayReversal"],"picked":"Dropkick","floor":3},{"not_picked":["Clothesline","Clash"],"picked":"Pommel Strike","floor":5},{"not_picked":["Dropkick","Searing Blow"],"picked":"True Grit","floor":6},{"not_picked":["Iron Wave","Pummel"],"picked":"Spot Weakness","floor":10},{"not_picked":["Whirlwind","Searing Blow"],"picked":"Pummel","floor":12},{"not_picked":["Run Through","Pommel Strike"],"picked":"Shockwave","floor":14}],"player_experience":958532,"relics_obtained":[{"floor":6,"key":"King of Hearts"},{"floor":9,"key":"Strawberry"},{"floor":12,"key":"Art of War"},{"floor":14,"key":"Prayer Wheel"}],"event_choices":[{"damage_healed":0,"gold_gain":0,"player_choice":"Entered Light","damage_taken":25,"max_hp_gain":0,"max_hp_loss":0,"event_name":"Shining Light","floor":2,"gold_loss":0,"cards_upgraded":["Bash","Defend_R"]},{"damage_healed":0,"gold_gain":0,"player_choice":"Ignored","damage_taken":0,"max_hp_gain":0,"max_hp_loss":0,"event_name":"Liars Game","floor":4,"gold_loss":0}],"is_beta":false,"boss_relics":[],"items_purged_floors":[],"is_endless":false,"potions_floor_spawned":[3,12,14],"killed_by":"Slime Boss","ascension_level":20}}