{"host":"sc0o2qwpf9j16a4i","time":1612350829,"event":{"mods":["AchievementEnabler","BaseMod","BetterRewards","Block Reminder","Colored Map","Colored Powertips","Custom Start","Highlight Path","Minty Spire (QoL Compilation)","Relic Stats"],"gold_per_floor":[116,169,181,61,81,108,119,119,119,5,36,48,65,82,82,185,185,202,222,37,37,57,82,82,117,117,128,143,184,194,212,212,319,319,332,350,1367,1367,32,76,76,114,194,225,252,10,30,30,30,30],"floor_reached":51,"language":"ENG","playtime":2617,"items_purged":["Normality"],"score":1181,"play_id":"4717483d-2665-4916-bcf3-bf9bbc50c008","local_time":"20210203131349","daily_mods":["Shiny","Vintage","Binary"],"is_ascension_mode":false,"campfire_choices":[{"data":"Feed","floor":8.0,"key":"SMITH"},{"data":"Offering","floor":15.0,"key":"SMITH"},{"data":"Demon Form","floor":32,"key":"SMITH"},{"data":"Impervious","floor":41,"key":"SMITH"},{"floor":49,"key":"DIG"}],"circlet_count":0,"master_deck":["Double Tap","Demon Form+1","Bludgeon+1","Feed+1","Limit Break+1","Corruption","Barricade","Fiend Fire","Impervious+1","Brutality","Reaper","Exhume","Offering+1","Immolate","Seeing Red+1","Entrench+1","Ghostly Armor+1","Offering+1","Entrench+1","Havoc+1","Ghostly Armor+1","Impervious+1","Rupture","Reaper+1","Twin Strike+1","Intimidate+1","Limit Break+1","Discovery+1","Master of Strategy+1","Normality","Burning Pact+1","Power Through+1","Infernal Blade+1","Dark Embrace"],"relics":["Burning Blood","Oddly Smooth Stone","Strawberry","Du-Vu Doll","Paper Frog","Blood Vial","Letter Opener","Potion Belt","Toxic Egg 2","Smiling Mask","Nunchaku","InkBottle","Bag of Preparation","Snecko Eye","Calipers","Orrery","The Courier","Regal Pillow","Meat on the Bone","Matryoshka","Darkstone Periapt","Ancient Tea Set","CeramicFish","Bird Faced Urn","Toy Ornithopter","Runic Dome","PreservedInsect","Bag of Marbles","War Paint","Lantern","Pear","Eternal Feather","Orichalcum","Akabeko","Torii","Dream Catcher","Whetstone","MawBank","Singing Bowl","Shovel","Boot","Membership Card","Ice Cream","Frozen Egg 2","Bronze Scales"],"acts_visited":["Exordium","TheCity","TheBeyond"],"potions_floor_usage":[19,23,28,28,28,31,50,50,50],"damage_taken":[{"damage":11.0,"enemies":"2 Louse","floor":1.0,"turns":2.0},{"damage":0.0,"enemies":"Cultist","floor":3.0,"turns":2.0},{"damage":6.0,"enemies":"Jaw Worm","floor":5.0,"turns":1.0},{"damage":27.0,"enemies":"3 Sentries","floor":6.0,"turns":4.0},{"damage":24.0,"enemies":"3 Louse","floor":7.0,"turns":6.0},{"damage":29.0,"enemies":"Gremlin Nob","floor":11.0,"turns":4.0},{"damage":33.0,"enemies":"Blue Slaver","floor":12.0,"turns":5.0},{"damage":22.0,"enemies":"Looter","floor":13.0,"turns":3.0},{"damage":18.0,"enemies":"Exordium Wildlife","floor":14.0,"turns":4.0},{"damage":58.0,"enemies":"Hexaghost","floor":16.0,"turns":10.0},{"damage":6.0,"enemies":"Shell Parasite","floor":18.0,"turns":4.0},{"damage":32,"enemies":"2 Thieves","floor":19,"turns":4},{"damage":14,"enemies":"Centurion and Healer","floor":22,"turns":3},{"damage":14,"enemies":"Book of Stabbing","floor":23,"turns":6},{"damage":15,"enemies":"Gremlin Leader","floor":25,"turns":7},{"damage":9,"enemies":"Sentry and Sphere","floor":27,"turns":4},{"damage":12,"enemies":"Snake Plant","floor":28,"turns":1},{"damage":38,"enemies":"Slavers","floor":29,"turns":8},{"damage":27,"enemies":"Centurion and Healer","floor":30,"turns":8},{"damage":12,"enemies":"Cultist and Chosen","floor":31,"turns":7},{"damage":23,"enemies":"Champ","floor":33,"turns":12},{"damage":6,"enemies":"Orb Walker","floor":35,"turns":5},{"damage":2,"enemies":"Giant Head","floor":40,"turns":5},{"damage":6,"enemies":"Reptomancer","floor":42,"turns":6},{"damage":0,"enemies":"3 Darklings","floor":44,"turns":1},{"damage":0,"enemies":"Sphere and 2 Shapes","floor":45,"turns":10},{"damage":10,"enemies":"Spire Growth","floor":47,"turns":6},{"damage":16,"enemies":"Donu and Deca","floor":50,"turns":11}],"seed_played":"2358926344810168482","potions_obtained":[{"floor":5.0,"key":"SkillPotion"},{"floor":6.0,"key":"CultistPotion"},{"floor":12.0,"key":"FearPotion"},{"floor":14.0,"key":"DistilledChaos"},{"floor":16.0,"key":"Ancient Potion"},{"floor":18,"key":"SpeedPotion"},{"floor":22,"key":"LiquidBronze"},{"floor":27,"key":"Strength Potion"},{"floor":28,"key":"SneckoOil"},{"floor":29,"key":"SkillPotion"},{"floor":40,"key":"FairyPotion"},{"floor":42,"key":"SpeedPotion"}],"is_trial":true,"path_per_floor":["M","T","M","?","M","E","M","R","T","$","E","M","M","M","R","B",null,"M","M","$","?","M","E","?","E","T","M","M","E","M","M","R","B",null,"M","?","?","?","$","E","R","E","T","M","M","$","M","?","R","B",null],"character_chosen":"IRONCLAD","items_purchased":["Entrench+1","Ghostly Armor+1","Orrery","Rupture","Bag of Marbles","War Paint","Lantern","Pear","Eternal Feather","Orichalcum","Akabeko","Torii","Burning Pact+1","Membership Card","Ice Cream","Dark Embrace"],"campfire_rested":0,"item_purchase_floors":[10,10,20,20,39,39,39,39,39,39,39,39,39,46,46,46],"current_hp_per_floor":[83,90,93,93,96,94,88,88,88,88,75,76,66,64,64,32,129,133,127,127,127,137,139,139,157,157,162,162,156,185,193,193,181,197,201,191,203,202,212,216,216,220,220,220,228,228,232,232,232,236],"gold":30,"neow_bonus":"","is_daily":false,"chose_seed":false,"campfire_upgraded":4,"win_rate":0.0,"timestamp":1612350829,"path_taken":["M","?","?","?","M","E","M","R","T","$","E","M","?","M","R","BOSS","M","M","$","?","M","E","?","E","T","M","M","E","?","?","R","BOSS","M","?","?","?","$","E","R","E","T","?","?","?","M","?","R","BOSS"],"items_purchased_type":["Card","Card","Relic","Card","Relic","Relic","Relic","Relic","Relic","Relic","Relic","Relic","Card","Relic","Relic","Card"],"build_version":"2020-12-22","purchased_purges":1,"victory":true,"max_hp_per_floor":[83,90,93,93,96,99,105,105,105,105,109,113,117,125,125,129,129,133,141,141,141,149,153,153,157,157,165,169,177,185,193,193,197,197,201,201,213,202,212,216,216,220,220,220,228,228,232,232,232,240],"relic_stats":{"Darkstone Periapt":12,"Regal Pillow":0,"Torii":0,"Singing Bowl":0,"CeramicFish":90,"Bag of Preparation":[38],"Whetstone":["Reaper","Twin Strike"],"Smiling Mask":10,"Boot":[0],"Burning Blood":110,"Blood Vial":24,"Nunchaku":[10],"Dream Catcher":0,"Shovel":0,"InkBottle":[39],"counters":[28,149],"Eternal Feather":0,"PreservedInsect":183,"Letter Opener":[327],"War Paint":["Limit Break","Seeing Red"],"Orichalcum":[12],"MawBank":36,"Bird Faced Urn":[27],"Bronze Scales":[30],"Snecko Eye":[241,238,233,226],"obtain_stats":[{"Darkstone Periapt":27,"Ice Cream":46,"Regal Pillow":23,"Lantern":39,"Calipers":19,"Torii":39,"Singing Bowl":43,"CeramicFish":29,"Bag of Preparation":14,"Whetstone":42,"Smiling Mask":11,"Ancient Tea Set":28,"Boot":45,"Burning Blood":0,"Blood Vial":5,"Nunchaku":12,"Dream Catcher":40,"Matryoshka":26,"Shovel":44,"Strawberry":2,"Toxic Egg 2":9,"InkBottle":13,"Paper Frog":4,"Potion Belt":7,"Pear":39,"Oddly Smooth Stone":1,"Eternal Feather":39,"The Courier":22,"PreservedInsect":35,"Letter Opener":6,"War Paint":39,"Orichalcum":39,"Frozen Egg 2":47,"MawBank":43,"Akabeko":39,"Du-Vu Doll":3,"Runic Dome":34,"Bird Faced Urn":30,"Bronze Scales":49,"Snecko Eye":17,"Orrery":20,"Bag of Marbles":39,"Membership Card":46,"Toy Ornithopter":31,"Meat on the Bone":25},{"Darkstone Periapt":16,"Ice Cream":26,"Regal Pillow":14,"Lantern":22,"Calipers":12,"Torii":22,"Singing Bowl":24,"CeramicFish":18,"Bag of Preparation":9,"Whetstone":24,"Smiling Mask":6,"Ancient Tea Set":17,"Boot":26,"Burning Blood":0,"Blood Vial":3,"Nunchaku":7,"Dream Catcher":23,"Matryoshka":15,"Shovel":25,"Strawberry":1,"Toxic Egg 2":5,"InkBottle":8,"Paper Frog":2,"Potion Belt":5,"Pear":22,"Oddly Smooth Stone":1,"Eternal Feather":22,"The Courier":13,"PreservedInsect":22,"Letter Opener":4,"War Paint":22,"Orichalcum":22,"Frozen Egg 2":27,"MawBank":24,"Akabeko":22,"Du-Vu Doll":2,"Runic Dome":21,"Bird Faced Urn":19,"Bronze Scales":27,"Snecko Eye":10,"Orrery":12,"Bag of Marbles":22,"Membership Card":26,"Toy Ornithopter":20,"Meat on the Bone":15},{"Darkstone Periapt":69,"Ice Cream":132,"Regal Pillow":58,"Lantern":110,"Calipers":49,"Torii":110,"Singing Bowl":121,"CeramicFish":78,"Bag of Preparation":31,"Whetstone":121,"Smiling Mask":19,"Ancient Tea Set":70,"Boot":132,"Burning Blood":0,"Blood Vial":5,"Nunchaku":24,"Dream Catcher":115,"Matryoshka":65,"Shovel":122,"Strawberry":2,"Toxic Egg 2":15,"InkBottle":27,"Paper Frog":4,"Potion Belt":15,"Pear":110,"Oddly Smooth Stone":2,"Eternal Feather":110,"The Courier":52,"PreservedInsect":110,"Letter Opener":9,"War Paint":110,"Orichalcum":110,"Frozen Egg 2":138,"MawBank":121,"Akabeko":110,"Du-Vu Doll":4,"Runic Dome":105,"Bird Faced Urn":86,"Bronze Scales":138,"Snecko Eye":41,"Orrery":49,"Bag of Marbles":110,"Membership Card":132,"Toy Ornithopter":93,"Meat on the Bone":65}],"Toy Ornithopter":0,"Meat on the Bone":0},"card_choices":[{"not_picked":["Armaments"],"picked":"Seeing Red","floor":6.0},{"not_picked":["Iron Wave"],"picked":"Offering+1","floor":11.0},{"not_picked":["Pommel Strike"],"picked":"Entrench+1","floor":20},{"not_picked":["Infernal Blade+1"],"picked":"Havoc+1","floor":20},{"not_picked":["Twin Strike"],"picked":"Ghostly Armor+1","floor":20},{"not_picked":["Metallicize"],"picked":"Impervious+1","floor":20},{"not_picked":["Cleave"],"picked":"Reaper","floor":23},{"not_picked":["Hemokinesis","Iron Wave"],"picked":"SKIP","floor":25},{"not_picked":["Reckless Charge"],"picked":"Intimidate+1","floor":29},{"not_picked":["Fiend Fire"],"picked":"Limit Break+1","floor":33},{"not_picked":["Purity+1"],"picked":"Discovery+1","floor":36},{"not_picked":["Swift Strike"],"picked":"Master of Strategy+1","floor":36},{"not_picked":["Wild Strike+1"],"picked":"Power Through+1","floor":40},{"not_picked":["Havoc+1"],"picked":"Infernal Blade+1","floor":42}],"player_experience":1141743,"relics_obtained":[{"floor":1.0,"key":"Oddly Smooth Stone"},{"floor":2.0,"key":"Strawberry"},{"floor":3.0,"key":"Du-Vu Doll"},{"floor":5.0,"key":"Blood Vial"},{"floor":6.0,"key":"Letter Opener"},{"floor":7.0,"key":"Potion Belt"},{"floor":9.0,"key":"Toxic Egg 2"},{"floor":11.0,"key":"Smiling Mask"},{"floor":12.0,"key":"Nunchaku"},{"floor":13.0,"key":"InkBottle"},{"floor":14.0,"key":"Bag of Preparation"},{"floor":19,"key":"Calipers"},{"floor":22,"key":"The Courier"},{"floor":23,"key":"Regal Pillow"},{"floor":25,"key":"Meat on the Bone"},{"floor":26,"key":"Matryoshka"},{"floor":27,"key":"Darkstone Periapt"},{"floor":28,"key":"Ancient Tea Set"},{"floor":29,"key":"CeramicFish"},{"floor":30,"key":"Bird Faced Urn"},{"floor":31,"key":"Toy Ornithopter"},{"floor":35,"key":"PreservedInsect"},{"floor":40,"key":"Dream Catcher"},{"floor":42,"key":"Whetstone"},{"floor":43,"key":"MawBank"},{"floor":43,"key":"Singing Bowl"},{"floor":44,"key":"Shovel"},{"floor":45,"key":"Boot"},{"floor":47,"key":"Frozen Egg 2"},{"floor":49,"key":"Bronze Scales"}],"event_choices":[{"damage_healed":0.0,"max_hp_gain":0.0,"max_hp_loss":0.0,"gold_gain":0.0,"event_name":"WeMeetAgain","player_choice":"Paid Gold","floor":4.0,"gold_loss":120.0,"damage_taken":0.0,"relics_obtained":["Paper Frog"]},{"cards_removed":["Berserk"],"damage_healed":0,"gold_gain":0,"player_choice":"Elegance","damage_taken":0,"max_hp_gain":0,"max_hp_loss":0,"event_name":"Back to Basics","floor":21,"gold_loss":0},{"damage_healed":0,"gold_gain":0,"cards_transformed":["Juggernaut"],"player_choice":"Transformed","damage_taken":0,"max_hp_gain":0,"max_hp_loss":0,"event_name":"Transmorgrifier","floor":24,"gold_loss":0,"cards_obtained":["Twin Strike"]},{"damage_healed":0,"gold_gain":0,"player_choice":"Memory 3","damage_taken":10,"max_hp_gain":0,"max_hp_loss":0,"event_name":"SensoryStone","floor":36,"gold_loss":0},{"damage_healed":0,"gold_gain":999,"player_choice":"Gold","damage_taken":0,"max_hp_gain":0,"max_hp_loss":0,"event_name":"MindBloom","floor":37,"gold_loss":0,"cards_obtained":["Normality","Normality"]},{"damage_healed":0,"gold_gain":0,"player_choice":"Max HP","damage_taken":0,"max_hp_gain":0,"max_hp_loss":11,"event_name":"Winding Halls","floor":38,"gold_loss":0},{"damage_healed":0,"gold_gain":0,"player_choice":"Forge","damage_taken":0,"max_hp_gain":0,"max_hp_loss":0,"event_name":"Accursed Blacksmith","floor":48,"gold_loss":0,"cards_upgraded":["Bludgeon"]}],"is_beta":false,"boss_relics":[{"not_picked":["Ectoplasm","Runic Cube"],"picked":"Snecko Eye"},{"not_picked":["Runic Pyramid","Black Blood"],"picked":"Runic Dome"}],"items_purged_floors":[39],"is_endless":false,"potions_floor_spawned":[5,6,12,14,16,18,22,27,28,29,40,42,47],"ascension_level":0}}