{"host":"b9sas8jv6tsy9swm","time":1612316381,"event":{"mods":["AchievementEnabler","BaseMod","Minty Spire (QoL Compilation)","Permanent Neow","Quick Restart","Replay The Spire","StSLib"],"gold_per_floor":[116,130,145,145,145,177,177,131,158,174,208,208,208,208],"floor_reached":13,"language":"ZHS","playtime":391,"items_purged":[],"score":121,"play_id":"4227535f-fcdf-4722-9327-549bbe5397f9","local_time":"20210203093941","is_ascension_mode":true,"campfire_choices":[{"data":"Sever Soul","floor":7.0,"key":"SMITH"},{"data":"True Grit","floor":12.0,"key":"SMITH"}],"circlet_count":0,"master_deck":["Strike_R","Strike_R","Strike_R","Defend_R","Defend_R","Defend_R","Bash+1","Sever Soul+1","Reaper","Clash","Wild Strike","True Grit+1"],"relics":["Burning Blood","ReplayTheSpireMod:Lightbulb","Gambling Chip"],"acts_visited":["Exordium"],"potions_floor_usage":[13],"damage_taken":[{"damage":11.0,"enemies":"Jaw Worm","floor":1.0,"turns":4.0},{"damage":0.0,"enemies":"Cultist","floor":2.0,"turns":2.0},{"damage":5.0,"enemies":"Small Slimes","floor":3.0,"turns":2.0},{"damage":16.0,"enemies":"Gremlin Nob","floor":6.0,"turns":3.0},{"damage":4.0,"enemies":"Looter","floor":10.0,"turns":2.0},{"damage":35.0,"enemies":"Lagavulin","floor":11.0,"turns":4.0},{"damage":26,"enemies":"3 Sentries","floor":13,"turns":7}],"seed_played":"276571533026270341","potions_obtained":[{"floor":6.0,"key":"Dexterity Potion"},{"floor":10.0,"key":"Reflective Coating"}],"is_trial":false,"path_per_floor":["M","M","M","?","?","E","R","$","T","M","E","R","E"],"character_chosen":"IRONCLAD","items_purchased":["True Grit"],"campfire_rested":0,"item_purchase_floors":[8],"current_hp_per_floor":[52,58,59,59,59,49,49,49,49,51,22,22,0,0],"gold":208,"neow_bonus":"TRANSFORM_TWO_CARDS","is_daily":false,"chose_seed":false,"campfire_upgraded":2,"win_rate":0.0,"timestamp":1612316381,"path_taken":["M","M","M","?","?","E","R","$","T","?","E","R","E"],"items_purchased_type":["Card"],"build_version":"2020-12-22","purchased_purges":0,"victory":false,"max_hp_per_floor":[80,80,80,80,80,80,80,80,80,80,80,80,80,80],"card_choices":[{"not_picked":["Twin Strike","Feel No Pain"],"picked":"Clash","floor":1.0},{"not_picked":["Body Slam","Uppercut","Flex"],"picked":"SKIP","floor":2.0},{"not_picked":["Pommel Strike","Carnage"],"picked":"Wild Strike","floor":3.0},{"not_picked":["Shrug It Off","Havoc","Pommel Strike"],"picked":"SKIP","floor":6.0},{"not_picked":["Run Through","Limit Break","Thunderclap"],"picked":"SKIP","floor":10.0},{"not_picked":["Cleave","Thunderclap","Replay:Undeath\u0027s Touch"],"picked":"SKIP","floor":11.0}],"player_experience":430991,"relics_obtained":[{"floor":6.0,"key":"ReplayTheSpireMod:Lightbulb"},{"floor":11.0,"key":"Gambling Chip"}],"event_choices":[{"damage_healed":0.0,"max_hp_gain":0.0,"max_hp_loss":0.0,"gold_gain":0.0,"event_name":"Upgrade Shrine","player_choice":"Upgraded","floor":5.0,"gold_loss":0.0,"damage_taken":0.0,"cards_upgraded":["Bash"]}],"is_beta":false,"boss_relics":[],"items_purged_floors":[],"is_endless":false,"potions_floor_spawned":[6,10],"killed_by":"3 Sentries","ascension_level":6}}