{"host":"takgv9cv6xf64vhq","time":1612349485,"event":{"mods":["BaseMod","Colored Powertips","Conspire","Decade(王小明)","Downfall","Energized Spire","Hermit","Hubris","LagranYue(拉格朗・月)","Marisa（F雨　魔理沙）","Minty Spire (QoL Compilation)","Replay The Spire","StSLib","The Cursed","The Hierophant","The Jungle","The Servant 0.9.4","TheHeartMod"],"gold_per_floor":[111,111,122,134,148,148,2,13,63,78,107,123,143,207,207,309,309,327,347,48,58,58,58,18,18,18,31,47,77,77,89,89,192,192,202,172,189,189,239,273,273,273,297,331,378,403,413,61,61,61,61,61,21,50,50],"floor_reached":56,"language":"ZHS","playtime":5857,"items_purged":["Flying Knee"],"score":2001,"play_id":"25eae0f2-33bb-47c4-af2a-9368f61eb1bd","local_time":"20210203185125","is_ascension_mode":true,"campfire_choices":[{"data":"Neutralize","floor":6.0,"key":"SMITH"},{"data":"Noxious Fumes","floor":15.0,"key":"SMITH"},{"data":"After Image","floor":23.0,"key":"SMITH"},{"data":"Dodge and Roll","floor":25.0,"key":"SMITH"},{"floor":42.0,"key":"RECALL"},{"data":"A Thousand Cuts","floor":49.0,"key":"SMITH"},{"data":"Caltrops","floor":52.0,"key":"SMITH"}],"circlet_count":0,"master_deck":["AscendersBane","Defend_G","Defend_G","Defend_G","Defend_G","Defend_G","Survivor","Neutralize+1","Dagger Throw","Footwork","Dodge and Roll+1","Backflip","Noxious Fumes+1","ReplayTheSpireMod:Speed Training","Slice+1","Caltrops+1","ReplayTheSpireMod:Speed Training","Hidden Blade","After Image+1","Dodge and Roll+1","Catalyst","Cloak And Dagger+1","PiercingWail+1","Masterful Stab","Poisoned Stab","Slimebound:Tackle+1","Slimebound:Tackle+1","Slimebound:Tackle+1","A Thousand Cuts+1","Corpse Explosion","Finisher+1","Catalyst+1","Madness+1","Madness","Blade Dance","Bullet Time","Outmaneuver+1","Deflect+1","Blade Dance+1","Blur+1","Escape Plan","Well Laid Plans","Draining Mist+1"],"relics":["hubris:Stopwatch","Akabeko","Shuriken","ReplayTheSpireMod:Ninjato","Coffee Dripper","Basket Of Snakes","hubris:Icosahedron","MealTicket","Honey Jar","hubris:Teleporter","Centennial Puzzle","hubris:Towel","hubris:TenFootPole","Anchor","CatCart","Bag of Marbles","Membership Card","hubris:PeanutButter","War Paint"],"acts_visited":["Exordium","TheCity","TheBeyond","TheEnding"],"potions_floor_usage":[55,55,55],"damage_taken":[{"damage":5.0,"enemies":"Small Slimes","floor":1.0,"turns":4.0},{"damage":0.0,"enemies":"Cultist","floor":3.0,"turns":4.0},{"damage":0.0,"enemies":"Jaw Worm","floor":4.0,"turns":7.0},{"damage":0.0,"enemies":"Blue Slaver","floor":5.0,"turns":6.0},{"damage":8.0,"enemies":"3 Louse","floor":8.0,"turns":5.0},{"damage":3.0,"enemies":"Gremlin Gang","floor":10.0,"turns":6.0},{"damage":3.0,"enemies":"Replay:BlueRogue","floor":11.0,"turns":7.0},{"damage":1.0,"enemies":"Blue Slaver","floor":12.0,"turns":5.0},{"damage":8.0,"enemies":"3 Louse","floor":13.0,"turns":4.0},{"damage":7.0,"enemies":"Gremlin Nob","floor":14.0,"turns":2.0},{"damage":0.0,"enemies":"Hexaghost","floor":16.0,"turns":11.0},{"damage":4.0,"enemies":"Chosen","floor":18.0,"turns":5.0},{"damage":0.0,"enemies":"2 Thieves","floor":19.0,"turns":5.0},{"damage":15.0,"enemies":"Centurion and Healer","floor":21.0,"turns":5.0},{"damage":10.0,"enemies":"Snake Plant","floor":27.0,"turns":6.0},{"damage":2.0,"enemies":"Shelled Parasite and Fungi","floor":28.0,"turns":5.0},{"damage":0.0,"enemies":"conspire:Head Lice","floor":29.0,"turns":7.0},{"damage":41.0,"enemies":"Chosen and Byrds","floor":31.0,"turns":7.0},{"damage":24.0,"enemies":"Collector","floor":33.0,"turns":11.0},{"damage":17.0,"enemies":"3 Shapes","floor":35.0,"turns":5.0},{"damage":0.0,"enemies":"Orb Walker","floor":37.0,"turns":3.0},{"damage":0.0,"enemies":"Mind Bloom Boss Battle","floor":39.0,"turns":7.0},{"damage":0.0,"enemies":"Giant Head","floor":40.0,"turns":6.0},{"damage":0.0,"enemies":"Nemesis","floor":44.0,"turns":6.0},{"damage":1.0,"enemies":"Orin","floor":45.0,"turns":7.0},{"damage":1.0,"enemies":"conspire:MimicChest","floor":46.0,"turns":4.0},{"damage":7.0,"enemies":"Transient","floor":47.0,"turns":5.0},{"damage":5.0,"enemies":"Awakened One","floor":50.0,"turns":8.0},{"damage":21.0,"enemies":"Shield and Spear","floor":54.0,"turns":5.0},{"damage":46,"enemies":"The Heart","floor":55,"turns":6}],"seed_played":"218861327756194936","potions_obtained":[{"floor":1.0,"key":"Ancient Potion"},{"floor":5.0,"key":"Doom Potion"},{"floor":10.0,"key":"Slimebound:ThreeZeroPotion"},{"floor":16.0,"key":"AttackPotion"},{"floor":18.0,"key":"LiquidBronze"},{"floor":21.0,"key":"SkillPotion"},{"floor":28.0,"key":"Fire Potion"},{"floor":35.0,"key":"Adrenaline Potion"},{"floor":36.0,"key":"EssenceOfSteel"},{"floor":36.0,"key":"AttackPotion"},{"floor":44.0,"key":"Block Potion"},{"floor":45.0,"key":"EssenceOfSteel"},{"floor":54.0,"key":"Strength Potion"}],"is_trial":false,"path_per_floor":["M","?","M","M","M","R","$","M","T","M","E","M","M","?","R","B",null,"M","M","$","M","?","R","$","R","T","M","M","E","?","M","R","B",null,"M","?","M","?","?","E","?","R","T","E","?","?","M","$","R","B",null,"R","$","E","B",null],"character_chosen":"THE_SILENT","items_purchased":["Noxious Fumes","ReplayTheSpireMod:Speed Training","Basket Of Snakes","PiercingWail+1","Membership Card","hubris:PeanutButter","Escape Plan","Well Laid Plans"],"campfire_rested":0,"item_purchase_floors":[7,7,20,24,48,48,48,53],"current_hp_per_floor":[58,58,58,58,58,58,58,50,50,47,44,43,35,28,28,28,60,56,56,56,41,41,41,41,41,41,31,29,70,70,29,50,46,64,47,47,47,38,38,38,38,38,38,38,37,36,29,44,44,39,62,62,70,49,3],"gold":50,"neow_bonus":"BOSS_RELIC","is_daily":false,"chose_seed":false,"campfire_upgraded":6,"win_rate":0.0,"timestamp":1612349485,"path_taken":["M","?","?","M","M","R","?","M","T","M","E","M","M","?","R","BOSS","M","M","$","M","?","R","$","R","T","M","M","E","?","M","R","BOSS","M","?","?","?","?","E","?","R","T","E","?","?","?","$","R","BOSS","R","$","E","BOSS"],"items_purchased_type":["Card","Card","Relic","Card","Relic","Relic","Card","Card"],"build_version":"2020-12-22","purchased_purges":1,"victory":true,"max_hp_per_floor":[70,70,70,70,70,70,70,70,70,70,70,70,70,70,70,70,70,70,70,70,70,70,70,70,70,70,70,70,70,70,70,70,70,70,70,70,70,70,70,70,70,70,70,70,70,70,70,70,70,70,70,70,70,70,70],"card_choices":[{"not_picked":["hubris:TrickCloak","Endless Agony"],"picked":"Dagger Throw","floor":1.0},{"not_picked":["Distraction","ReplayTheSpireMod:Exploit Weakness"],"picked":"Footwork","floor":3.0},{"not_picked":["Outmaneuver","Escape Plan"],"picked":"Dodge and Roll","floor":4.0},{"not_picked":["Sucker Punch","hubris:TrickCloak"],"picked":"Backflip","floor":5.0},{"not_picked":["hubris:SlightOfHand","Finisher"],"picked":"Flying Knee","floor":8.0},{"not_picked":["Reflex","Deadly Poison"],"picked":"Slice","floor":10.0},{"not_picked":["Hidden Blade","hubris:SlightOfHand"],"picked":"Caltrops","floor":11.0},{"not_picked":["Sucker Punch","ReplayTheSpireMod:Necrosis"],"picked":"ReplayTheSpireMod:Speed Training","floor":12.0},{"not_picked":["PiercingWail","ReplayTheSpireMod:The Works"],"picked":"Hidden Blade","floor":13.0},{"not_picked":["Unload","Envenom"],"picked":"After Image","floor":16.0},{"not_picked":["Skewer","Sucker Punch"],"picked":"Dodge and Roll+1","floor":18.0},{"not_picked":["Hidden Blade","Noxious Fumes"],"picked":"Catalyst","floor":19.0},{"not_picked":["Backflip","Heel Hook"],"picked":"Cloak And Dagger+1","floor":21.0},{"not_picked":["Dash","Prepared","All Out Attack"],"picked":"SKIP","floor":27.0},{"not_picked":["Draining Mist","Flying Knee+1"],"picked":"Masterful Stab","floor":28.0},{"not_picked":["Dodge and Roll","Bane"],"picked":"Poisoned Stab","floor":29.0},{"not_picked":["Hidden Blade","Underhanded Strike"],"picked":"A Thousand Cuts","floor":31.0},{"not_picked":["Doppelganger","Unload"],"picked":"Corpse Explosion","floor":33.0},{"not_picked":["Draining Mist","Leg Sweep","Endless Agony"],"picked":"Finisher+1","floor":35.0},{"not_picked":["Sneak Up","Heel Hook","ReplayTheSpireMod:Shiv Toss"],"picked":"Catalyst+1","floor":37.0},{"not_picked":["Finisher","Deflect","Sucker Punch"],"picked":"Blade Dance","floor":39.0},{"not_picked":["hubris:TrickCloak","Underhanded Strike","Sucker Punch"],"picked":"Bullet Time","floor":40.0},{"not_picked":["Dagger Spray","conspire:DoublingDagger","Dagger Throw+1"],"picked":"Outmaneuver+1","floor":44.0},{"not_picked":["Blade Dance","PiercingWail","Prepared"],"picked":"Deflect+1","floor":45.0},{"not_picked":["Unload","Dagger Spray+1","hubris:TrickCloak"],"picked":"Blade Dance+1","floor":46.0},{"not_picked":["Dagger Spray","Outmaneuver","Flying Knee+1"],"picked":"Blur","floor":47.0},{"not_picked":["Noxious Fumes+1","Backflip+1","Deadly Poison"],"picked":"Draining Mist+1","floor":54.0}],"player_experience":354072,"relics_obtained":[{"floor":9.0,"key":"Akabeko"},{"floor":11.0,"key":"Shuriken"},{"floor":14.0,"key":"ReplayTheSpireMod:Ninjato"},{"floor":29.0,"key":"MealTicket"},{"floor":39.0,"key":"hubris:Teleporter"},{"floor":40.0,"key":"Centennial Puzzle"},{"floor":43.0,"key":"hubris:TenFootPole"},{"floor":44.0,"key":"Anchor"},{"floor":45.0,"key":"CatCart"},{"floor":46.0,"key":"Bag of Marbles"},{"floor":54.0,"key":"War Paint"}],"event_choices":[{"cards_removed":["Strike_G"],"damage_healed":0.0,"max_hp_gain":0.0,"max_hp_loss":0.0,"gold_gain":0.0,"event_name":"Bonfire Elementals","player_choice":"Offered Basic","floor":2.0,"gold_loss":0.0,"damage_taken":0.0},{"damage_healed":0.0,"max_hp_gain":0.0,"max_hp_loss":0.0,"gold_gain":30.0,"event_name":"Dead Adventurer","player_choice":"Searched \u00273\u0027 times","floor":14.0,"gold_loss":0.0,"damage_taken":0.0},{"damage_healed":0.0,"max_hp_gain":0.0,"max_hp_loss":0.0,"gold_gain":0.0,"event_name":"The Woman in Blue","player_choice":"Bought 2 Potions","floor":36.0,"gold_loss":0.0,"damage_taken":0.0},{"damage_healed":0.0,"max_hp_gain":0.0,"max_hp_loss":0.0,"gold_gain":0.0,"event_name":"Winding Halls","player_choice":"Embrace Madness","floor":38.0,"gold_loss":0.0,"damage_taken":9.0,"cards_obtained":["Madness","Madness"]},{"damage_healed":0.0,"max_hp_gain":0.0,"max_hp_loss":0.0,"gold_gain":0.0,"event_name":"MindBloom","player_choice":"Fight","floor":39.0,"gold_loss":0.0,"damage_taken":0.0},{"damage_healed":0.0,"max_hp_gain":0.0,"max_hp_loss":0.0,"gold_gain":0.0,"event_name":"OrinTheCat","player_choice":"Fight","floor":45.0,"gold_loss":0.0,"damage_taken":0.0}],"is_beta":false,"boss_relics":[{"not_picked":["Painkiller Herb","Runic Pyramid"],"picked":"Coffee Dripper"},{"not_picked":["hubris:TerracottaHorce","energizedSpire:OgreHead"],"picked":"Honey Jar"}],"items_purged_floors":[48],"is_endless":false,"potions_floor_spawned":[1,5,10,13,16,18,21,28,35,44,45,54],"ascension_level":12}}