{"host":"w8xisjf5mgmfjvmt","time":1612337048,"event":{"mods":["BaseMod","BetterRewards","Challenge The Spire","Conspire","Dota2Spire","Energized Spire","Filter the Spire","Minty Spire (QoL Compilation)","Quarter Circle Forward PUNCH!","Quick Restart","Relic Stats","Replay The Spire","Shop Mod","Spicy Shops","StSLib","¡¾ÒÅÎï¿¨ÅÆ¡¿REMEMod","óô»ðÖ¸ÄÏ"],"gold_per_floor":[110,140,153,133,152,152,24,50,50,68,83,83,116,132,132,207,207,220,140,140,140,140,172,172,199,281,281,311,336,356,55,55,132,132,143,143,157,157,157,192,192,223,223,251,57,76,76,93,93,93,93,93,93,93,200,200],"floor_reached":57,"language":"ZHS","playtime":3179,"items_purged":["Doubt"],"score":2858,"play_id":"4ccb998c-a112-4d7b-a00d-d939b7171480","local_time":"20210203152408","is_ascension_mode":true,"campfire_choices":[{"data":"Vault","floor":6.0,"key":"SMITH"},{"data":"Apotheosis","floor":15.0,"key":"SMITH"},{"data":"After Image","floor":27.0,"key":"SMITH"},{"floor":32.0,"key":"DIG"},{"data":"Night Terror","floor":41.0,"key":"SMITH"},{"data":"Well Laid Plans","floor":47.0,"key":"SMITH"},{"floor":49.0,"key":"RECALL"},{"data":"REME_FirmDetermination","floor":53.0,"key":"SMITH"}],"circlet_count":0,"master_deck":["AscendersBane","Survivor","Neutralize","Skewer","Well Laid Plans+1","Tools of the Trade","Adrenaline","Dash","Underhanded Strike","REME_ShadowStrike","Draining Mist","Vault+1","Acrobatics","Predator","Dash","Blade Dance","Apotheosis+1","Discovery","Panacea","Dagger Throw","Underhanded Strike","Backflip","After Image+1","Dagger Throw+1","Outmaneuver+1","All Out Attack","Parasite","Slice","Draining Mist","REME_GreenPollution+1","Poisoned Stab","Setup+1","Flechettes+1","Acrobatics","Underhanded Strike+1","Reflex","REME_CopyPotion","Glass Knife","REME_SpectralBlade","Bandage Up","Secret Technique","REME_FirmDetermination+1","Jack Of All Trades","Panacea","Replay:BasicMightCard","Night Terror+1","Masterful Stab","Bane","All Out Attack","Underhanded Strike","Acrobatics+1","REME_WheelOfFate","Deflect+1","Leg Sweep+1","Dagger Throw"],"relics":["REME_ComplimentaryCards","Pandora\u0027s Box","Replay:Ringing Soul","ReplayTheSpireMod:ShopPack","MealTicket","conspire:Flyswatter","Dota2Spire:Dagon","energizedSpire:StickyHand","Ring of Fury","Ring of Misfortune","Dota2Spire:AghanimScepter","Enchiridion","Gambling Chip","qcfpunch:Spiky_Bracers","Dota2Spire:ArcaneBoots","Toy Ornithopter","Medical Kit","Juzu Bracelet","conspire:SpecialSausage","REME_IWantAll","Pet Ghost","Oddly Smooth Stone","Bag of Marbles","Dota2Spire:MaskOfMadness"],"acts_visited":["Exordium","TheCity","TheBeyond","TheEnding"],"potions_floor_usage":[56,56],"damage_taken":[{"damage":4.0,"enemies":"Cultist","floor":1.0,"turns":3.0},{"damage":4.0,"enemies":"conspire:MimicChest","floor":2.0,"turns":4.0},{"damage":0.0,"enemies":"Jaw Worm","floor":3.0,"turns":3.0},{"damage":0.0,"enemies":"Small Slimes","floor":5.0,"turns":3.0},{"damage":0.0,"enemies":"3 Sentries","floor":8.0,"turns":7.0},{"damage":15.0,"enemies":"Gremlin Gang","floor":10.0,"turns":6.0},{"damage":0.0,"enemies":"3 Louse","floor":11.0,"turns":2.0},{"damage":0.0,"enemies":"Gremlin Nob","floor":13.0,"turns":3.0},{"damage":5.0,"enemies":"Exordium Thugs","floor":14.0,"turns":4.0},{"damage":29.0,"enemies":"The Guardian","floor":16.0,"turns":9.0},{"damage":6.0,"enemies":"Spheric Guardian","floor":18.0,"turns":4.0},{"damage":0.0,"enemies":"Gremlin Leader","floor":23.0,"turns":5.0},{"damage":0.0,"enemies":"Book of Stabbing","floor":25.0,"turns":4.0},{"damage":12.0,"enemies":"Gremlin Leader","floor":28.0,"turns":5.0},{"damage":0.0,"enemies":"3 Byrds","floor":30.0,"turns":4.0},{"damage":0.0,"enemies":"Automaton","floor":33.0,"turns":6.0},{"damage":0.0,"enemies":"Orb Walker","floor":35.0,"turns":2.0},{"damage":0.0,"enemies":"3 Darklings","floor":37.0,"turns":3.0},{"damage":0.0,"enemies":"Giant Head","floor":40.0,"turns":3.0},{"damage":0.0,"enemies":"Nemesis","floor":42.0,"turns":6.0},{"damage":0.0,"enemies":"Reptomancer","floor":44.0,"turns":6.0},{"damage":7.0,"enemies":"Maw","floor":46.0,"turns":5.0},{"damage":0.0,"enemies":"Jaw Worm Horde","floor":48.0,"turns":4.0},{"damage":52.0,"enemies":"conspire:OrnateMirror","floor":50.0,"turns":9.0},{"damage":0.0,"enemies":"Replay:Hell Engine","floor":51.0,"turns":7.0},{"damage":62,"enemies":"Shield and Spear","floor":55,"turns":12},{"damage":15,"enemies":"The Heart","floor":56,"turns":7}],"seed_played":"-3103497354910289134","potions_obtained":[{"floor":2.0,"key":"Dota2Spire:HealingSalve"},{"floor":4.0,"key":"Energy Potion"},{"floor":10.0,"key":"Weak Potion"},{"floor":14.0,"key":"Regen Potion"},{"floor":16.0,"key":"FearPotion"},{"floor":23.0,"key":"BlessingOfTheForge"},{"floor":30.0,"key":"Cursed Concoction"},{"floor":33.0,"key":"Elixir"}],"is_trial":false,"path_per_floor":["M","?","M","?","M","R","$","E","T","M","M","?","E","M","R","B",null,"M","?","?","?","?","E","?","E","T","R","E","T","M","$","R","B",null,"M","?","M","?","$","E","R","E","T","E","R","M","R","M","R","B","B",null,"R","$","E","B",null],"character_chosen":"THE_SILENT","items_purchased":["ReplayTheSpireMod:ShopPack","Reflex","Medical Kit","REME_WheelOfFate"],"campfire_rested":0,"item_purchase_floors":[7,31,31,45],"current_hp_per_floor":[55,54,57,57,60,60,63,66,66,66,66,66,69,64,64,38,77,74,74,74,77,80,83,62,62,62,62,53,53,53,71,71,74,102,102,95,99,93,108,111,111,118,118,120,123,125,125,125,125,90,90,117,117,126,88,92],"gold":200,"neow_bonus":"BOSS_RELIC","is_daily":false,"chose_seed":false,"campfire_upgraded":6,"win_rate":0.0,"timestamp":1612337048,"path_taken":["M","?","M","?","M","R","$","E","T","M","?","?","E","M","R","BOSS","M","?","?","?","?","E","?","E","T","R","E","?","M","$","R","BOSS","M","?","M","?","?","E","R","E","T","E","R","M","R","M","R","BOSS","BOSS","R","$","E","BOSS"],"items_purchased_type":["Relic","Card","Relic","Card"],"build_version":"2020-12-22","purchased_purges":1,"victory":true,"max_hp_per_floor":[66,69,72,72,75,75,78,81,81,84,84,84,87,87,87,90,90,93,93,93,96,99,102,102,102,102,102,105,105,105,108,108,111,111,111,114,114,114,114,117,117,120,120,120,123,126,126,126,126,126,126,126,126,126,126,126],"relic_stats":{"counters":[27,136],"Gambling Chip":[48],"Pandora\u0027s Box":["Skewer","Well Laid Plans","Tools of the Trade","Skewer","Adrenaline","Dash","Underhanded Strike","REME_ShadowStrike","Draining Mist","conspire:DoublingDagger"],"MealTicket":39,"Juzu Bracelet":0,"Medical Kit":[4],"obtain_stats":[{"qcfpunch:Spiky_Bracers":26,"Dota2Spire:MaskOfMadness":56,"Enchiridion":24,"conspire:SpecialSausage":34,"Juzu Bracelet":32,"REME_IWantAll":40,"Pet Ghost":42,"Replay:Ringing Soul":2,"Gambling Chip":25,"MealTicket":8,"Dota2Spire:ArcaneBoots":28,"Ring of the Snake":0,"Dota2Spire:Dagon":13,"Oddly Smooth Stone":44,"energizedSpire:StickyHand":17,"Medical Kit":31,"Dota2Spire:AghanimScepter":23,"Ring of Misfortune":21,"Pandora\u0027s Box":0,"Ring of Fury":21,"Bag of Marbles":55,"Toy Ornithopter":29,"REME_ComplimentaryCards":0,"ReplayTheSpireMod:ShopPack":7,"conspire:Flyswatter":9},{"qcfpunch:Spiky_Bracers":13,"Dota2Spire:MaskOfMadness":27,"Enchiridion":12,"conspire:SpecialSausage":16,"Juzu Bracelet":15,"REME_IWantAll":19,"Pet Ghost":20,"Replay:Ringing Soul":2,"Gambling Chip":13,"MealTicket":5,"Dota2Spire:ArcaneBoots":14,"Ring of the Snake":0,"Dota2Spire:Dagon":8,"Oddly Smooth Stone":21,"energizedSpire:StickyHand":10,"Medical Kit":15,"Dota2Spire:AghanimScepter":12,"Ring of Misfortune":11,"Pandora\u0027s Box":0,"Ring of Fury":11,"Bag of Marbles":26,"Toy Ornithopter":14,"REME_ComplimentaryCards":0,"ReplayTheSpireMod:ShopPack":4,"conspire:Flyswatter":5},{"qcfpunch:Spiky_Bracers":57,"Dota2Spire:MaskOfMadness":133,"Enchiridion":53,"conspire:SpecialSausage":72,"Juzu Bracelet":66,"REME_IWantAll":80,"Pet Ghost":86,"Replay:Ringing Soul":7,"Gambling Chip":57,"MealTicket":20,"Dota2Spire:ArcaneBoots":62,"Ring of the Snake":0,"Dota2Spire:Dagon":31,"Oddly Smooth Stone":92,"energizedSpire:StickyHand":44,"Medical Kit":66,"Dota2Spire:AghanimScepter":53,"Ring of Misfortune":48,"Pandora\u0027s Box":0,"Ring of Fury":48,"Bag of Marbles":129,"Toy Ornithopter":62,"REME_ComplimentaryCards":0,"ReplayTheSpireMod:ShopPack":13,"conspire:Flyswatter":20}],"Toy Ornithopter":10},"card_choices":[{"not_picked":["Catalyst","Bane"],"picked":"Acrobatics","floor":1.0},{"not_picked":["Riddle With Holes","Noxious Fumes"],"picked":"Predator","floor":2.0},{"not_picked":["ReplayTheSpireMod:Scrap Shanks","Slice"],"picked":"Dash","floor":3.0},{"not_picked":["ReplayTheSpireMod:Shiv Toss","Endless Agony"],"picked":"Blade Dance","floor":5.0},{"not_picked":["REME_WheelOfFate","REME_PuzzleBox"],"picked":"Apotheosis","floor":7.0},{"not_picked":["Magnetism","Specialist"],"picked":"Discovery","floor":7.0},{"not_picked":["Trip","Apotheosis"],"picked":"Panacea","floor":7.0},{"not_picked":["Deadly Poison","Draining Mist"],"picked":"Dagger Throw","floor":8.0},{"not_picked":["Expertise","Leg Sweep"],"picked":"Underhanded Strike","floor":10.0},{"not_picked":["Dagger Throw","Outmaneuver","Flying Knee"],"picked":"SKIP","floor":11.0},{"not_picked":["Fluid Movement","PiercingWail"],"picked":"Backflip","floor":13.0},{"not_picked":["Quick Slash","Blade Dance","REME_GrazeFinale"],"picked":"SKIP","floor":14.0},{"not_picked":["REME_CopyPotion","Die Die Die"],"picked":"After Image","floor":16.0},{"not_picked":["Dagger Throw+1","All Out Attack"],"picked":"Outmaneuver+1","floor":18.0},{"not_picked":["Poisoned Stab","Setup+1"],"picked":"REME_GreenPollution+1","floor":23.0},{"not_picked":["Sucker Punch","Replay:Poison Smokescreen","Blade Dance"],"picked":"SKIP","floor":25.0},{"not_picked":["Flechettes+1","Acrobatics"],"picked":"Underhanded Strike+1","floor":28.0},{"not_picked":["Distraction","Accuracy","Flying Knee"],"picked":"SKIP","floor":30.0},{"not_picked":["REME_CopyPotion","Glass Knife"],"picked":"REME_SpectralBlade","floor":33.0},{"not_picked":["Poisoned Stab","Dagger Throw+1","Blade Dance"],"picked":"SKIP","floor":35.0},{"not_picked":["Bandage Up","Secret Technique"],"picked":"REME_FirmDetermination","floor":36.0},{"not_picked":["Jack Of All Trades","Replay:BasicMightCard"],"picked":"Panacea","floor":36.0},{"not_picked":["Backstab","Hidden Blade+1","Cloak And Dagger"],"picked":"SKIP","floor":37.0},{"not_picked":["Night Terror","Masterful Stab"],"picked":"Bane","floor":40.0},{"not_picked":["All Out Attack","Underhanded Strike"],"picked":"Acrobatics+1","floor":42.0},{"not_picked":["REME_GreenPollution+1","Blade Dance","Dodge and Roll"],"picked":"SKIP","floor":44.0},{"not_picked":["Deflect+1","Dagger Throw"],"picked":"Leg Sweep+1","floor":46.0},{"not_picked":["Slice","Bane","REME_ShadowStrike"],"picked":"SKIP","floor":48.0},{"not_picked":["Infinite Blades","Dodge and Roll","Accuracy"],"picked":"SKIP","floor":55}],"player_experience":1259540,"relics_obtained":[{"floor":2.0,"key":"Replay:Ringing Soul"},{"floor":8.0,"key":"MealTicket"},{"floor":9.0,"key":"conspire:Flyswatter"},{"floor":13.0,"key":"Dota2Spire:Dagon"},{"floor":21.0,"key":"Ring of Fury"},{"floor":21.0,"key":"Ring of Misfortune"},{"floor":23.0,"key":"Dota2Spire:AghanimScepter"},{"floor":24.0,"key":"Enchiridion"},{"floor":25.0,"key":"Gambling Chip"},{"floor":26.0,"key":"qcfpunch:Spiky_Bracers"},{"floor":28.0,"key":"Dota2Spire:ArcaneBoots"},{"floor":29.0,"key":"Toy Ornithopter"},{"floor":32.0,"key":"Juzu Bracelet"},{"floor":40.0,"key":"REME_IWantAll"},{"floor":42.0,"key":"Pet Ghost"},{"floor":44.0,"key":"Oddly Smooth Stone"},{"floor":55,"key":"Bag of Marbles"}],"event_choices":[{"damage_healed":0.0,"max_hp_gain":0.0,"max_hp_loss":0.0,"gold_gain":0.0,"event_name":"The Woman in Blue","player_choice":"Bought 1 Potion","floor":4.0,"gold_loss":0.0,"damage_taken":0.0},{"damage_healed":0.0,"max_hp_gain":0.0,"max_hp_loss":0.0,"gold_gain":0.0,"event_name":"conspire:LoneGhost","player_choice":"Agree","floor":12.0,"gold_loss":0.0,"damage_taken":0.0},{"damage_healed":0.0,"max_hp_gain":0.0,"max_hp_loss":0.0,"gold_gain":0.0,"event_name":"Vampires","player_choice":"Ignored","floor":20.0,"gold_loss":0.0,"damage_taken":0.0},{"damage_healed":0.0,"max_hp_gain":0.0,"max_hp_loss":0.0,"gold_gain":0.0,"cards_transformed":["conspire:DoublingDagger","Skewer"],"event_name":"Drug Dealer","player_choice":"Became Test Subject","floor":22.0,"gold_loss":0.0,"damage_taken":0.0,"cards_obtained":["Slice","Draining Mist"]},{"damage_healed":0.0,"max_hp_gain":0.0,"max_hp_loss":0.0,"gold_gain":0.0,"event_name":"Cursed Tome","player_choice":"Obtained Book","floor":24.0,"gold_loss":0.0,"damage_taken":21.0},{"damage_healed":0.0,"max_hp_gain":0.0,"max_hp_loss":0.0,"gold_gain":0.0,"event_name":"SensoryStone","player_choice":"Memory 3","floor":36.0,"gold_loss":0.0,"damage_taken":10.0},{"damage_healed":0.0,"max_hp_gain":0.0,"max_hp_loss":0.0,"gold_gain":0.0,"event_name":"conspire:Investor","player_choice":"Leave","floor":38.0,"gold_loss":0.0,"damage_taken":0.0}],"is_beta":false,"boss_relics":[{"not_picked":["Cursed Key","Abe\u0027s Treasure"],"picked":"energizedSpire:StickyHand"},{"not_picked":["conspire:SeveredTorchhead","Velvet Choker"],"picked":"conspire:SpecialSausage"}],"items_purged_floors":[7],"is_endless":false,"potions_floor_spawned":[2,10,14,16,23,25,30,33,44,46,55],"ascension_level":20}}