{"host":"ydg0vn0pu4pubmdt","time":1612386242,"event":{"mods":["AchievementEnabler","BaseMod","Colored Map","Gold Saver","Minty Spire (QoL Compilation)","Quick Restart","SuperFastMode"],"gold_per_floor":[364,374,374,218,234,263,39,57,83,83,83,40,40,55,55,55,55],"floor_reached":16,"language":"KOR","playtime":429,"items_purged":["Strike_G","Strike_G"],"score":200,"play_id":"f05074de-0b07-4ab4-9dca-f5828aeea034","local_time":"20210204060402","is_ascension_mode":true,"campfire_choices":[{"data":"Neutralize","floor":11.0,"key":"SMITH"},{"floor":15.0,"key":"REST"}],"circlet_count":0,"master_deck":["AscendersBane","Strike_G","Strike_G","Strike_G","Defend_G","Defend_G","Defend_G","Defend_G","Defend_G","Survivor","Neutralize+1","Blur","Choke","Predator","Blade Dance","Flash of Steel","Dagger Spray","Tactician","Backflip"],"relics":["Ring of the Snake","Toy Ornithopter","PreservedInsect","Anchor","Golden Idol"],"acts_visited":["Exordium"],"potions_floor_usage":[],"damage_taken":[{"damage":1.0,"enemies":"Cultist","floor":1.0,"turns":4.0},{"damage":1.0,"enemies":"Jaw Worm","floor":2.0,"turns":6.0},{"damage":0.0,"enemies":"2 Louse","floor":5.0,"turns":4.0},{"damage":19.0,"enemies":"3 Sentries","floor":6.0,"turns":10.0},{"damage":1.0,"enemies":"Blue Slaver","floor":8.0,"turns":5.0},{"damage":0.0,"enemies":"Large Slime","floor":14.0,"turns":4.0},{"damage":39,"enemies":"The Guardian","floor":16,"turns":6}],"seed_played":"9199535220812570877","potions_obtained":[{"floor":2.0,"key":"Dexterity Potion"},{"floor":8.0,"key":"SkillPotion"}],"is_trial":false,"path_per_floor":["M","M","?","$","M","E","$","M","T","?","R","$","?","M","R","B"],"character_chosen":"THE_SILENT","items_purchased":["Predator","Flash of Steel","Dagger Spray","Tactician"],"campfire_rested":1,"item_purchase_floors":[4,7,7,12],"current_hp_per_floor":[58,57,52,52,52,38,38,37,37,37,37,37,16,21,39,0,0],"gold":55,"neow_bonus":"TWO_FIFTY_GOLD","is_daily":false,"chose_seed":false,"campfire_upgraded":1,"win_rate":0.0,"timestamp":1612386242,"path_taken":["M","?","?","$","M","E","$","M","T","?","R","?","?","M","R","BOSS"],"items_purchased_type":["Card","Card","Card","Card"],"build_version":"2020-12-22","purchased_purges":2,"victory":false,"max_hp_per_floor":[60,60,60,60,60,60,60,60,60,60,60,60,60,60,60,60,60],"card_choices":[{"not_picked":["Acrobatics","Expertise"],"picked":"Blur","floor":1.0},{"not_picked":["Riddle With Holes","Quick Slash"],"picked":"Choke","floor":2.0},{"not_picked":["Escape Plan","Deadly Poison"],"picked":"Blade Dance","floor":5.0},{"not_picked":["Slice","Sucker Punch","Blur"],"picked":"SKIP","floor":6.0},{"not_picked":["Sucker Punch","Deadly Poison","Poisoned Stab"],"picked":"SKIP","floor":8.0},{"not_picked":["Dodge and Roll","Flechettes"],"picked":"Backflip","floor":14.0}],"player_experience":613524,"relics_obtained":[{"floor":6.0,"key":"PreservedInsect"},{"floor":9.0,"key":"Anchor"}],"event_choices":[{"damage_healed":0.0,"max_hp_gain":0.0,"max_hp_loss":0.0,"gold_gain":0.0,"event_name":"Scrap Ooze","player_choice":"Success","floor":3.0,"gold_loss":0.0,"damage_taken":5.0,"relics_obtained":["Toy Ornithopter"]},{"damage_healed":0.0,"max_hp_gain":0.0,"max_hp_loss":0.0,"gold_gain":0.0,"event_name":"Liars Game","player_choice":"Ignored","floor":10.0,"gold_loss":0.0,"damage_taken":0.0},{"damage_healed":0.0,"max_hp_gain":0.0,"max_hp_loss":0.0,"gold_gain":0.0,"event_name":"Golden Idol","player_choice":"Take Damage","floor":13.0,"gold_loss":0.0,"damage_taken":21.0,"relics_obtained":["Golden Idol"]}],"is_beta":false,"boss_relics":[],"items_purged_floors":[4,7],"is_endless":false,"potions_floor_spawned":[2,8],"killed_by":"The Guardian","ascension_level":20}}