{"host":"jo2hy1cuyjtes46m","time":1612375233,"event":{"mods":["BaseMod","Challenge The Spire","Downfall","Minty Spire (QoL Compilation)","Quick Restart","StSLib"],"gold_per_floor":[99,114,114,133,69,96,96,96,110,140,240,240,240,240,257,353,353,353,364,381,381,395,423,423,523,541,541,572,472,486,34,48,151,151,151,162,162,92,111,161,161,161,161,181,192,203,51,51,71,71],"floor_reached":51,"language":"ENG","playtime":3812,"items_purged":["champ:DeathBlow","champ:Execute"],"score":792,"play_id":"260bd31f-a75e-4f43-9c2e-cde1ceaeec16","local_time":"20210203180033","is_ascension_mode":true,"campfire_choices":[{"data":"champ:Taunt","floor":1,"key":"SMITH"},{"data":"champ:CheapShot","floor":8,"key":"SMITH"},{"data":"champ:FlashCut","floor":12,"key":"SMITH"},{"data":"champ:SwordSigil","floor":18,"key":"SMITH"},{"data":"champ:FanOfKnives","floor":29,"key":"SMITH"},{"data":"champ:HoldFirm","floor":35,"key":"SMITH"},{"data":"champ:FalseCounter","floor":42,"key":"SMITH"}],"circlet_count":0,"master_deck":["champ:Strike","champ:Strike","champ:Strike","champ:Defend","champ:Defend","champ:Defend","champ:Defend","champ:Taunt+1","champ:FlashCut+1","champ:DefensiveShout","champ:CheapShot+1","champ:StanceDance","champ:FanOfKnives+1","champ:SwordSigil+1","champ:VampiricStrike","champ:ShieldSigil+1","champ:FalseCounter+1","champ:ShieldSigil","champ:FlashCut","champ:HoldFirm+1","champ:DefensiveStyle+1","champ:DefensiveStyle+1","champ:ShieldSigil","champ:FalseCounter+1"],"relics":["expansioncontent:StudyCardRelic","FossilizedHelix","Blood Vial","Incense Burner","CloakClasp","Black Star","Peace Pipe","Ornamental Fan","Ginger","Anchor","HornCleat","Dead Branch","downfall:HeartBlessingGreen","Mango","Coffee Dripper","Thread and Needle","Bird Faced Urn","Bottled Flame","DollysMirror"],"acts_visited":["Exordium","TheCity","TheBeyond"],"potions_floor_usage":[11,16,20,20,28,36,36,36,36,44,44,50],"damage_taken":[{"damage":10,"enemies":"Jaw Worm","floor":2,"turns":3},{"damage":15,"enemies":"Cultist","floor":4,"turns":3},{"damage":15,"enemies":"downfall:FleeingMerchant","floor":5,"turns":4},{"damage":30,"enemies":"3 Sentries","floor":6,"turns":7},{"damage":0,"enemies":"2 Louse","floor":9,"turns":2},{"damage":27,"enemies":"Gremlin Nob","floor":10,"turns":4},{"damage":44,"enemies":"Gremlin Nob","floor":11,"turns":6},{"damage":5,"enemies":"Large Slime","floor":15,"turns":3},{"damage":11,"enemies":"DF_ARCHETYPE_STREAMLINE","floor":16,"turns":6},{"damage":9,"enemies":"Spheric Guardian","floor":19,"turns":3},{"damage":0,"enemies":"Shelled Parasite and Fungi","floor":20,"turns":2},{"damage":10,"enemies":"Centurion and Healer","floor":22,"turns":4},{"damage":0,"enemies":"Book of Stabbing","floor":23,"turns":4},{"damage":10,"enemies":"3 Cultists","floor":26,"turns":4},{"damage":40,"enemies":"Slavers","floor":28,"turns":4},{"damage":0,"enemies":"Snake Plant","floor":30,"turns":3},{"damage":5,"enemies":"downfall:FleeingMerchant","floor":31,"turns":5},{"damage":46,"enemies":"Sentry and Sphere","floor":32,"turns":5},{"damage":70,"enemies":"SI_MIRROR_ARCHETYPE","floor":33,"turns":10},{"damage":20,"enemies":"3 Darklings","floor":36,"turns":5},{"damage":0,"enemies":"downfall:FleeingMerchant","floor":38,"turns":3},{"damage":2,"enemies":"3 Shapes","floor":39,"turns":6},{"damage":0,"enemies":"3 Shapes","floor":40,"turns":4},{"damage":0,"enemies":"3 Darklings","floor":44,"turns":6},{"damage":0,"enemies":"Maw","floor":45,"turns":5},{"damage":0,"enemies":"Sphere and 2 Shapes","floor":46,"turns":3},{"damage":18,"enemies":"Spire Growth","floor":49,"turns":4},{"damage":7,"enemies":"IC_BLOCK_ARCHETYPE","floor":50,"turns":4}],"seed_played":"-8949712223424835872","potions_obtained":[{"floor":2,"key":"CultistPotion"},{"floor":6,"key":"DistilledChaos"},{"floor":11,"key":"EntropicBrew"},{"floor":15,"key":"DistilledChaos"},{"floor":16,"key":"EntropicBrew"},{"floor":19,"key":"champ:TechniquePotion"},{"floor":36,"key":"PowerPotion"},{"floor":40,"key":"Slimebound:ThreeZeroPotion"},{"floor":44,"key":"FearPotion"},{"floor":46,"key":"SkillPotion"}],"is_trial":false,"path_per_floor":["R","M","?","M","$","E","T","R","M","E","?","R","?","?","M","B",null,"R","M","M","?","M","E","T","?","M","?","E","R","M","$","M","B",null,"R","M","?","$","M","?","T","R","?","M","M","M","$","$","M","B",null],"character_chosen":"THE_CHAMP","items_purchased":["champ:StanceDance","Mango","Fire Potion","Thread and Needle","DollysMirror"],"campfire_rested":0,"item_purchase_floors":[5,31,31,38,47],"current_hp_per_floor":[90,90,75,75,75,70,70,70,72,67,50,50,50,50,62,68,90,90,86,88,88,90,90,90,90,90,90,70,70,82,103,98,55,104,104,104,96,98,98,100,100,100,100,104,104,104,104,104,86,87],"gold":71,"neow_bonus":"BOSS_RELIC","is_daily":false,"chose_seed":false,"campfire_upgraded":7,"win_rate":0.0,"timestamp":1612375233,"path_taken":["R","M","?","?","$","E","T","R","M","E","?","R","?","?","M","BOSS","R","M","M","?","M","E","T","?","?","?","E","R","M","$","M","BOSS","R","M","?","?","M","?","T","R","?","M","M","M","?","$","M","BOSS"],"items_purchased_type":["Card","Relic","Potion","Relic","Relic"],"build_version":"2020-12-22","purchased_purges":2,"victory":true,"max_hp_per_floor":[90,90,90,90,90,90,90,90,90,90,90,90,90,90,90,90,90,90,90,90,90,90,90,90,90,90,90,90,90,90,104,104,104,104,104,104,104,104,104,104,104,104,104,104,104,104,104,104,104,104],"card_choices":[{"not_picked":["champ:BladeFlurry","champ:ShieldSigil"],"picked":"champ:FlashCut","floor":2},{"not_picked":["champ:Circumvent","champ:PreemptiveStrike"],"picked":"champ:DefensiveShout","floor":4},{"not_picked":["champ:PreciseThrust","champ:SwordThrow"],"picked":"champ:CheapShot","floor":5},{"not_picked":["champ:PreemptiveStrike","champ:Circumvent"],"picked":"champ:DeathBlow","floor":6},{"not_picked":["champ:Duel","champ:TornadoPunch"],"picked":"champ:FanOfKnives","floor":9},{"not_picked":["champ:CrownThrow","champ:BringItOn","champ:Endure"],"picked":"SKIP","floor":10},{"not_picked":["champ:FanOfKnives","champ:FaceSlap"],"picked":"champ:SwordSigil","floor":15},{"not_picked":["champ:HeavySlash","champ:SwordThrow"],"picked":"champ:VampiricStrike","floor":16},{"not_picked":["champ:DeathBlow+1","champ:Backstep","champ:HeartStrike"],"picked":"SKIP","floor":19},{"not_picked":["champ:Shatter","champ:HeartStrike+1"],"picked":"champ:ShieldSigil+1","floor":20},{"not_picked":["champ:PreciseThrust","champ:ViciousMockery+1","champ:Haymaker+1"],"picked":"SKIP","floor":22},{"not_picked":["champ:FancyFootwork","champ:Duel+1","champ:SkillfulDodge+1"],"picked":"SKIP","floor":23},{"not_picked":["champ:FlashCut","champ:GutPunch"],"picked":"champ:VampiricStrike","floor":26},{"not_picked":["champ:RageSigil","champ:PreciseThrust","champ:Encircle+1"],"picked":"SKIP","floor":28},{"not_picked":["champ:PreciseThrust","champ:RageSigil"],"picked":"champ:FalseCounter","floor":30},{"not_picked":["champ:StanceDance","champ:FlashCut"],"picked":"champ:ShieldSigil","floor":31},{"not_picked":["champ:CalledShot","champ:TornadoPunch"],"picked":"champ:FlashCut","floor":32},{"not_picked":["champ:SteelEdge","champ:TripleStrike"],"picked":"champ:HoldFirm","floor":33},{"not_picked":["champ:Haymaker","champ:BladeFlurry"],"picked":"champ:DefensiveStyle+1","floor":36},{"not_picked":["champ:Duel+1","champ:PerfectedStrike+1","champ:Shatter+1"],"picked":"SKIP","floor":38},{"not_picked":["champ:PerfectedStrike+1","champ:EnragedBash"],"picked":"champ:DefensiveStyle+1","floor":39},{"not_picked":["champ:ShieldWall+1","champ:RapidStrikes","champ:PreciseThrust"],"picked":"SKIP","floor":44},{"not_picked":["champ:Circumvent+1","champ:Haymaker+1"],"picked":"champ:ShieldSigil","floor":45},{"not_picked":["champ:FaceSlap+1","champ:EnchantShield","champ:GutPunch"],"picked":"SKIP","floor":46},{"not_picked":["champ:EnGarde+1","champ:GladiatorStyle","champ:Haymaker"],"picked":"SKIP","floor":49}],"player_experience":306343,"relics_obtained":[{"floor":6,"key":"FossilizedHelix"},{"floor":7,"key":"Blood Vial"},{"floor":10,"key":"Incense Burner"},{"floor":11,"key":"CloakClasp"},{"floor":23,"key":"Peace Pipe"},{"floor":23,"key":"Ornamental Fan"},{"floor":24,"key":"Ginger"},{"floor":27,"key":"Anchor"},{"floor":28,"key":"HornCleat"},{"floor":28,"key":"Dead Branch"},{"floor":40,"key":"Bird Faced Urn"},{"floor":41,"key":"Bottled Flame"}],"event_choices":[{"cards_removed":["champ:Strike"],"damage_healed":0,"gold_gain":0,"player_choice":"Card Removal","damage_taken":0,"max_hp_gain":0,"max_hp_loss":0,"event_name":"The Cleric","floor":13,"gold_loss":0},{"damage_healed":0,"gold_gain":0,"player_choice":"Relic","damage_taken":0,"max_hp_gain":0,"max_hp_loss":0,"event_name":"Wheel of Change","floor":27,"gold_loss":0}],"is_beta":false,"boss_relics":[{"not_picked":["Empty Cage","Runic Pyramid"],"picked":"Black Star"},{"not_picked":["Runic Dome","Velvet Choker"],"picked":"Coffee Dripper"}],"items_purged_floors":[31,38],"is_endless":false,"potions_floor_spawned":[2,6,11,15,16,19,23,32,33,36,40,44,46],"ascension_level":2}}