{"host":"3po7ngt2j61s4rmj","time":1612386133,"event":{"mods":["Act Like it!","BaseMod","Elementarium","JesterMod","Minty Spire (QoL Compilation)","Relic Stats","Shade Mod","StSLib"],"gold_per_floor":[117,136,150,325,377,377,404,404,478,503,516,527,543,27,27,104,104,116,116,141,159,159,159,184,184,184,184,196,213,243,261,261,339,339,351,573,17,32,45,72,72,102,102,119,119,69,100,111,111,111,111,111,21,21,21],"floor_reached":54,"language":"ENG","playtime":4835,"items_purged":["Shade:Strike_Shade","Shade:Strike_Shade","Normality","Shade:Strike_Shade"],"score":1345,"play_id":"30bc9804-0487-4948-8aa7-3f216841ca67","local_time":"20210203140213","is_ascension_mode":true,"campfire_choices":[{"data":"Shade:Bite_Shade","floor":6,"key":"SMITH"},{"data":"Shade:Bonestorm","floor":8,"key":"SMITH"},{"data":"Shade:OminousRitual","floor":15,"key":"SMITH"},{"data":"Thinking Ahead","floor":23,"key":"SMITH"},{"data":"Apotheosis","floor":25,"key":"SMITH"},{"data":"Shade:Coordination","floor":27,"key":"SMITH"},{"data":"Shade:StitchTogether","floor":32,"key":"SMITH"},{"floor":41,"key":"RECALL"},{"data":"Shade:LichForm","floor":49,"key":"SMITH"},{"data":"Shade:FuneraryJewels","floor":52,"key":"SMITH"}],"circlet_count":0,"master_deck":["AscendersBane","Shade:Strike_Shade","Shade:Defend_Shade","Shade:Defend_Shade","Shade:Defend_Shade","Shade:Defend_Shade+1","Shade:AnimateDead+1","Shade:CarefulCut","CurseOfTheBell","Shade:Bite_Shade+1","Shade:Carnophage","Shade:FeralStrike","Doubt","Shade:Bonestorm+1","Shade:WallOfFlesh","Shade:StitchTogether+1","Shade:ClawBack","Shade:OminousRitual+1","Shade:Brains","Shade:Brains+1","Shade:FreshBones","Shade:Coordination+1","Apotheosis+1","Thinking Ahead+1","Clumsy","Clumsy","Shade:FreshBones+1","Shade:Premonition+1","Shade:Coordination","Shade:PotionOfRestlessness","Shade:FuneraryJewels+1","Shade:SensePrey","Shade:FuneraryArmor","Shade:LichForm+1","Normality","Shade:Doomsay","Shade:Carnophage"],"relics":["Calling Bell","Bag of Marbles","Matryoshka","Du-Vu Doll","War Paint","Happy Flower","HornCleat","PreservedInsect","Bottled Lightning","Toy Ornithopter","Cursed Key","Elementarium:GoldenMirage","Smiling Mask","Vajra","White Beast Statue","Nunchaku","Elementarium:ElementariumTrophy","Runic Pyramid","Pantograph","ClockworkSouvenir","Orichalcum","Bird Faced Urn","TungstenRod","Darkstone Periapt"],"acts_visited":["Exordium","Exordium","TheBeyond","TheEnding"],"potions_floor_usage":[7,10,20,30,33,38,39,50,54],"damage_taken":[{"damage":0,"enemies":"2 Louse","floor":1,"turns":1},{"damage":3,"enemies":"Jaw Worm","floor":2,"turns":2},{"damage":1,"enemies":"Cultist","floor":3,"turns":3},{"damage":15,"enemies":"3 Sentries","floor":7,"turns":8},{"damage":2,"enemies":"Lagavulin","floor":10,"turns":4},{"damage":0,"enemies":"Looter","floor":11,"turns":3},{"damage":0,"enemies":"Blue Slaver","floor":12,"turns":1},{"damage":0,"enemies":"Exordium Thugs","floor":13,"turns":2},{"damage":31,"enemies":"The Guardian","floor":16,"turns":11},{"damage":3,"enemies":"Elementarium:Cyclone","floor":18,"turns":6},{"damage":37,"enemies":"Elementarium:GOLDEN_STATUES","floor":20,"turns":6},{"damage":11,"enemies":"Elementarium:MUD_AND_TAR_GOLEMS","floor":21,"turns":5},{"damage":3,"enemies":"Elementarium:CYCLONE_AND_LIVING_STORMCLOUD","floor":28,"turns":8},{"damage":0,"enemies":"Elementarium:3_ELEMENTALS","floor":29,"turns":1},{"damage":10,"enemies":"Elementarium:FIRE_NOBILITY","floor":30,"turns":2},{"damage":1,"enemies":"Elementarium:VoidBeast","floor":31,"turns":4},{"damage":17,"enemies":"Elementarium:GolemEmperor","floor":33,"turns":11},{"damage":0,"enemies":"Orb Walker","floor":35,"turns":3},{"damage":0,"enemies":"3 Darklings","floor":38,"turns":3},{"damage":0,"enemies":"Transient","floor":39,"turns":5},{"damage":42,"enemies":"Nemesis","floor":40,"turns":9},{"damage":1,"enemies":"Reptomancer","floor":42,"turns":6},{"damage":8,"enemies":"Sphere and 2 Shapes","floor":44,"turns":3},{"damage":38,"enemies":"Giant Head","floor":47,"turns":8},{"damage":8,"enemies":"Jaw Worm Horde","floor":48,"turns":4},{"damage":55,"enemies":"Time Eater","floor":50,"turns":9},{"damage":77,"enemies":"Shield and Spear","floor":54,"turns":4}],"seed_played":"4028399069250720298","potions_obtained":[{"floor":3,"key":"SpeedPotion"},{"floor":7,"key":"BlessingOfTheForge"},{"floor":11,"key":"SpeedPotion"},{"floor":18,"key":"SkillPotion"},{"floor":28,"key":"Regen Potion"},{"floor":30,"key":"GamblersBrew"},{"floor":31,"key":"SpeedPotion"},{"floor":33,"key":"Energy Potion"},{"floor":35,"key":"LiquidBronze"},{"floor":38,"key":"AttackPotion"},{"floor":39,"key":"Dexterity Potion"},{"floor":40,"key":"LiquidBronze"},{"floor":42,"key":"DuplicationPotion"}],"is_trial":false,"path_per_floor":["M","M","M","?","?","R","E","R","T","E","M","M","M","$","R","B",null,"M","?","?","M","?","R","T","R","T","R","M","M","E","M","R","B",null,"M","?","$","M","M","E","R","E","T","M","T","$","E","M","R","B",null,"R","$","E"],"character_chosen":"SHADE","items_purchased":["Bottled Lightning","Toy Ornithopter","Shade:Brains","Pantograph","ClockworkSouvenir","Shade:PotionOfRestlessness","Shade:FuneraryJewels","Shade:Carnophage"],"campfire_rested":0,"item_purchase_floors":[14,14,14,37,37,37,37,53],"current_hp_per_floor":[59,56,57,57,57,57,48,48,48,49,52,52,55,55,55,40,59,62,70,46,45,45,45,45,45,45,45,58,58,61,63,63,67,72,73,73,73,73,73,41,41,53,53,61,61,61,49,64,64,38,64,64,64,0,0],"gold":21,"neow_bonus":"BOSS_RELIC","is_daily":false,"chose_seed":false,"campfire_upgraded":9,"win_rate":0.0,"timestamp":1612386133,"path_taken":["M","M","M","?","?","R","E","R","T","E","M","M","M","$","R","BOSS","M","?","?","?","?","R","?","R","T","R","M","M","E","?","R","BOSS","M","?","$","M","M","E","R","E","T","M","?","$","E","M","R","BOSS","R","$","E"],"items_purchased_type":["Relic","Relic","Card","Relic","Relic","Card","Card","Card"],"build_version":"2020-12-22","purchased_purges":4,"victory":false,"max_hp_per_floor":[65,65,65,65,65,65,65,65,65,65,65,65,65,65,65,65,65,65,73,73,73,73,73,73,73,73,73,73,73,73,73,73,73,73,73,73,73,73,73,73,73,73,73,73,73,73,73,73,73,73,73,73,73,73,73],"relic_stats":{"Darkstone Periapt":0,"Happy Flower":[39],"counters":[27,132],"PreservedInsect":369,"War Paint":["Shade:Defend_Shade","Shade:AnimateDead"],"Orichalcum":[78],"Cursed Key":4,"Smiling Mask":225,"Nunchaku":[8],"Pantograph":9,"Bird Faced Urn":[37],"obtain_stats":[{"Darkstone Periapt":47,"Shade:YorickSkull":0,"Vajra":24,"Cursed Key":17,"Smiling Mask":24,"ClockworkSouvenir":37,"Nunchaku":30,"Matryoshka":0,"HornCleat":9,"Pantograph":37,"Runic Pyramid":34,"Happy Flower":9,"PreservedInsect":10,"War Paint":7,"Orichalcum":40,"White Beast Statue":26,"Elementarium:GoldenMirage":20,"Calling Bell":0,"Du-Vu Doll":0,"Elementarium:ElementariumTrophy":33,"Bird Faced Urn":42,"Bag of Marbles":0,"Bottled Lightning":14,"Toy Ornithopter":14,"TungstenRod":45},{"Darkstone Periapt":24,"Shade:YorickSkull":0,"Vajra":12,"Cursed Key":9,"Smiling Mask":12,"ClockworkSouvenir":18,"Nunchaku":15,"Matryoshka":0,"HornCleat":4,"Pantograph":18,"Runic Pyramid":17,"Happy Flower":4,"PreservedInsect":5,"War Paint":4,"Orichalcum":21,"White Beast Statue":12,"Elementarium:GoldenMirage":11,"Calling Bell":0,"Du-Vu Doll":0,"Elementarium:ElementariumTrophy":17,"Bird Faced Urn":22,"Bag of Marbles":0,"Bottled Lightning":8,"Toy Ornithopter":8,"TungstenRod":23},{"Darkstone Periapt":115,"Shade:YorickSkull":0,"Vajra":52,"Cursed Key":35,"Smiling Mask":52,"ClockworkSouvenir":81,"Nunchaku":63,"Matryoshka":0,"HornCleat":14,"Pantograph":81,"Runic Pyramid":78,"Happy Flower":14,"PreservedInsect":18,"War Paint":14,"Orichalcum":98,"White Beast Statue":52,"Elementarium:GoldenMirage":47,"Calling Bell":0,"Du-Vu Doll":0,"Elementarium:ElementariumTrophy":78,"Bird Faced Urn":104,"Bag of Marbles":0,"Bottled Lightning":24,"Toy Ornithopter":24,"TungstenRod":107}],"Toy Ornithopter":18,"TungstenRod":17},"card_choices":[{"not_picked":["Shade:CallWraith","Shade:Trample"],"picked":"Shade:Bite_Shade","floor":1},{"not_picked":["Shade:FingerOfDeath","Shade:CoffinDance"],"picked":"Shade:Carnophage","floor":2},{"not_picked":["Shade:Frenzy","Shade:FuneraryArmor"],"picked":"Shade:FeralStrike","floor":3},{"not_picked":["Shade:FingerOfDeath","Shade:MadHubris"],"picked":"Shade:Bonestorm","floor":7},{"not_picked":["Shade:FleshToFlesh","Shade:TouchOfTheGrave"],"picked":"Shade:WallOfFlesh","floor":10},{"not_picked":["Shade:GraveStillness","Shade:Haruspicy"],"picked":"Shade:StitchTogether","floor":11},{"not_picked":["Shade:SkeletonHug","Shade:ExtraLimbs"],"picked":"Shade:ClawBack","floor":12},{"not_picked":["Shade:Bite_Shade","Shade:BoneShards"],"picked":"Shade:OminousRitual","floor":13},{"not_picked":["Shade:GraveStillness","Shade:SkeletonArmy"],"picked":"Shade:Brains+1","floor":18},{"not_picked":["Shade:AncientSpear","Shade:GoDigging"],"picked":"Shade:FreshBones","floor":20},{"not_picked":["Shade:FleshToFlesh","Shade:PressTheAttack+1"],"picked":"Shade:Coordination","floor":21},{"not_picked":["Panacea","Dramatic Entrance"],"picked":"Apotheosis","floor":22},{"not_picked":["Panacea","Forethought"],"picked":"Thinking Ahead","floor":22},{"not_picked":["Shade:Asphyxiate","Shade:SkeletonHug"],"picked":"Shade:FreshBones+1","floor":28},{"not_picked":["Shade:Frenzy","Shade:WallOfFlesh","Shade:FreshBones"],"picked":"SKIP","floor":29},{"not_picked":["Shade:FreshBones","Shade:SpectralStrikes"],"picked":"Shade:Premonition+1","floor":30},{"not_picked":["Shade:WallOfFlesh","Shade:FeralStrike","Shade:Consume"],"picked":"SKIP","floor":31},{"not_picked":["Shade:LastGasp","Shade:Consume"],"picked":"Shade:Coordination","floor":33},{"not_picked":["Shade:FingerOfDeath+1","Shade:BoneShards","Shade:CommandSoldier"],"picked":"SKIP","floor":35},{"not_picked":["Shade:LyeBath","Shade:Premonition+1"],"picked":"Shade:SensePrey","floor":38},{"not_picked":["Shade:Trample","Shade:ScuttlingHand"],"picked":"Shade:FuneraryArmor","floor":39},{"not_picked":["Shade:ExtraLimbs","Shade:WallOfFlesh+1"],"picked":"Shade:LichForm","floor":40},{"not_picked":["Shade:Premonition","Shade:BoneShards+1","Shade:FleshToFlesh"],"picked":"SKIP","floor":42},{"not_picked":["Shade:CoffinDance","Shade:WallOfFlesh","Shade:ClawBack+1"],"picked":"SKIP","floor":44},{"not_picked":["Shade:Tombstone","Shade:ScuttlingHand+1","Shade:CoffinDance"],"picked":"SKIP","floor":47},{"not_picked":["Shade:FingerOfDeath","Shade:Asphyxiate"],"picked":"Shade:Doomsay","floor":48}],"player_experience":1147680,"relics_obtained":[{"floor":0,"key":"Bag of Marbles"},{"floor":0,"key":"Matryoshka"},{"floor":0,"key":"Du-Vu Doll"},{"floor":7,"key":"War Paint"},{"floor":9,"key":"Happy Flower"},{"floor":9,"key":"HornCleat"},{"floor":10,"key":"PreservedInsect"},{"floor":20,"key":"Elementarium:GoldenMirage"},{"floor":24,"key":"Smiling Mask"},{"floor":24,"key":"Vajra"},{"floor":26,"key":"White Beast Statue"},{"floor":30,"key":"Nunchaku"},{"floor":40,"key":"Orichalcum"},{"floor":42,"key":"Bird Faced Urn"},{"floor":45,"key":"TungstenRod"},{"floor":47,"key":"Darkstone Periapt"}],"event_choices":[{"damage_healed":0,"gold_gain":175,"player_choice":"AGREE","damage_taken":0,"max_hp_gain":0,"max_hp_loss":0,"event_name":"Liars Game","floor":4,"gold_loss":0,"cards_obtained":["Doubt"]},{"damage_healed":0,"gold_gain":52,"player_choice":"Gained Gold","damage_taken":0,"max_hp_gain":0,"max_hp_loss":0,"event_name":"Golden Wing","floor":5,"gold_loss":0},{"damage_healed":0,"gold_gain":0,"player_choice":"Graft","damage_taken":0,"max_hp_gain":8,"max_hp_loss":0,"event_name":"Elementarium:SculptureGarden","floor":19,"gold_loss":0},{"damage_healed":0,"gold_gain":0,"player_choice":"Fight","damage_taken":0,"max_hp_gain":0,"max_hp_loss":0,"event_name":"Elementarium:GoldenStatues","floor":20,"gold_loss":0},{"damage_healed":0,"gold_gain":0,"player_choice":"Machinery","damage_taken":0,"max_hp_gain":0,"max_hp_loss":0,"event_name":"Elementarium:IncubationChamber","floor":22,"gold_loss":0},{"damage_healed":0,"gold_gain":222,"player_choice":"Presented the Golden Mirage","damage_taken":0,"max_hp_gain":0,"max_hp_loss":0,"event_name":"Elementarium:ChestOfTheGoldenMirage","floor":36,"gold_loss":0}],"is_beta":false,"boss_relics":[{"not_picked":["SacredBark","SlaversCollar"],"picked":"Cursed Key"},{"not_picked":["Velvet Choker","Tiny House"],"picked":"Runic Pyramid"}],"items_purged_floors":[14,37,46,53],"is_endless":false,"potions_floor_spawned":[3,7,11,18,28,29,30,31,33,35,38,39,40,42,44,47,48],"killed_by":"Shield and Spear","ascension_level":13}}