{"host":"34kve6bedbwpq90u","time":1612317256,"event":{"mods":["100% Spire Juice","AchievementEnabler","Act Like it!","Arknights","BaseMod","BetterRewards","Challenge The Spire","Colored Map","Custom Start","Decade(王小明)","Downfall","Friendly Minions","Gensokyo","GifTheSpireLib","HexUI Lib","Jedi Mod","Minty Spire (QoL Compilation)","MostiFishMod","Quarter Circle Forward PUNCH!","RumiaBox-露米娅的神秘盒子","Ryuuou龙王","SIMod","Shop Mod","Spicy Shops","StSLib","TestMod","The Animator","The Fake Hero","Waifu the Spire","WarShipGirlsR/战舰少女R mod","篝火指南"],"gold_per_floor":[119,119,132,147,147,151,151],"floor_reached":6,"language":"ZHS","playtime":309,"items_purged":[],"score":36,"play_id":"63110068-5b75-416b-b16d-367fae587eef","local_time":"20210203095416","is_ascension_mode":false,"campfire_choices":[],"circlet_count":0,"master_deck":["animator:Strike_Konosuba","animator:Defend_Konosuba","animator:Strike","animator:Strike","animator:Strike","animator:Defend","animator:Defend","animator:Defend","animator:Kazuma","animator:Aqua","MostiFishMod:EE1D","MostiFishMod:EE1D","MostiFishMod:EE1D","animator:LizardPriest","animator:Demiurge"],"relics":["animator:LivingPicture","animator:TheMissingPiece","testmod-TestBox","DaveBox","testmod-TheFather","EE1DDrone","NeowsBlessing","SynthV:TestCard"],"acts_visited":["Exordium"],"potions_floor_usage":[6],"damage_taken":[{"damage":0,"enemies":"2 Louse","floor":1,"turns":2},{"damage":0,"enemies":"Small Slimes","floor":3,"turns":1},{"damage":0,"enemies":"Cultist","floor":4,"turns":2},{"damage":176,"enemies":"Gremlin Nob","floor":6,"turns":8}],"seed_played":"-3277319755975244046","potions_obtained":[{"floor":5,"key":"SpeedPotion"},{"floor":5,"key":"FairyPotion"},{"floor":5,"key":"LiquidMemories"}],"is_trial":false,"path_per_floor":["M","?","M","M","?","E"],"character_chosen":"THE_ANIMATOR","items_purchased":[],"campfire_rested":0,"item_purchase_floors":[],"current_hp_per_floor":[66,71,71,71,71,0,0],"gold":151,"neow_bonus":"THREE_ENEMY_KILL","is_daily":false,"chose_seed":false,"campfire_upgraded":0,"win_rate":0.0,"timestamp":1612317256,"path_taken":["M","?","M","M","?","E"],"items_purchased_type":[],"build_version":"2020-12-22","purchased_purges":0,"victory":false,"max_hp_per_floor":[66,71,71,71,71,71,71],"card_choices":[{"not_picked":["animator:Alexander","animator:Rider","animator:Jibril"],"picked":"SKIP","floor":1},{"not_picked":["animator:Saber","animator:YaoHaDucy","animator:Lancer","animator:SakuraMatou"],"picked":"animator:LizardPriest","floor":3},{"not_picked":["animator:DolaCouronne","animator:DwarfShaman","animator:Viivi","animator:FielNirvalen"],"picked":"animator:Demiurge","floor":4}],"player_experience":58925,"relics_obtained":[{"floor":1,"key":"SynthV:TestCard"}],"event_choices":[{"damage_healed":0,"gold_gain":0,"player_choice":"Donut","damage_taken":0,"max_hp_gain":5,"max_hp_loss":0,"event_name":"Big Fish","floor":2,"gold_loss":0},{"damage_healed":0,"gold_gain":0,"player_choice":"Got Potions","damage_taken":0,"max_hp_gain":0,"max_hp_loss":0,"event_name":"Lab","floor":5,"gold_loss":0}],"is_beta":false,"boss_relics":[],"items_purged_floors":[],"is_endless":false,"potions_floor_spawned":[],"killed_by":"Gremlin Nob","ascension_level":0}}