{"host":"mq7pyadb5kndcn8l","time":1612312782,"event":{"mods":["AchievementEnabler","Arknights","Aspiration","BaseMod","Better Altar","Better Match","Better Note","Better Sensory Stone","Better Skull","Better Third Choice","BetterRewards","Block Reminder","CCEM2","Challenge The Spire","ChefMod","Colored Map","Colored Powertips","Conspire","Displayed Cursed Tome","Dota2Spire","Energized Spire","GifTheSpireLib","Highlight Path","Hubris","Infinite Spire","Mad Scientist","Marked Mod","Mimic Mod","Minty Spire (QoL Compilation)","Permanent Neow","QueenMod","Quick Restart","Random Character Button","Rare Cards Sparkle","Relic Filter","Relic Sorter","Reliquary","Replay The Spire","Reworked Bosses","Shade Mod","Shop Mod","Spicy Shops","Spikes Relics","Spire Arcade","StSLib","Stuff the Spire","SuperFastMode","The Blue Laboratory","Thieving Mod","Trackpad","Transform Curses","Wandering Minibosses"],"gold_per_floor":[148,2,16,64,884,884,903,968,1046,1046,1101,1101,1134,519,519,621,621,633,633,633,633,674,702,702,766,766,801,844,904,919,967,967,1043,1043,1089,1104,1160,574,594,657,657,724,724,756,802,813,813,863,863,863,863,863,202,267,297],"floor_reached":56,"language":"ENG","playtime":12298,"items_purged":["Shade:CarefulCut","Shade:SoulPierce+1","Shade:DangerousRitual+1","Shade:Strike_Shade","Shade:Defend_Shade","Shade:Defend_Shade","Shade:Defend_Shade+1","infinitespire:Starlight"],"score":3626,"play_id":"fda27648-959a-406e-a061-98af09729d78","local_time":"20210202193942","is_ascension_mode":true,"campfire_choices":[{"floor":6,"key":"REST"},{"data":"Specialist","floor":10,"key":"SMITH"},{"data":"Apotheosis","floor":15,"key":"SMITH"},{"floor":32,"key":"RECALL"},{"data":"Shade:Putrefaction","floor":41,"key":"SMITH"},{"data":"Shade:Carnophage","floor":47,"key":"SMITH"},{"data":"Shade:AuraOfUnlife","floor":49,"key":"SMITH"},{"data":"Shade:Brains","floor":52,"key":"SMITH"}],"circlet_count":0,"master_deck":["AscendersBane","Shade:Defend_Shade","Shade:AnimateDead","Shade:AuraOfUnlife+1","Shade:SensePrey+1","Specialist+1","Shade:Carnophage+1","Shade:GraveStillness","Shade:Trample","Shade:CallOfTheGrave","Shade:FreshBones+1","Apotheosis+1","Shade:Putrefaction+1","Shade:CommandSoldier","Shade:Brains+1","Shade:AblativeArmor","Shade:UnbarTheGrave","Shade:SensePrey","Shade:Frenzy+1","Shade:OpenGraves+1","Specialist+1"],"relics":["Shade:YorickSkull","Dota2Spire:BladeMail","Dota2Spire:HandOfMidas","MerchantsRug","trackpad:CultistFigurine","White Beast Statue","Oddly Smooth Stone","Iron Hammer","BlackRope","Membership Card","Dota2Spire:PhaseBoots","infinitespire:EmpoweringShard","Gremlin Food","Replay:Baseball","Strange Spoon","trackpad:AdjectivePendant","StuffTheSpire:BottledEssence","wanderingMiniBosses:MasterThiefsPresence","Sundial","Replay:Rubber Ducky","CCEMRelics:LatexGloves","reliquary:RosewoodLute","trackpad:RapidFire","reliquary:PartyBalloon","ExplosiveVial","CCEMRelics:FranticForklift","energizedSpire:RedRose","StuffTheSpire:Rhapsscallions","Bloody Idol","Blood Vial","Replay:Bottled Steam","trackpad:PetRock","Replay:Mystery Machine","StuffTheSpire:DarkSteelAnvil","hubris:ScarierMask","CCEMRelics:TeddyBear","Rawhide","CCEMRelics:WrappedPresent","TungstenRod","Dota2Spire:MonkeyKingBar","Singing Bowl","CCEMRelics:SoftDrink","DollysMirror","Medical Kit","hubris:FunFungus","StuffTheSpire:CocoNut","RoseTintedShades"],"acts_visited":["Exordium","TheCity","TheBeyond","TheEnding"],"potions_floor_usage":[28,50,55],"damage_taken":[{"damage":0,"enemies":"Cultist","floor":1,"turns":4},{"damage":0,"enemies":"2 Louse","floor":3,"turns":2},{"damage":5,"enemies":"infinitespire:Voidling","floor":4,"turns":3},{"damage":0,"enemies":"conspire:2 RoseBushes","floor":5,"turns":6},{"damage":0,"enemies":"Exordium Thugs","floor":7,"turns":4},{"damage":0,"enemies":"Lagavulin","floor":8,"turns":5},{"damage":0,"enemies":"Replay:BlueRogue","floor":11,"turns":5},{"damage":0,"enemies":"Lagavulin","floor":13,"turns":4},{"damage":0,"enemies":"Fading Forest","floor":16,"turns":10},{"damage":0,"enemies":"2 Thieves","floor":18,"turns":3},{"damage":0,"enemies":"Spheric Guardian","floor":22,"turns":3},{"damage":0,"enemies":"Book of Stabbing","floor":23,"turns":4},{"damage":0,"enemies":"conspire:Head Lice","floor":25,"turns":3},{"damage":0,"enemies":"Gremlin Leader","floor":27,"turns":3},{"damage":0,"enemies":"Snake Plant","floor":28,"turns":2},{"damage":0,"enemies":"conspire:HollyBat","floor":29,"turns":5},{"damage":0,"enemies":"conspire:HollyBat","floor":30,"turns":4},{"damage":0,"enemies":"Snecko","floor":31,"turns":3},{"damage":0,"enemies":"bossMod:newCollector","floor":33,"turns":4},{"damage":0,"enemies":"3 Darklings","floor":35,"turns":3},{"damage":0,"enemies":"3 Shapes","floor":36,"turns":2},{"damage":0,"enemies":"conspire:MimicChest","floor":37,"turns":4},{"damage":0,"enemies":"Spire Growth","floor":39,"turns":3},{"damage":0,"enemies":"Nemesis","floor":40,"turns":3},{"damage":0,"enemies":"R_Hoarder","floor":42,"turns":5},{"damage":0,"enemies":"Nemesis","floor":44,"turns":3},{"damage":0,"enemies":"3 Darklings","floor":45,"turns":2},{"damage":0,"enemies":"Sphere and 2 Shapes","floor":46,"turns":2},{"damage":0,"enemies":"Jaw Worm Horde","floor":48,"turns":3},{"damage":0,"enemies":"hubris:GrandSnecko","floor":50,"turns":4},{"damage":1,"enemies":"Shield and Spear","floor":54,"turns":3},{"damage":16,"enemies":"The Heart","floor":55,"turns":6}],"seed_played":"8467388807005901859","potions_obtained":[{"floor":1,"key":"SkillPotion"},{"floor":4,"key":"blueLaboratory:BubblePotion"},{"floor":28,"key":"blueLaboratory:BottledHope"},{"floor":54,"key":"LiquidBronze"}],"is_trial":false,"path_per_floor":["M","$","M","M","M","R","M","E","T","R","E","?","E","$","R_BF","B",null,"M","?","?","?","M","E","?","E","T","E","M","MIM","M","M","R","B",null,"M","M","?","$","M","E","R","E","T","E","M","M","R","M","R","B",null,"R","$","E","B",null],"character_chosen":"SHADE","items_purchased":["Dota2Spire:HandOfMidas","MerchantsRug","trackpad:CultistFigurine","White Beast Statue","Shade:AuraOfUnlife","Oddly Smooth Stone","Iron Hammer","BlackRope","Astrolabe","Membership Card","Dota2Spire:PhaseBoots","infinitespire:EmpoweringShard","Specialist","Gremlin Food","Replay:Baseball","Shade:Carnophage","Shade:GraveStillness","Strange Spoon","Shade:Trample","trackpad:AdjectivePendant","StuffTheSpire:BottledEssence","reliquary:RosewoodLute","trackpad:RapidFire","reliquary:PartyBalloon","Apotheosis","ExplosiveVial","CCEMRelics:FranticForklift","CCEMRelics:TeddyBear","Shade:SensePrey","Rawhide","CCEMRelics:WrappedPresent","DollysMirror","Medical Kit","hubris:FunFungus","StuffTheSpire:CocoNut"],"campfire_rested":1,"item_purchase_floors":[0,0,0,0,0,0,0,0,0,0,0,0,0,0,0,0,0,0,0,2,2,14,14,14,14,14,14,38,38,38,38,53,53,53,53],"current_hp_per_floor":[14,14,17,19,28,44,46,48,48,48,54,54,54,54,54,55,55,55,58,58,45,58,61,8,50,50,61,61,61,61,61,61,61,61,61,61,61,66,66,66,66,66,66,68,70,72,72,74,74,74,74,74,81,83,76],"gold":297,"neow_bonus":"","is_daily":false,"chose_seed":false,"campfire_upgraded":6,"win_rate":0.0,"timestamp":1612312782,"path_taken":["M","?","?","M","M","R","M","E","T","R","E","?","E","$","R_BF","BOSS","M","?","?","?","M","E","?","E","T","E","M","?","M","?","R","BOSS","M","M","?","$","M","E","R","E","T","E","M","M","R","M","R","BOSS","R","$","E","BOSS"],"items_purchased_type":["Relic","Relic","Relic","Relic","Card","Relic","Relic","Relic","Relic","Relic","Relic","Relic","Card","Relic","Relic","Card","Card","Relic","Card","Relic","Relic","Relic","Relic","Relic","Card","Relic","Relic","Relic","Card","Relic","Relic","Relic","Relic","Relic","Relic"],"build_version":"2020-12-22","purchased_purges":8,"victory":true,"max_hp_per_floor":[55,55,55,55,55,55,55,55,55,55,55,55,55,55,55,55,55,55,58,58,58,58,61,61,61,61,61,61,61,61,61,61,61,61,61,61,61,66,66,66,66,66,66,68,70,72,72,74,74,74,74,74,81,83,83],"card_choices":[{"not_picked":["Shade:Premonition","Shade:AncientSpear"],"picked":"Shade:Bite_Shade","floor":1},{"not_picked":["Shade:StitchTogether","Shade:PressTheAttack","Shade:AncientSpear"],"picked":"SKIP","floor":3},{"not_picked":["Shade:ClawBack","Shade:FuneraryArmor","Shade:Carnophage"],"picked":"SKIP","floor":4},{"not_picked":["Shade:Premonition","Shade:FeralStrike","Shade:SkeletonHug"],"picked":"SKIP","floor":5},{"not_picked":["Shade:FeralStrike","Shade:Premonition"],"picked":"Shade:CallOfTheGrave","floor":7},{"not_picked":["Shade:OfferingToTheBeyond","Shade:SoulPierce"],"picked":"Shade:FreshBones","floor":8},{"not_picked":["Shade:LastGasp","Shade:Frenzy","Shade:Bonestorm"],"picked":"SKIP","floor":11},{"not_picked":["Shade:Frenzy","Shade:PoundOfFlesh","Shade:CoffinDance"],"picked":"SKIP","floor":13},{"not_picked":["Shade:OfferingToTheBeyond","Shade:Tombstone"],"picked":"Shade:Putrefaction","floor":16},{"not_picked":["Shade:Patience","Shade:FleshToFlesh"],"picked":"Shade:CommandSoldier","floor":18},{"not_picked":["infinitespire:Oblivion","infinitespire:Fortify"],"picked":"infinitespire:Starlight","floor":21},{"not_picked":["Shade:SpectralStrikes","Shade:AncientSpear","Shade:Trample"],"picked":"SKIP","floor":22},{"not_picked":["Shade:GreaterAnimation","Shade:CommandSoldier","Shade:PotionOfRestlessness"],"picked":"SKIP","floor":23},{"not_picked":["Shade:FreshBones","Shade:Premonition","Shade:Brains"],"picked":"SKIP","floor":25},{"not_picked":["Shade:FreshBones","Shade:Premonition"],"picked":"Shade:Brains","floor":25},{"not_picked":["Shade:ExtraLimbs","Shade:Frenzy","Shade:PressTheAttack"],"picked":"SKIP","floor":27},{"not_picked":["Shade:FleshToFlesh","Shade:AncientSpear+1","Shade:FeralStrike"],"picked":"SKIP","floor":28},{"not_picked":["Shade:GreyBargain","Shade:CallOfTheGrave","Shade:AncientSpear"],"picked":"SKIP","floor":30},{"not_picked":["Shade:FuneraryJewels","Shade:Brains"],"picked":"Shade:AblativeArmor","floor":31},{"not_picked":["Shade:SoulPierce","Shade:GreaterAnimation"],"picked":"Shade:UnbarTheGrave","floor":33},{"not_picked":["Shade:GraveStillness","Shade:FuneraryArmor","Shade:FreshBones"],"picked":"SKIP","floor":35},{"not_picked":["Shade:ScuttlingHand+1","Shade:FuneraryArmor","Shade:CallOfTheGrave"],"picked":"SKIP","floor":36},{"not_picked":["Shade:PressTheAttack+1","Shade:Carnophage"],"picked":"Shade:Frenzy+1","floor":39},{"not_picked":["Shade:FreshBones","Shade:Excise"],"picked":"Shade:OpenGraves+1","floor":40},{"not_picked":["Shade:FeralStrike","Shade:FingerOfDeath","Shade:Putrefaction"],"picked":"SKIP","floor":42},{"not_picked":["Shade:ClawBack","Shade:RavenousHorde","Shade:Premonition"],"picked":"Singing Bowl","floor":44},{"not_picked":["Shade:RavenousHorde+1","Shade:FleshOffering","Shade:Haruspicy"],"picked":"Singing Bowl","floor":45},{"not_picked":["Shade:ClawBack","Shade:FeralStrike","Shade:Frenzy+1"],"picked":"Singing Bowl","floor":46},{"not_picked":["Shade:GreaterAnimation","Shade:ClawBack","Shade:AncientSpear"],"picked":"Singing Bowl","floor":48},{"not_picked":["Shade:LyeBath","Shade:FuneraryArmor","Shade:GreyBargain"],"picked":"Singing Bowl","floor":54}],"player_experience":706468,"relics_obtained":[{"floor":5,"key":"wanderingMiniBosses:MasterThiefsPresence"},{"floor":8,"key":"Sundial"},{"floor":11,"key":"Replay:Rubber Ducky"},{"floor":13,"key":"CCEMRelics:LatexGloves"},{"floor":23,"key":"StuffTheSpire:Rhapsscallions"},{"floor":25,"key":"Replay:Bottled Steam"},{"floor":26,"key":"trackpad:PetRock"},{"floor":27,"key":"Replay:Mystery Machine"},{"floor":29,"key":"StuffTheSpire:DarkSteelAnvil"},{"floor":37,"key":"Dota2Spire:BladeMail"},{"floor":38,"key":"TungstenRod"},{"floor":40,"key":"Dota2Spire:MonkeyKingBar"},{"floor":43,"key":"Singing Bowl"},{"floor":44,"key":"CCEMRelics:SoftDrink"},{"floor":54,"key":"RoseTintedShades"}],"event_choices":[{"damage_healed":0,"gold_gain":0,"player_choice":"Upgraded","damage_taken":0,"max_hp_gain":0,"max_hp_loss":0,"event_name":"Upgrade Shrine","floor":12,"gold_loss":0,"cards_upgraded":["Shade:FreshBones"]},{"damage_healed":0,"gold_gain":0,"player_choice":"Ignored","damage_taken":0,"max_hp_gain":0,"max_hp_loss":0,"event_name":"Ghosts","floor":20,"gold_loss":0},{"damage_healed":0,"gold_gain":0,"player_choice":" Idol Vial ","damage_taken":53,"relics_obtained":["Bloody Idol","Blood Vial"],"max_hp_gain":61,"max_hp_loss":8,"event_name":"betterAltar:BetterAltar","floor":24,"potions_obtained":[],"relics_lost":[],"gold_loss":0}],"is_beta":false,"boss_relics":[{"not_picked":["conspire:SlowCooker","Fusion Hammer"],"picked":"energizedSpire:RedRose"},{"not_picked":["aspiration:PoetsPen_weak","trackpad:Trackpad"],"picked":"hubris:ScarierMask"}],"items_purged_floors":[0,0,0,0,14,38,53,53],"is_endless":false,"potions_floor_spawned":[1,3,4,5,7,8,11,13,16,18,22,23,25,27,28,29,30,31,33,35,36,37,39,40,42,44,45,46,48,54],"ascension_level":19}}