{"host":"i9wanet4r0ff4t9y","time":1612343596,"event":{"mods":["2.2 Compatiblity","Act Like it!","BaseMod","Bestiary","Better Altar","Better Match","Better Note","Better Sensory Stone","Better Skull","Better Third Choice","Better Vampires","BetterRewards","CapriCore","Colored Map","Curses Come First","Downfall","Hubris","Minty Spire (QoL Compilation)","Quick Restart","READ ME - Guardian Mod","READ ME - Snecko Mod","Relic Stats","Reliquary","Say the Spire","Spicy Shops","StSLib","The Gatherer","Waifu the Spire"],"gold_per_floor":[110,110,126,0,0,45,45,58,108,108,120,85,85,63,63,165,165,176,188,8,24,24,56,56,56,81,99,130,141,341,376,376,476,476,489,489,505,24,69,69,69,69,146,146,146,146,146,160,160,160],"floor_reached":51,"language":"POL","playtime":1299,"items_purged":[],"score":876,"play_id":"c646efdd-217e-4591-8249-e735e09124ea","local_time":"20210203101316","is_ascension_mode":true,"campfire_choices":[{"floor":7.0,"key":"REST"},{"floor":10.0,"key":"REST"},{"data":"Static Discharge","floor":15.0,"key":"SMITH"},{"floor":24.0,"key":"REST"},{"floor":32,"key":"REST"},{"floor":40,"key":"REST"},{"data":"Electrodynamics","floor":42,"key":"SMITH"},{"data":"Double Energy","floor":44,"key":"SMITH"},{"floor":49,"key":"REST"}],"circlet_count":0,"master_deck":["Strike_B","Strike_B","Strike_B","Strike_B","Defend_B","Defend_B","Defend_B","Defend_B","Zap","Dualcast","Static Discharge+1","Go for the Eyes+1","Fusion","Enlightenment","Streamline+1","All For One+1","Double Energy+1","Core Surge+1","Cold Snap+1","Lockon+1","Leap","Hello World+1","Glacier","Sunder+1","Conserve Battery+1","White Noise","Streamline+1","Electrodynamics+1","CurseOfTheBell","Steam+1","Turbo+1","Dramatic Entrance+1","Streamline+1","Madness","Madness","Echo Form+1","Multi-Cast"],"relics":["Cracked Core","Molten Egg 2","reliquary:PurpleTingedLeaf","Pear","Toolbox","hubris:Towel","Darkstone Periapt","Juzu Bracelet","hubris:Zylophone","betterThird:SlimedRelic","reliquary:KinkedSpring","Membership Card","Pantograph","Bloody Idol","Tiny Chest","hubris:Spice","Calling Bell","reliquary:PartyBalloon","The Courier","hubris:Icosahedron","Frozen Egg 2","Symbiotic Virus","DataDisk","WingedGreaves","Emotion Chip","hubris:PeanutButter","Calipers"],"acts_visited":["Exordium","TheCity","TheBeyond"],"potions_floor_usage":[31,33,33,35,50,50],"damage_taken":[{"damage":2.0,"enemies":"Small Slimes","floor":1.0,"turns":3.0},{"damage":0.0,"enemies":"2 Louse","floor":3.0,"turns":1.0},{"damage":30.0,"enemies":"Gremlin Nob","floor":6.0,"turns":4.0},{"damage":2.0,"enemies":"Jaw Worm","floor":8.0,"turns":3.0},{"damage":10.0,"enemies":"Blue Slaver","floor":11.0,"turns":4.0},{"damage":26.0,"enemies":"Hexaghost","floor":16.0,"turns":8.0},{"damage":3.0,"enemies":"Shell Parasite","floor":18.0,"turns":1.0},{"damage":14.0,"enemies":"3 Byrds","floor":19.0,"turns":4.0},{"damage":13.0,"enemies":"Sentry and Sphere","floor":21.0,"turns":3.0},{"damage":24.0,"enemies":"Slavers","floor":23.0,"turns":4.0},{"damage":11.0,"enemies":"Centurion and Healer","floor":27.0,"turns":3.0},{"damage":15.0,"enemies":"Book of Stabbing","floor":28.0,"turns":2.0},{"damage":8.0,"enemies":"Chosen and Byrds","floor":29.0,"turns":5.0},{"damage":2,"enemies":"3 Cultists","floor":31,"turns":3},{"damage":61,"enemies":"hubris:MusketHawk","floor":33,"turns":10},{"damage":1,"enemies":"Orb Walker","floor":35,"turns":3},{"damage":21,"enemies":"3 Darklings","floor":37,"turns":3},{"damage":47,"enemies":"2 Orb Walkers","floor":39,"turns":4},{"damage":5,"enemies":"Spire Growth","floor":48,"turns":3},{"damage":80,"enemies":"Awakened One","floor":50,"turns":6}],"seed_played":"6404737614294201674","potions_obtained":[{"floor":1.0,"key":"GamblersBrew"},{"floor":6.0,"key":"champ:CounterPotion"},{"floor":16.0,"key":"SteroidPotion"},{"floor":21.0,"key":"BlessingOfTheForge"},{"floor":28.0,"key":"SteroidPotion"},{"floor":29.0,"key":"LiquidBronze"},{"floor":33,"key":"GamblersBrew"},{"floor":35,"key":"Dexterity Potion"},{"floor":37,"key":"sneckomod:MuddlingPotion"}],"is_trial":false,"path_per_floor":["M","?","M","?","?","E","R","M","T","R","M","?","T","?","R","B",null,"M","M","$","M","?","E","R","?","T","M","E","M","?","M","R","B",null,"M","?","M","$","?","R","T","R","T","R","?","?","T","M","R","B",null],"character_chosen":"DEFECT","items_purchased":["Molten Egg 2","reliquary:PurpleTingedLeaf","Pear","Toolbox","Static Discharge","Membership Card","Leap","hubris:Spice","Frozen Egg 2","hubris:Spice","Dramatic Entrance+1","hubris:Spice","Symbiotic Virus","DataDisk"],"campfire_rested":6,"item_purchase_floors":[0,0,0,0,0,20,20,38,38,38,38,38,38,38],"current_hp_per_floor":[49,49,49,55,55,26,53,52,52,79,69,91,91,80,80,56,91,88,74,74,61,61,38,65,19,24,18,17,15,20,28,57,27,113,113,113,97,89,47,73,73,73,78,78,67,50,50,51,77,9],"gold":160,"neow_bonus":"","is_daily":false,"chose_seed":false,"campfire_upgraded":3,"win_rate":0.0,"timestamp":1612343596,"path_taken":["M","?","M","?","?","E","R","M","T","R","M","?","?","?","R","BOSS","M","M","$","M","?","E","R","?","T","M","E","M","?","M","R","BOSS","M","?","M","$","?","R","?","R","T","R","?","?","?","M","R","BOSS"],"items_purchased_type":["Relic","Relic","Relic","Relic","Card","Relic","Card","Relic","Relic","Relic","Card","Relic","Relic","Relic"],"build_version":"2020-12-22","purchased_purges":0,"victory":true,"max_hp_per_floor":[85,85,85,91,91,91,91,91,91,91,91,91,91,91,91,91,91,91,91,91,91,91,91,91,91,91,91,99,99,99,99,99,99,113,113,113,113,89,89,89,89,89,89,89,89,89,89,89,89,89],"relic_stats":{"Darkstone Periapt":6,"Emotion Chip":[12,9,2,1,0],"counters":[259,957],"Pantograph":37,"Bloody Idol":61,"Tiny Chest":1,"Juzu Bracelet":2,"obtain_stats":[{"TwistedFunnel":0,"Replay:Accelerometer":42,"reliquary:Conveyor":38,"Spirit Poop":5,"Whetstone":24,"Sling":0,"Boot":23,"Old Coin":2,"Replay:Wanted Poster":17,"Sundial":43,"Replay:Bronze Core":17,"MealTicket":7,"Fusion Hammer":34,"Replay:Bottled Flurry":27,"HandDrill":30,"Pear":44,"ReplayTheSpireMod:Ring of Addiction":46,"Counterbalance":47,"Pen Nib":37,"Akabeko":13,"Cables":40,"reliquary:Bookmark":0,"Ring of the Serpent":17,"Lantern":14,"Regal Pillow":0,"Singing Bowl":9,"Painkiller Herb":34,"StoneCalendar":53,"Blue Doll":25,"Bag of Preparation":6,"Replay:Multitool":27,"Ancient Tea Set":25,"Cursed Key":34,"Smiling Mask":45,"Pet Ghost":9,"BranchBurnRelic":15,"Ring of Fangs":46,"Matryoshka":27,"WristBlade":17,"Ninja Scroll":21,"Toolbox":3,"WingedGreaves":23,"Chemical X":37,"Ring of Panic":5,"InkBottle":44,"Ring of the Snake":0,"Lee\u0027s Waffle":0,"NeowsBlessing":0,"Circlet":0,"Thread and Needle":26,"betterThird:NestCultRelic":21,"The Courier":45,"PreservedInsect":0,"Omamori":9,"Ring of Greed":2,"Frozen Egg 2":26,"hubris:Towel":2,"MawBank":2,"Nuclear Battery":17,"reliquary:KinkedSpring":17,"sneckomod:BabySnecko":31,"Ornamental Fan":36,"hubris:Spice":28,"betterThird:SlimedRelic":2,"Bloody Idol":25,"Turnip":7,"Art of War":26,"Garlic":29,"ReplayTheSpireMod:Onyx Gauntlets":17,"hexamod:BolsterEngine":9,"Toy Ornithopter":46,"Ice Cream":0,"Divine Protection":9,"reliquary:FeatherDuster":25,"Tiny House":34,"Calipers":47,"Gremlin Horn":6,"reliquary:PartyBalloon":34,"CeramicFish":8,"Vajra":22,"reliquary:QuartzCube":12,"Centennial Puzzle":43,"Lizard Tail":47,"Replay:Frozen Program":0,"Strawberry":37,"Honey Jar":34,"Philosopher\u0027s Stone":17,"Prayer Wheel":0,"Toxic Egg 2":26,"Happy Flower":43,"ReplayTheSpireMod:CursedCoin":24,"reliquary:Sideboard":26,"Dead Branch":0,"Replay:Grab Bag":17,"Oddly Smooth Stone":20,"Ring of Chaos":34,"Replay:Kaleidoscope":0,"War Paint":26,"WarpedTongs":29,"reliquary:JackalopeAntler":10,"hubris:Zylophone":13,"Replay:Baseball":11,"Bottled Flame":30,"reliquary:PorcupineQuills":0,"ReplayTheSpireMod:Shallot":11,"Shuriken":9,"Bronze Scales":48,"Onion Ring":40,"Simple Rune":24,"Molten Egg 2":0,"hubris:PeanutButter":43,"Black Star":17,"ReplayTheSpireMod:TigerMarble":0,"reliquary:Knoch":10,"Symbiotic Virus":38,"Pocketwatch":44,"Darkstone Periapt":0,"Replay:PocketPolymizer":17,"reliquary:Boomerang":41,"SacredBark":46,"Mango":10,"Snake Skull":25,"Juzu Bracelet":0,"Incense Burner":28,"Empty Cage":0,"ClockworkSouvenir":25,"Nunchaku":9,"Replay:Bandana":43,"Tough Bandages":0,"Dream Catcher":8,"Emotion Chip":41,"Chameleon Ring":0,"hubris:Icosahedron":36,"Mummified Hand":37,"Pantograph":37,"Gambling Chip":36,"Tiny Chest":0,"Red Mask":19,"Replay:Antivirus Software":26,"Cracked Core":0,"Gremlin Food":30,"BargainBundle":53,"ReplayTheSpireMod:Ninjato":7,"reliquary:LoveEmittingDiode":0,"Guide Book":37,"Quantum Egg":30,"hexamod:Sixitude":37,"Replay:WaspNest":37,"Orichalcum":5,"Odd Mushroom":10,"Medical Kit":47,"Mercury Hourglass":23,"Calling Bell":17,"Peace Pipe":36,"Anchor":23,"CaptainsWheel":37,"Pondfish Scales":54,"DataDisk":38,"reliquary:Craggleroot":34,"Bag of Marbles":44,"Membership Card":0,"reliquary:PurpleTingedLeaf":0,"ReplayTheSpireMod:ShopPack":0},{"TwistedFunnel":76,"Replay:Accelerometer":122,"reliquary:Conveyor":232,"Spirit Poop":172,"Whetstone":61,"Sling":26,"Boot":113,"Old Coin":171,"Replay:Wanted Poster":84,"Sundial":70,"Replay:Bronze Core":34,"MealTicket":53,"Fusion Hammer":186,"Replay:Bottled Flurry":39,"HandDrill":41,"Pear":71,"ReplayTheSpireMod:Ring of Addiction":48,"Counterbalance":150,"Pen Nib":66,"Akabeko":7,"Cables":190,"reliquary:Bookmark":192,"Ring of the Serpent":132,"Lantern":199,"Regal Pillow":214,"Singing Bowl":128,"Painkiller Herb":140,"StoneCalendar":152,"Blue Doll":166,"Bag of Preparation":3,"Replay:Multitool":39,"Ancient Tea Set":15,"Cursed Key":18,"Smiling Mask":97,"Pet Ghost":105,"BranchBurnRelic":33,"Ring of Fangs":48,"Matryoshka":89,"WristBlade":58,"Ninja Scroll":59,"Toolbox":171,"WingedGreaves":204,"Chemical X":66,"Ring of Panic":104,"InkBottle":71,"Ring of the Snake":0,"Lee\u0027s Waffle":49,"NeowsBlessing":0,"Circlet":0,"Thread and Needle":37,"betterThird:NestCultRelic":36,"The Courier":48,"PreservedInsect":154,"Omamori":4,"Ring of Greed":171,"Frozen Egg 2":88,"hubris:Towel":240,"MawBank":1,"Nuclear Battery":200,"reliquary:KinkedSpring":245,"sneckomod:BabySnecko":229,"Ornamental Fan":93,"hubris:Spice":251,"betterThird:SlimedRelic":102,"Bloody Idol":249,"Turnip":128,"Art of War":15,"Garlic":137,"ReplayTheSpireMod:Onyx Gauntlets":58,"hexamod:BolsterEngine":220,"Toy Ornithopter":48,"Ice Cream":192,"Divine Protection":159,"reliquary:FeatherDuster":205,"Tiny House":43,"Calipers":257,"Gremlin Horn":158,"reliquary:PartyBalloon":254,"CeramicFish":80,"Vajra":12,"reliquary:QuartzCube":221,"Centennial Puzzle":22,"Lizard Tail":24,"Replay:Frozen Program":170,"Strawberry":45,"Honey Jar":117,"Philosopher\u0027s Stone":9,"Prayer Wheel":49,"Toxic Egg 2":113,"Happy Flower":122,"ReplayTheSpireMod:CursedCoin":113,"reliquary:Sideboard":205,"Dead Branch":26,"Replay:Grab Bag":58,"Oddly Smooth Stone":110,"Ring of Chaos":92,"Replay:Kaleidoscope":26,"War Paint":135,"WarpedTongs":62,"reliquary:JackalopeAntler":197,"hubris:Zylophone":244,"Replay:Baseball":31,"Bottled Flame":90,"reliquary:PorcupineQuills":192,"ReplayTheSpireMod:Shallot":31,"Shuriken":80,"Bronze Scales":191,"Onion Ring":69,"Simple Rune":165,"Molten Egg 2":239,"hubris:PeanutButter":257,"Black Star":58,"ReplayTheSpireMod:TigerMarble":101,"reliquary:Knoch":197,"Symbiotic Virus":256,"Pocketwatch":23,"Darkstone Periapt":49,"Replay:PocketPolymizer":162,"reliquary:Boomerang":212,"SacredBark":48,"Mango":220,"Snake Skull":37,"Juzu Bracelet":26,"Incense Burner":40,"Empty Cage":214,"ClockworkSouvenir":37,"Nunchaku":30,"Replay:Bandana":97,"Tough Bandages":126,"Dream Catcher":159,"Emotion Chip":257,"Chameleon Ring":76,"hubris:Icosahedron":255,"Mummified Hand":66,"Pantograph":66,"Gambling Chip":119,"Tiny Chest":76,"Red Mask":11,"Replay:Antivirus Software":182,"Cracked Core":0,"Gremlin Food":41,"BargainBundle":75,"ReplayTheSpireMod:Ninjato":80,"reliquary:LoveEmittingDiode":214,"Guide Book":45,"Quantum Egg":63,"hexamod:Sixitude":210,"Replay:WaspNest":119,"Orichalcum":28,"Odd Mushroom":31,"Medical Kit":150,"Mercury Hourglass":181,"Calling Bell":162,"Peace Pipe":209,"Anchor":13,"CaptainsWheel":20,"Pondfish Scales":76,"DataDisk":256,"reliquary:Craggleroot":230,"Bag of Marbles":148,"Membership Card":26,"reliquary:PurpleTingedLeaf":239,"ReplayTheSpireMod:ShopPack":101},{"TwistedFunnel":283,"Replay:Accelerometer":422,"reliquary:Conveyor":854,"Spirit Poop":625,"Whetstone":237,"Sling":101,"Boot":394,"Old Coin":621,"Replay:Wanted Poster":313,"Sundial":265,"Replay:Bronze Core":127,"MealTicket":209,"Fusion Hammer":676,"Replay:Bottled Flurry":144,"HandDrill":153,"Pear":268,"ReplayTheSpireMod:Ring of Addiction":186,"Counterbalance":534,"Pen Nib":253,"Akabeko":19,"Cables":695,"reliquary:Bookmark":711,"Ring of the Serpent":465,"Lantern":731,"Regal Pillow":792,"Singing Bowl":446,"Painkiller Herb":500,"StoneCalendar":544,"Blue Doll":600,"Bag of Preparation":3,"Replay:Multitool":144,"Ancient Tea Set":54,"Cursed Key":66,"Smiling Mask":346,"Pet Ghost":367,"BranchBurnRelic":118,"Ring of Fangs":186,"Matryoshka":324,"WristBlade":230,"Ninja Scroll":232,"Toolbox":621,"WingedGreaves":754,"Chemical X":253,"Ring of Panic":365,"InkBottle":268,"Ring of the Snake":0,"Lee\u0027s Waffle":194,"NeowsBlessing":0,"Circlet":0,"Thread and Needle":137,"betterThird:NestCultRelic":133,"The Courier":186,"PreservedInsect":556,"Omamori":7,"Ring of Greed":621,"Frozen Egg 2":320,"hubris:Towel":883,"MawBank":1,"Nuclear Battery":738,"reliquary:KinkedSpring":903,"sneckomod:BabySnecko":839,"Ornamental Fan":335,"hubris:Spice":920,"betterThird:SlimedRelic":361,"Bloody Idol":915,"Turnip":446,"Art of War":54,"Garlic":486,"ReplayTheSpireMod:Onyx Gauntlets":230,"hexamod:BolsterEngine":809,"Toy Ornithopter":186,"Ice Cream":711,"Divine Protection":573,"reliquary:FeatherDuster":758,"Tiny House":164,"Calipers":948,"Gremlin Horn":570,"reliquary:PartyBalloon":938,"CeramicFish":298,"Vajra":42,"reliquary:QuartzCube":813,"Centennial Puzzle":78,"Lizard Tail":88,"Replay:Frozen Program":616,"Strawberry":173,"Honey Jar":408,"Philosopher\u0027s Stone":30,"Prayer Wheel":194,"Toxic Egg 2":394,"Happy Flower":422,"ReplayTheSpireMod:CursedCoin":394,"reliquary:Sideboard":758,"Dead Branch":101,"Replay:Grab Bag":230,"Oddly Smooth Stone":381,"Ring of Chaos":332,"Replay:Kaleidoscope":101,"War Paint":477,"WarpedTongs":240,"reliquary:JackalopeAntler":725,"hubris:Zylophone":895,"Replay:Baseball":114,"Bottled Flame":326,"reliquary:PorcupineQuills":711,"ReplayTheSpireMod:Shallot":114,"Shuriken":298,"Bronze Scales":701,"Onion Ring":262,"Simple Rune":598,"Molten Egg 2":880,"hubris:PeanutButter":948,"Black Star":230,"ReplayTheSpireMod:TigerMarble":360,"reliquary:Knoch":725,"Symbiotic Virus":944,"Pocketwatch":83,"Darkstone Periapt":194,"Replay:PocketPolymizer":589,"reliquary:Boomerang":786,"SacredBark":186,"Mango":809,"Snake Skull":137,"Juzu Bracelet":101,"Incense Burner":148,"Empty Cage":792,"ClockworkSouvenir":137,"Nunchaku":111,"Replay:Bandana":346,"Tough Bandages":437,"Dream Catcher":573,"Emotion Chip":948,"Chameleon Ring":283,"hubris:Icosahedron":941,"Mummified Hand":253,"Pantograph":253,"Gambling Chip":415,"Tiny Chest":283,"Red Mask":38,"Replay:Antivirus Software":660,"Cracked Core":0,"Gremlin Food":153,"BargainBundle":280,"ReplayTheSpireMod:Ninjato":298,"reliquary:LoveEmittingDiode":792,"Guide Book":173,"Quantum Egg":243,"hexamod:Sixitude":781,"Replay:WaspNest":415,"Orichalcum":106,"Odd Mushroom":114,"Medical Kit":534,"Mercury Hourglass":657,"Calling Bell":589,"Peace Pipe":778,"Anchor":46,"CaptainsWheel":72,"Pondfish Scales":283,"DataDisk":944,"reliquary:Craggleroot":847,"Bag of Marbles":526,"Membership Card":101,"reliquary:PurpleTingedLeaf":880,"ReplayTheSpireMod:ShopPack":360}]},"card_choices":[{"not_picked":["Leap","Coolheaded"],"picked":"Go for the Eyes+1","floor":1.0},{"not_picked":["Coolheaded","Hologram"],"picked":"Fusion","floor":3.0},{"not_picked":["Consume","Leap"],"picked":"Streamline+1","floor":6.0},{"not_picked":["Fusion","Compile Driver+1"],"picked":"All For One+1","floor":8.0},{"not_picked":["Chaos","Steam"],"picked":"Double Energy","floor":11.0},{"not_picked":["Rainbow","hubris:SpecializedCircuitry"],"picked":"Core Surge+1","floor":16.0},{"not_picked":["Beam Cell+1","Leap"],"picked":"Cold Snap+1","floor":18.0},{"not_picked":["Doom and Gloom+1","Steam"],"picked":"Lockon+1","floor":19.0},{"not_picked":["Barrage+1","Redo"],"picked":"Hello World+1","floor":21.0},{"not_picked":["Loop","Beam Cell+1"],"picked":"Glacier","floor":23.0},{"not_picked":["Steam Power+1","Fusion"],"picked":"Sunder+1","floor":27.0},{"not_picked":["Turbo","Genetic Algorithm+1"],"picked":"Conserve Battery+1","floor":28.0},{"not_picked":["Steam","Sweeping Beam+1"],"picked":"White Noise","floor":29.0},{"not_picked":["Steam Power","Conserve Battery"],"picked":"Streamline+1","floor":31},{"not_picked":["Fission","Amplify"],"picked":"Electrodynamics","floor":33},{"not_picked":["hubris:SpiceAddiction","Cold Snap+1"],"picked":"Steam+1","floor":35},{"not_picked":["Blizzard+1","Stack"],"picked":"Turbo+1","floor":37},{"not_picked":["hubris:SpiceAddiction","Compile Driver+1"],"picked":"Streamline+1","floor":39},{"not_picked":["Blizzard+1","Compile Driver+1"],"picked":"Multi-Cast","floor":48}],"player_experience":458249,"relics_obtained":[{"floor":6.0,"key":"Darkstone Periapt"},{"floor":9.0,"key":"Juzu Bracelet"},{"floor":13.0,"key":"hubris:Zylophone"},{"floor":23.0,"key":"Pantograph"},{"floor":26.0,"key":"Tiny Chest"},{"floor":28.0,"key":"hubris:Spice"},{"floor":34,"key":"reliquary:PartyBalloon"},{"floor":34,"key":"The Courier"},{"floor":34,"key":"hubris:Spice"},{"floor":39,"key":"WingedGreaves"},{"floor":41,"key":"Emotion Chip"},{"floor":43,"key":"hubris:PeanutButter"},{"floor":47,"key":"Calipers"}],"event_choices":[{"damage_healed":0.0,"max_hp_gain":0.0,"max_hp_loss":0.0,"gold_gain":0.0,"event_name":"betterThird:BetterSerpent","player_choice":"RENOUNCE","floor":4.0,"gold_loss":126.0,"damage_taken":126.0,"cards_obtained":["Enlightenment"]},{"damage_healed":0.0,"max_hp_gain":0.0,"max_hp_loss":0.0,"gold_gain":0.0,"event_name":"Golden Wing","player_choice":"Ignored","floor":5.0,"gold_loss":0.0,"damage_taken":0.0},{"damage_healed":22.0,"max_hp_gain":0.0,"max_hp_loss":0.0,"gold_gain":0.0,"event_name":"The Cleric","player_choice":"Healed","floor":12.0,"gold_loss":35.0,"damage_taken":0.0},{"damage_healed":0.0,"max_hp_gain":0.0,"max_hp_loss":0.0,"gold_gain":0.0,"event_name":"betterThird:BetterGoop","player_choice":"Slimed","floor":14.0,"gold_loss":22.0,"damage_taken":11.0},{"damage_healed":0.0,"max_hp_gain":65.0,"max_hp_loss":19.0,"gold_gain":0.0,"event_name":"betterAltar:BetterAltar","player_choice":" Idol ","floor":25.0,"potions_obtained":[],"relics_lost":[],"gold_loss":0.0,"damage_taken":46.0,"relics_obtained":["Bloody Idol"]},{"damage_healed":0,"gold_gain":250,"player_choice":"Bet on Owner","damage_taken":0,"max_hp_gain":0,"max_hp_loss":0,"event_name":"The Joust","floor":30,"gold_loss":50},{"damage_healed":0,"gold_gain":0,"player_choice":"Fight","damage_taken":0,"max_hp_gain":0,"max_hp_loss":0,"event_name":"Mysterious Sphere","floor":39,"gold_loss":0},{"damage_healed":0,"gold_gain":0,"player_choice":"Embrace Madness","damage_taken":11,"max_hp_gain":0,"max_hp_loss":0,"event_name":"Winding Halls","floor":45,"gold_loss":0,"cards_obtained":["Madness","Madness"]},{"damage_healed":0,"gold_gain":3,"player_choice":"2","damage_taken":0,"max_hp_gain":0,"max_hp_loss":17,"event_name":"betterStone:BetterStone","floor":46,"gold_loss":0}],"is_beta":false,"boss_relics":[{"not_picked":["reliquary:Craggleroot","reliquary:RedCape"],"picked":"reliquary:KinkedSpring"},{"not_picked":["SlaversCollar","Runic Pyramid"],"picked":"Calling Bell"}],"items_purged_floors":[],"is_endless":false,"potions_floor_spawned":[1,6,16,21,28,29,33,35,37,39],"ascension_level":3}}