{"host":"3y33rrrkia6pkpow","time":1612315202,"event":{"mods":["2.2 Compatiblity","AchievementEnabler","Act Like it!","BaseMod","BetterRewards","Block Reminder","Colored Map","Colored Powertips","DeckTracker","Faster Ascension Climbing","Gensokyo","Highlight Path","Infinite Spire","Minty Spire (QoL Compilation)","Quick Restart","Rare Cards Sparkle","Replay The Spire","Shop Mod","Spicy Shops","StSLib","Synergy Search","The Animator","The Blue Laboratory","Unknown Chances"],"gold_per_floor":[121,121,172,202,216,247,247,272,295,295,295,315,315,330,330,407,407,420,436,436,436],"floor_reached":20,"language":"ENG","playtime":3036,"items_purged":[],"score":348,"play_id":"9f60e114-d0f6-4cf5-9f17-739a1995774a","local_time":"20210202192002","is_ascension_mode":true,"campfire_choices":[{"floor":10.0,"key":"REST"},{"floor":15.0,"key":"REST"}],"circlet_count":0,"master_deck":["AscendersBane","animator:Strike_TenSura","animator:Defend_TenSura","animator:Strike","animator:Strike","animator:Defend","animator:Defend","animator:Defend","animator:Benimaru","animator:Shuna","animator:FielNirvalen+1","animator:Millim+1","animator:HomuraAkemi","animator:Vesta","Pot Of Greed","Pot Of Greed","animator:AliceMargatroid","animator:MarisaKirisame","animator:TsurugaMeisai","animator:UneriGinkaku","animator:Hinaichigo","animator:UneriGinkaku","animator:MadokaKaname","animator:Curse_GriefSeed","Hallucinations","Pot Of Greed","CurseOfTheBell","animator:Vesta"],"relics":["animator:LivingPicture","animator:TheMissingPiece","animator:PurgingStone","Question Card","Bronze Scales","Grinning Jar","Vajra","Lantern","Replay:Ancient Bell","infinitespire:Satchel","Gremlin Horn","StoneCalendar"],"acts_visited":["Gensokyo:Gensokyo","Gensokyo:Gensokyoer"],"potions_floor_usage":[],"damage_taken":[{"damage":2.0,"enemies":"Gensokyo:2_Kodama","floor":1.0,"turns":4.0},{"damage":6.0,"enemies":"Gensokyo:3_Fairies","floor":4.0,"turns":4.0},{"damage":0.0,"enemies":"Gensokyo:Python","floor":5.0,"turns":4.0},{"damage":23.0,"enemies":"Gensokyo:Aya","floor":6.0,"turns":5.0},{"damage":7.0,"enemies":"Gensokyo:Mamizou","floor":8.0,"turns":9.0},{"damage":0.0,"enemies":"Gensokyo:LivingMonolith","floor":12.0,"turns":4.0},{"damage":14.0,"enemies":"Gensokyo:5_Fairies","floor":14.0,"turns":5.0},{"damage":30.0,"enemies":"Gensokyo:Yukari","floor":16.0,"turns":9.0},{"damage":25,"enemies":"Gensokyo:CosmicMonolith","floor":18,"turns":7},{"damage":18,"enemies":"Gensokyo:2_Gloops","floor":19,"turns":6},{"damage":41,"enemies":"Gensokyo:Swordslinger","floor":20,"turns":3}],"seed_played":"7786152678351762949","potions_obtained":[{"floor":8.0,"key":"blueLaboratory:Moonshine"},{"floor":16.0,"key":"blueLaboratory:BottledHope"}],"is_trial":false,"path_per_floor":["M","?","T","M","M","E","?","E","T","R","?","M","?","M","R","B",null,"M","M","M"],"character_chosen":"THE_ANIMATOR","items_purchased":["animator:FielNirvalen+1","Question Card"],"campfire_rested":2,"item_purchase_floors":[0,0],"current_hp_per_floor":[52,52,52,46,47,24,24,17,17,35,35,35,35,21,39,10,49,33,24,0,0],"gold":436,"neow_bonus":"","is_daily":false,"chose_seed":true,"campfire_upgraded":0,"win_rate":0.0,"timestamp":1612315202,"path_taken":["M","?","?","M","M","E","?","E","T","R","?","?","?","M","R","BOSS","M","M","?"],"items_purchased_type":["Card","Relic"],"build_version":"2020-12-22","purchased_purges":0,"victory":false,"max_hp_per_floor":[60,60,60,60,61,61,61,61,61,61,61,61,61,61,61,62,62,62,62,62,62],"card_choices":[{"not_picked":["animator:Sloth","animator:IrohaTamaki","animator:Shinoa"],"picked":"animator:Millim","floor":1.0},{"not_picked":["animator:UneriGinkaku","animator:YuiTsuruno","animator:Shion"],"picked":"animator:HomuraAkemi","floor":4.0},{"not_picked":["animator:Demiurge","animator:Hakurou","animator:ChlammyZell"],"picked":"animator:Vesta","floor":5.0},{"not_picked":["animator:Clownpiece","animator:KomachiOnozuka","animator:SuikaIbuki"],"picked":"animator:AliceMargatroid","floor":6.0},{"not_picked":["animator:Souei","animator:AyaShameimaru","animator:Togame"],"picked":"animator:MarisaKirisame","floor":8.0},{"not_picked":["animator:KomachiOnozuka","animator:SayakaMiki","animator:Suiseiseki"],"picked":"animator:TsurugaMeisai","floor":12.0},{"not_picked":["animator:Sebas","animator:Shalltear","animator:DolaCouronne"],"picked":"animator:UneriGinkaku","floor":13.0},{"not_picked":["animator:Togame","animator:Souseiseki","animator:ZankiKiguchi"],"picked":"animator:Hinaichigo","floor":13.0},{"not_picked":["animator:Tet","animator:YuukaKazami","animator:JunSakurada"],"picked":"animator:UneriGinkaku","floor":14.0},{"not_picked":["animator:Albedo","animator:KoishiKomeiji","animator:SatoriKomeiji"],"picked":"animator:MadokaKaname","floor":16.0},{"not_picked":["animator:Curse_Dizziness","Sickly","animator:Curse_Rozen"],"picked":"animator:Curse_GriefSeed","floor":17.0},{"not_picked":["Writhe","ReplayTheSpireMod:IOU","Looming Evil"],"picked":"Hallucinations","floor":17.0},{"not_picked":["ReplayTheSpireMod:IOU","Looming Evil","Spreading Infection"],"picked":"CurseOfTheBell","floor":17.0},{"not_picked":["animator:Kaijin","animator:Shuna","animator:Benimaru"],"picked":"animator:Vesta","floor":18},{"not_picked":["animator:ChlammyZell","animator:NagisaMomoe","animator:CrowleyEusford"],"picked":"animator:Millim","floor":19}],"player_experience":957529,"relics_obtained":[{"floor":3.0,"key":"Bronze Scales"},{"floor":6.0,"key":"Grinning Jar"},{"floor":8.0,"key":"Vajra"},{"floor":9.0,"key":"Lantern"}],"event_choices":[],"is_beta":false,"boss_relics":[{"not_picked":["Coffee Dripper","Fusion Hammer"],"picked":"Replay:Ancient Bell"},{"not_picked":["Replay:Baseball","ReplayFunnel"],"picked":"infinitespire:Satchel"},{"not_picked":["Mercury Hourglass","Chameleon Ring"],"picked":"Gremlin Horn"},{"not_picked":["animator:HeavyHalberd","Pocketwatch"],"picked":"StoneCalendar"}],"items_purged_floors":[],"is_endless":false,"potions_floor_spawned":[8,16],"killed_by":"Gensokyo:Swordslinger","ascension_level":20}}