{"host":"nw4g04f085wnqcgt","time":1612391735,"event":{"mods":["AchievementEnabler","BaseMod","Colored Map","Colored Powertips","DeckTracker","Minty Spire (QoL Compilation)","Relic Sorter","SuperFastMode"],"gold_per_floor":[16,16,26,41,41,41,71,21,21,96,21,36,36,62,62,164,164,178,178,34,68,118,145,145,172,184,196,196],"floor_reached":27,"language":"ENG","playtime":1238,"items_purged":["Strike_R"],"score":413,"play_id":"cc335c38-b58c-41ac-b3e5-9a75099df85d","local_time":"20210203173535","is_ascension_mode":true,"campfire_choices":[{"data":"Bash","floor":6,"key":"SMITH"},{"floor":13,"key":"REST"},{"data":"Impervious","floor":15,"key":"SMITH"},{"data":"Armaments","floor":24,"key":"SMITH"}],"circlet_count":0,"master_deck":["Strike_R","Strike_R","Strike_R","Defend_R","Defend_R","Defend_R","Defend_R","Bash+1","Barricade+1","Warcry","Shrug It Off","Shockwave","Armaments+1","Body Slam","Impervious+1","Feed","Battle Trance"],"relics":["Burning Blood","Mango","Magic Flower","Bronze Scales","Busted Crown","Membership Card","Red Mask","Blood Vial","Mercury Hourglass","MawBank","Vajra"],"acts_visited":["Exordium","TheCity"],"potions_floor_usage":[14,16,23,27],"damage_taken":[{"damage":5,"enemies":"Small Slimes","floor":1,"turns":4},{"damage":6,"enemies":"2 Louse","floor":3,"turns":3},{"damage":3,"enemies":"Jaw Worm","floor":4,"turns":7},{"damage":79,"enemies":"3 Sentries","floor":7,"turns":15},{"damage":8,"enemies":"Blue Slaver","floor":12,"turns":9},{"damage":13,"enemies":"Lagavulin","floor":14,"turns":9},{"damage":10,"enemies":"Hexaghost","floor":16,"turns":9},{"damage":0,"enemies":"Chosen","floor":18,"turns":4},{"damage":56,"enemies":"Masked Bandits","floor":21,"turns":7},{"damage":0,"enemies":"Book of Stabbing","floor":23,"turns":5},{"damage":0,"enemies":"Gremlin Leader","floor":25,"turns":6},{"damage":78,"enemies":"Slavers","floor":27,"turns":6}],"seed_played":"2593026230399539988","potions_obtained":[{"floor":4,"key":"SteroidPotion"},{"floor":12,"key":"Explosive Potion"},{"floor":14,"key":"HeartOfIron"},{"floor":25,"key":"PowerPotion"}],"is_trial":false,"path_per_floor":["M","?","M","M","$","R","E","?","T","?","$","M","R","E","R","B",null,"M","?","$","?","T","E","R","E","T","E"],"character_chosen":"IRONCLAD","items_purchased":["Membership Card"],"campfire_rested":1,"item_purchase_floors":[20],"current_hp_per_floor":[80,80,80,80,80,80,21,21,21,10,10,11,39,35,35,34,79,88,88,88,41,41,53,53,65,65,0,0],"gold":196,"neow_bonus":"THREE_RARE_CARDS","is_daily":false,"chose_seed":false,"campfire_upgraded":3,"win_rate":0.0,"timestamp":1612391735,"path_taken":["M","?","M","M","$","R","E","?","T","?","?","M","R","E","R","BOSS","M","?","$","?","?","E","R","E","T","E"],"items_purchased_type":["Relic"],"build_version":"2020-12-22","purchased_purges":1,"victory":false,"max_hp_per_floor":[80,80,80,80,80,80,94,94,94,94,94,94,94,94,94,94,94,94,94,94,94,94,94,94,94,94,94,94],"card_choices":[{"not_picked":["Bludgeon","Corruption"],"picked":"Barricade","floor":0},{"not_picked":["Twin Strike","Flex"],"picked":"Warcry","floor":1},{"not_picked":["Warcry","Iron Wave"],"picked":"Shrug It Off","floor":3},{"not_picked":["Clash","Double Tap"],"picked":"Shockwave","floor":4},{"not_picked":["True Grit","Headbutt"],"picked":"Armaments","floor":7},{"not_picked":["Thunderclap","Brutality"],"picked":"Body Slam","floor":12},{"not_picked":["Perfected Strike","Wild Strike"],"picked":"Impervious","floor":14},{"not_picked":["Juggernaut","Limit Break"],"picked":"Feed","floor":16},{"not_picked":["Sentinel"],"picked":"SKIP","floor":18},{"not_picked":["Hemokinesis"],"picked":"SKIP","floor":23},{"not_picked":["Limit Break"],"picked":"SKIP","floor":25}],"player_experience":401693,"relics_obtained":[{"floor":7,"key":"Mango"},{"floor":9,"key":"Magic Flower"},{"floor":14,"key":"Bronze Scales"},{"floor":21,"key":"Red Mask"},{"floor":22,"key":"Blood Vial"},{"floor":23,"key":"Mercury Hourglass"},{"floor":25,"key":"MawBank"},{"floor":26,"key":"Vajra"}],"event_choices":[{"damage_healed":0,"gold_gain":0,"player_choice":"Grow","damage_taken":0,"max_hp_gain":0,"max_hp_loss":0,"event_name":"Living Wall","floor":2,"gold_loss":0,"cards_upgraded":["Barricade"]},{"cards_removed":["Strike_R"],"damage_healed":0,"gold_gain":0,"player_choice":"Card Removal","damage_taken":0,"max_hp_gain":0,"max_hp_loss":0,"event_name":"The Cleric","floor":8,"gold_loss":50},{"damage_healed":0,"gold_gain":75,"player_choice":"Gather Gold","damage_taken":11,"max_hp_gain":0,"max_hp_loss":0,"event_name":"World of Goop","floor":10,"gold_loss":0},{"damage_healed":0,"gold_gain":0,"player_choice":"Read","damage_taken":0,"max_hp_gain":0,"max_hp_loss":0,"event_name":"The Library","floor":19,"gold_loss":0,"cards_obtained":["Battle Trance"]},{"damage_healed":0,"gold_gain":0,"player_choice":"Fought Bandits","damage_taken":0,"max_hp_gain":0,"max_hp_loss":0,"event_name":"Masked Bandits","floor":21,"gold_loss":0}],"is_beta":false,"boss_relics":[{"not_picked":["Fusion Hammer","Runic Dome"],"picked":"Busted Crown"}],"items_purged_floors":[11],"is_endless":false,"potions_floor_spawned":[4,12,14,25],"killed_by":"Slavers","ascension_level":5}}