{"host":"9mz6x6ekz95y53i5","time":1612355594,"event":{"mods":["AchievementEnabler","BaseMod","Downfall","Energized Spire","Minty Spire (QoL Compilation)","Reliquary","Replay The Spire","Spicy Shops","StSLib","The Bug Knight","UnlockEverythingMod","¡¾ÒÅÎï¿¨ÅÆ¡¿REMEMod"],"gold_per_floor":[110,385,400,64,76,76,76,92,115,115,129,147,163,179,179,252,252,269,269,269,285,18,47,47,80,80,80,94,94,107,125,125,196,196,216,216,233,247,39,39,65,83,83,55,55,55],"floor_reached":45,"language":"ZHS","playtime":3481,"items_purged":["Regret","Strike_B","Defend_B"],"score":1083,"play_id":"f5da6245-d05f-4735-b17e-5ffaf1b6e58c","local_time":"20210203203314","is_ascension_mode":true,"campfire_choices":[{"data":"REME_HeartOfCthun","floor":6,"key":"SMITH"},{"data":"Coolheaded","floor":10,"key":"SMITH"},{"data":"Fission","floor":15,"key":"SMITH"},{"data":"White Noise","floor":24,"key":"SMITH"},{"floor":29,"key":"REST"},{"floor":40,"key":"REST"}],"circlet_count":0,"master_deck":["AscendersBane","Strike_B","Defend_B","Zap","Dualcast","REME_HeartOfCthun+1","Go for the Eyes","Cold Snap+1","Go for the Eyes","Coolheaded+1","Streamline","Fission+1","Chill","Echo Form","Chaos","ReplayTheSpireMod:Reroute Power","Coolheaded","Sweeping Beam","FTL","White Noise+1","ReplayTheSpireMod:Calculation Training","REME_DataAnalysis+1","ReplayTheSpireMod:Repulse","FTL+1","ReplayRNGCard","Streamline+1","Redo+1","Recycle","Loop","Barrage+1","Turbo","Compile Driver"],"relics":["Cracked Core","REME_ComplimentaryCards","NeowsBlessing","FossilizedHelix","Tiny Chest","reliquary:RedCape","Geode","Strawberry","Mango","StoneCalendar","Garlic","REME_DuelDisc","StrikeDummy","Whetstone"],"acts_visited":["Exordium","TheCity","TheBeyond"],"potions_floor_usage":[11,16,25,25,28,41],"damage_taken":[{"damage":0.0,"enemies":"Small Slimes","floor":1.0,"turns":1.0},{"damage":0,"enemies":"Cultist","floor":3,"turns":1},{"damage":0,"enemies":"Jaw Worm","floor":5,"turns":1},{"damage":7,"enemies":"Lots of Slimes","floor":8,"turns":3},{"damage":0,"enemies":"Large Slime","floor":11,"turns":4},{"damage":0,"enemies":"Red Slaver","floor":12,"turns":2},{"damage":0,"enemies":"Exordium Wildlife","floor":13,"turns":2},{"damage":0,"enemies":"2 Fungi Beasts","floor":14,"turns":2},{"damage":22,"enemies":"Fading Forest","floor":16,"turns":13},{"damage":13,"enemies":"2 Thieves","floor":18,"turns":3},{"damage":0,"enemies":"Spheric Guardian","floor":21,"turns":4},{"damage":0,"enemies":"Gremlin Leader","floor":23,"turns":5},{"damage":40,"enemies":"Book of Stabbing","floor":25,"turns":8},{"damage":0,"enemies":"Centurion and Healer","floor":28,"turns":4},{"damage":2,"enemies":"Shelled Parasite and Fungi","floor":30,"turns":5},{"damage":16,"enemies":"Snecko","floor":31,"turns":5},{"damage":36,"enemies":"Automaton","floor":33,"turns":11},{"damage":36,"enemies":"3 Darklings","floor":35,"turns":3},{"damage":1,"enemies":"3 Shapes","floor":37,"turns":3},{"damage":0,"enemies":"3 Darklings","floor":38,"turns":2},{"damage":47,"enemies":"Nemesis","floor":41,"turns":7},{"damage":8,"enemies":"4 Shapes","floor":42,"turns":7},{"damage":8,"enemies":"Sphere and 2 Shapes","floor":45,"turns":3}],"seed_played":"7303201776953284114","potions_obtained":[{"floor":3,"key":"Adrenaline Potion"},{"floor":8,"key":"Explosive Potion"},{"floor":13,"key":"SteroidPotion"},{"floor":14,"key":"Elixir"},{"floor":18,"key":"Languid Potion"},{"floor":23,"key":"Block Potion"},{"floor":25,"key":"Slimebound:ThreeZeroPotion"},{"floor":32,"key":"SpeedPotion"},{"floor":32,"key":"FearPotion"},{"floor":41,"key":"Venom Potion"}],"is_trial":false,"path_per_floor":["M","?","M","$","M","R","$","M","T","R","M","M","M","M","R","B",null,"M","?","?","M","$","E","R","E","T","T","M","R","M","M","R","B",null,"M","?","M","M","$","R","E","M","T","$","M"],"character_chosen":"DEFECT","items_purchased":["FossilizedHelix","Geode","FTL","Loop","Compile Driver"],"campfire_rested":2,"item_purchase_floors":[4,22,22,39,44],"current_hp_per_floor":[64,64,64,64,64,64,64,57,57,57,57,57,57,57,57,43,64,51,51,51,51,51,58,58,32,32,32,32,59,57,41,41,5,70,34,34,33,33,33,60,13,5,5,5,0,0],"gold":55,"neow_bonus":"THREE_ENEMY_KILL","is_daily":false,"chose_seed":false,"campfire_upgraded":4,"win_rate":0.0,"timestamp":1612355594,"path_taken":["M","?","?","$","M","R","$","M","T","R","M","M","?","M","R","BOSS","M","?","?","M","$","E","R","E","T","?","?","R","M","M","R","BOSS","M","?","M","M","$","R","E","M","T","$","M"],"items_purchased_type":["Relic","Relic","Card","Card","Card"],"build_version":"2020-12-22","purchased_purges":3,"victory":false,"max_hp_per_floor":[71,71,71,71,71,71,71,71,71,71,71,71,71,71,71,71,71,71,71,71,71,71,78,78,92,92,92,92,92,92,92,92,92,92,92,92,92,92,92,92,92,92,92,92,92,92],"card_choices":[{"not_picked":["FIFO Queue","Coolheaded"],"picked":"Go for the Eyes","floor":1.0},{"not_picked":["Conserve Battery","Fusion"],"picked":"Cold Snap","floor":3},{"not_picked":["REME_SelfUpgrade","Melter"],"picked":"Go for the Eyes","floor":5},{"not_picked":["Cold Snap","Steam Power"],"picked":"Coolheaded","floor":8},{"not_picked":["Barrage","Stack"],"picked":"Streamline","floor":11},{"not_picked":["Sweeping Beam","Hologram"],"picked":"Fission","floor":12},{"not_picked":["Hologram","Leap"],"picked":"Chill","floor":13},{"not_picked":["Stack","Rebound","Melter"],"picked":"SKIP","floor":14},{"not_picked":["Core Surge","Seek"],"picked":"Echo Form","floor":16},{"not_picked":["Ball Lightning","Barrage"],"picked":"Chaos","floor":18},{"not_picked":["BasicCrystalCard","ReplayTheSpireMod:Reroute Power"],"picked":"Sweeping Beam","floor":21},{"not_picked":["ReplaySort","ReplayGash"],"picked":"White Noise","floor":23},{"not_picked":["Panic Button","Gash"],"picked":"ReplayTheSpireMod:Calculation Training","floor":25},{"not_picked":["Conserve Battery","Barrage"],"picked":"REME_DataAnalysis+1","floor":28},{"not_picked":["Coolheaded","Leap"],"picked":"ReplayTheSpireMod:Repulse","floor":30},{"not_picked":["Fusion","Recycle"],"picked":"FTL+1","floor":31},{"not_picked":["Core Surge","Fission"],"picked":"ReplayRNGCard","floor":33},{"not_picked":["Panic Button","Static Discharge"],"picked":"Streamline+1","floor":35},{"not_picked":["Cold Snap","Beam Cell","REME_SelfUpgrade+1"],"picked":"Redo+1","floor":37},{"not_picked":["Stack","Compile Driver"],"picked":"Recycle","floor":38},{"not_picked":["Force Field","Coolheaded"],"picked":"Barrage","floor":41},{"not_picked":["BootSequence","Hologram"],"picked":"Turbo","floor":42}],"player_experience":222323,"relics_obtained":[{"floor":9,"key":"Tiny Chest"},{"floor":23,"key":"Strawberry"},{"floor":25,"key":"Mango"},{"floor":26,"key":"StoneCalendar"},{"floor":27,"key":"Garlic"},{"floor":41,"key":"StrikeDummy"},{"floor":43,"key":"Whetstone"}],"event_choices":[{"damage_healed":0.0,"max_hp_gain":0.0,"max_hp_loss":0.0,"gold_gain":275.0,"event_name":"Golden Shrine","player_choice":"Desecrate","floor":2.0,"gold_loss":0.0,"damage_taken":0.0,"cards_obtained":["Regret"]},{"damage_healed":0,"gold_gain":0,"cards_transformed":["Strike_B","Strike_B"],"player_choice":"Became Test Subject","damage_taken":0,"max_hp_gain":0,"max_hp_loss":0,"event_name":"Drug Dealer","floor":19,"gold_loss":0,"cards_obtained":["ReplayTheSpireMod:Reroute Power","Coolheaded"]},{"cards_removed":["Defend_B"],"damage_healed":0,"gold_gain":0,"player_choice":"Offered Basic","damage_taken":0,"max_hp_gain":0,"max_hp_loss":0,"event_name":"Bonfire Elementals","floor":20,"gold_loss":0},{"cards_removed":["Defend_B"],"damage_healed":0,"gold_gain":0,"player_choice":"Purged","damage_taken":0,"max_hp_gain":0,"max_hp_loss":0,"event_name":"Purifier","floor":36,"gold_loss":0}],"is_beta":false,"boss_relics":[{"not_picked":["Tiny House","Honey Jar"],"picked":"reliquary:RedCape"},{"not_picked":["Empty Cage","Runic Dome"],"picked":"REME_DuelDisc"}],"items_purged_floors":[4,4,39],"is_endless":false,"potions_floor_spawned":[3,8,13,14,18,23,25,33,35,41],"killed_by":"Sphere and 2 Shapes","ascension_level":20}}