{"host":"neeznpvpgo0qgfkd","time":1612373135,"event":{"mods":["AchievementEnabler","BaseMod","BetterRewards","Colored Map","Colored Powertips","Exacting","Minty Spire (QoL Compilation)","Permanent Neow","Quick Restart","Shop Mod"],"gold_per_floor":[31,31,54,54,204,204,204],"floor_reached":6,"language":"ENG","playtime":182,"items_purged":[],"score":68,"play_id":"86bf6fc8-371e-45b5-a49c-14d9802396dc","local_time":"20210203122535","is_ascension_mode":true,"campfire_choices":[],"circlet_count":0,"master_deck":["AscendersBane","Strike_G","Strike_G","Strike_G","Strike_G","Strike_G","Defend_G","Defend_G","Defend_G","Defend_G","Defend_G","Survivor","Neutralize","Dagger Spray","Injury","Flying Knee","Doubt"],"relics":["Ring of the Snake","Incense Burner","Golden Idol"],"acts_visited":["Exordium"],"potions_floor_usage":[6],"damage_taken":[{"damage":13,"enemies":"Small Slimes","floor":1,"turns":4},{"damage":0,"enemies":"2 Louse","floor":3,"turns":3},{"damage":46,"enemies":"Lagavulin","floor":6,"turns":8}],"seed_played":"-1368161608900912435","potions_obtained":[{"floor":1,"key":"Energy Potion"}],"is_trial":false,"path_per_floor":["M","?","M","?","?","E"],"character_chosen":"THE_SILENT","items_purchased":[],"campfire_rested":0,"item_purchase_floors":[],"current_hp_per_floor":[46,46,46,46,46,0,0],"gold":204,"neow_bonus":"ONE_RARE_RELIC","is_daily":false,"chose_seed":false,"campfire_upgraded":0,"win_rate":0.0,"timestamp":1612373135,"path_taken":["M","?","M","?","?","E"],"items_purchased_type":[],"build_version":"2020-12-22","purchased_purges":0,"victory":false,"max_hp_per_floor":[66,66,66,66,66,66,66],"card_choices":[{"not_picked":["Infinite Blades","Choke"],"picked":"Dagger Spray","floor":1},{"not_picked":["All Out Attack","Setup"],"picked":"Flying Knee","floor":3}],"player_experience":1979154,"relics_obtained":[],"event_choices":[{"damage_healed":0,"gold_gain":0,"player_choice":"Take Wound","damage_taken":0,"relics_obtained":["Golden Idol"],"max_hp_gain":0,"max_hp_loss":0,"event_name":"Golden Idol","floor":2,"gold_loss":0,"cards_obtained":["Injury"]},{"damage_healed":0,"gold_gain":0,"player_choice":"Ignored","damage_taken":0,"max_hp_gain":0,"max_hp_loss":0,"event_name":"Golden Wing","floor":4,"gold_loss":0},{"damage_healed":0,"gold_gain":150,"player_choice":"AGREE","damage_taken":0,"max_hp_gain":0,"max_hp_loss":0,"event_name":"Liars Game","floor":5,"gold_loss":0,"cards_obtained":["Doubt"]}],"is_beta":false,"boss_relics":[],"items_purged_floors":[],"is_endless":false,"potions_floor_spawned":[1],"killed_by":"Lagavulin","ascension_level":20}}