{"host":"bf5upntvbdompq33","time":1612312967,"event":{"mods":["BaseMod","Colored Map","Colored Powertips","Curses Come First","Minty Spire (QoL Compilation)","StSLib","The Hierophant","The Mystic"],"gold_per_floor":[10,10,27,102,5,5,34,34,89,89,100,100,114,130,130,231,231,250,190,190,190],"floor_reached":20,"language":"ENG","playtime":1121,"items_purged":[],"score":258,"play_id":"b1fffb20-4bac-4081-9e29-7bc4aa4eeba7","local_time":"20210202174247","is_ascension_mode":true,"campfire_choices":[{"data":"Defragment","floor":6,"key":"SMITH"},{"data":"Zap","floor":8,"key":"SMITH"},{"floor":12,"key":"REST"},{"data":"Streamline","floor":15,"key":"SMITH"}],"circlet_count":0,"master_deck":["AscendersBane","Strike_B","Strike_B","Defend_B","Defend_B","Defend_B","Zap+1","Dualcast","Rainbow","Undo","Loop","Streamline+1","Defragment+1","Coolheaded","Coolheaded","Reboot","Conserve Battery","Heatsinks","Glacier","Capacitor","Chaos","Melter"],"relics":["Cracked Core","Akabeko","Dream Catcher","Cursed Key"],"acts_visited":["Exordium","TheCity"],"potions_floor_usage":[16,16],"damage_taken":[{"damage":12,"enemies":"Small Slimes","floor":1,"turns":2},{"damage":1,"enemies":"2 Louse","floor":3,"turns":2},{"damage":16,"enemies":"Gremlin Nob","floor":7,"turns":4},{"damage":0,"enemies":"Jaw Worm","floor":11,"turns":4},{"damage":4,"enemies":"2 Fungi Beasts","floor":13,"turns":4},{"damage":14,"enemies":"Exordium Thugs","floor":14,"turns":4},{"damage":2,"enemies":"Slime Boss","floor":16,"turns":13},{"damage":23,"enemies":"Chosen","floor":18,"turns":6},{"damage":12,"enemies":"2 Thieves","floor":19,"turns":4},{"damage":30,"enemies":"Masked Bandits","floor":20,"turns":3}],"seed_played":"-2832659796606325154","potions_obtained":[{"floor":1,"key":"Dexterity Potion"},{"floor":11,"key":"SpeedPotion"},{"floor":13,"key":"SpeedPotion"}],"is_trial":false,"path_per_floor":["M","?","M","?","$","R","E","R","T","?","M","R","M","M","R","B",null,"M","M","?"],"character_chosen":"DEFECT","items_purchased":["Defragment","Coolheaded"],"campfire_rested":1,"item_purchase_floors":[5,5],"current_hp_per_floor":[56,56,55,44,44,44,28,28,28,28,28,50,46,32,32,30,64,41,29,0,0],"gold":190,"neow_bonus":"TRANSFORM_TWO_CARDS","is_daily":false,"chose_seed":false,"campfire_upgraded":3,"win_rate":0.0,"timestamp":1612312967,"path_taken":["M","?","M","?","?","R","E","R","T","?","M","R","?","M","R","BOSS","M","M","?"],"items_purchased_type":["Card","Card"],"build_version":"2020-12-22","purchased_purges":0,"victory":false,"max_hp_per_floor":[75,75,75,75,75,75,75,75,75,75,75,75,75,75,75,75,75,75,75,75,75],"card_choices":[{"not_picked":["FTL","Scrape"],"picked":"Loop","floor":1},{"not_picked":["Go for the Eyes","Reinforced Body"],"picked":"Streamline","floor":3},{"not_picked":["Redo","Streamline"],"picked":"Coolheaded","floor":7},{"not_picked":["Go for the Eyes","Streamline"],"picked":"Conserve Battery","floor":11},{"not_picked":["BootSequence","Darkness"],"picked":"Heatsinks","floor":12},{"not_picked":["Streamline","Rebound"],"picked":"Glacier","floor":13},{"not_picked":["Sweeping Beam","Beam Cell"],"picked":"Capacitor","floor":14},{"not_picked":["Double Energy","Barrage"],"picked":"Chaos","floor":18},{"not_picked":["Force Field","Barrage"],"picked":"Melter","floor":19}],"player_experience":1346636,"relics_obtained":[{"floor":7,"key":"Akabeko"},{"floor":9,"key":"Dream Catcher"}],"event_choices":[{"cards_removed":["Strike_B"],"damage_healed":0,"gold_gain":0,"player_choice":"Forget","damage_taken":0,"max_hp_gain":0,"max_hp_loss":0,"event_name":"Living Wall","floor":2,"gold_loss":0},{"damage_healed":0,"gold_gain":75,"player_choice":"Gather Gold","damage_taken":11,"max_hp_gain":0,"max_hp_loss":0,"event_name":"World of Goop","floor":4,"gold_loss":0},{"damage_healed":0,"gold_gain":0,"player_choice":"1 cards matched","damage_taken":0,"max_hp_gain":0,"max_hp_loss":0,"event_name":"Match and Keep!","floor":10,"gold_loss":0,"cards_obtained":["Reboot"]},{"damage_healed":0,"gold_gain":0,"player_choice":"Fought Bandits","damage_taken":0,"max_hp_gain":0,"max_hp_loss":0,"event_name":"Masked Bandits","floor":20,"gold_loss":0}],"is_beta":false,"boss_relics":[{"not_picked":["Ectoplasm","Empty Cage"],"picked":"Cursed Key"}],"items_purged_floors":[],"is_endless":false,"potions_floor_spawned":[1,11,13],"killed_by":"Masked Bandits","ascension_level":10}}