{"host":"ul3z8ex5o8l5j7mh","time":1612382719,"event":{"mods":["AchievementEnabler","BaseMod","Colored Map","Colored Powertips","DeckTracker","Minty Spire (QoL Compilation)","SuperFastMode"],"gold_per_floor":[118,134,134,134,309,334,334,349,374,391,423,88,103,120,120,218,218,173,173,173,29,29,29,29,29,29,29,29,29,29,29,29,29,29,29,29,29,29,29,29,29,29,29,29,29,29,29,29,29,29,29,29,4,4,4,4],"floor_reached":55,"language":"ENG","playtime":2444,"items_purged":["Doubt"],"score":756,"play_id":"98eb097e-a1ce-4754-8d14-a8fdb06bfc54","local_time":"20210203210519","is_ascension_mode":false,"campfire_choices":[{"floor":15.0,"key":"RECALL"},{"data":"Clash","floor":23.0,"key":"SMITH"},{"data":"Clash","floor":25.0,"key":"SMITH"},{"data":"Clash","floor":27.0,"key":"SMITH"},{"data":"Clash","floor":32.0,"key":"SMITH"},{"data":"Demon Form","floor":40.0,"key":"SMITH"},{"floor":45.0,"key":"REST"},{"data":"Iron Wave","floor":49.0,"key":"SMITH"},{"data":"Immolate","floor":52,"key":"SMITH"}],"circlet_count":0,"master_deck":["Strike_R","Strike_R","Strike_R","Strike_R","Strike_R","Defend_R","Defend_R","Defend_R","Defend_R","Bash","Blood for Blood+1","Pommel Strike","Iron Wave","Clash+1","Clash+1","Clash+1","Anger","Demon Form+1","Thunderclap","Headbutt+1","Clothesline","Immolate+1","Iron Wave+1","Clash+1","Rampage","Berserk+1","Shrug It Off+1","Sword Boomerang","Secret Technique","Armaments+1","Pommel Strike+1","Cleave","Iron Wave+1","Carnage","Heavy Blade","Anger","Thunderclap","Blood for Blood"],"relics":["Burning Blood","NeowsBlessing","Calipers","Happy Flower","Incense Burner","Regal Pillow","Shuriken","Ectoplasm","Ancient Tea Set","Frozen Egg 2","Bronze Scales","Magic Flower","Blue Candle","Mark of Pain","Blood Vial","Unceasing Top","HornCleat"],"acts_visited":["Exordium","TheCity","TheBeyond","TheEnding"],"potions_floor_usage":[50,50],"damage_taken":[{"damage":0.0,"enemies":"Cultist","floor":1.0,"turns":1.0},{"damage":0.0,"enemies":"Jaw Worm","floor":2.0,"turns":1.0},{"damage":0.0,"enemies":"Gremlin Nob","floor":6.0,"turns":1.0},{"damage":9.0,"enemies":"2 Louse","floor":8.0,"turns":3.0},{"damage":0.0,"enemies":"Looter","floor":10.0,"turns":3.0},{"damage":10.0,"enemies":"3 Sentries","floor":11.0,"turns":8.0},{"damage":0.0,"enemies":"Gremlin Gang","floor":13.0,"turns":2.0},{"damage":0.0,"enemies":"Large Slime","floor":14.0,"turns":3.0},{"damage":30.0,"enemies":"The Guardian","floor":16.0,"turns":7.0},{"damage":15.0,"enemies":"2 Thieves","floor":18.0,"turns":3.0},{"damage":5.0,"enemies":"Spheric Guardian","floor":19.0,"turns":3.0},{"damage":0.0,"enemies":"Snake Plant","floor":22.0,"turns":2.0},{"damage":15.0,"enemies":"Book of Stabbing","floor":24.0,"turns":4.0},{"damage":0.0,"enemies":"Centurion and Healer","floor":28.0,"turns":4.0},{"damage":12.0,"enemies":"Colosseum Slavers","floor":31.0,"turns":3.0},{"damage":6.0,"enemies":"Colosseum Nobs","floor":31.0,"turns":3.0},{"damage":53.0,"enemies":"Champ","floor":33.0,"turns":9.0},{"damage":8.0,"enemies":"3 Shapes","floor":35.0,"turns":2.0},{"damage":9.0,"enemies":"Orb Walker","floor":36.0,"turns":3.0},{"damage":29.0,"enemies":"3 Darklings","floor":39.0,"turns":4.0},{"damage":43.0,"enemies":"Reptomancer","floor":41.0,"turns":4.0},{"damage":0.0,"enemies":"Jaw Worm Horde","floor":42.0,"turns":3.0},{"damage":5.0,"enemies":"Transient","floor":44.0,"turns":5.0},{"damage":15.0,"enemies":"Writhing Mass","floor":46.0,"turns":4.0},{"damage":5.0,"enemies":"Jaw Worm Horde","floor":47.0,"turns":3.0},{"damage":25.0,"enemies":"Maw","floor":48.0,"turns":5.0},{"damage":59,"enemies":"Awakened One","floor":50,"turns":9},{"damage":26,"enemies":"Shield and Spear","floor":54,"turns":5},{"damage":148,"enemies":"The Heart","floor":55,"turns":6}],"seed_played":"-1678518215432950585","potions_obtained":[{"floor":1.0,"key":"FearPotion"},{"floor":8.0,"key":"EssenceOfSteel"},{"floor":11.0,"key":"Explosive Potion"},{"floor":19.0,"key":"SpeedPotion"},{"floor":22.0,"key":"Regen Potion"},{"floor":33.0,"key":"PowerPotion"},{"floor":42.0,"key":"Fruit Juice"},{"floor":44.0,"key":"FairyPotion"},{"floor":47.0,"key":"HeartOfIron"},{"floor":48.0,"key":"Strength Potion"}],"is_trial":false,"path_per_floor":["M","M","?","?","?","E","T","M","T","M","E","$","M","M","R","B",null,"M","M","?","$","M","R","E","R","T","R","M","$","?","?","R","B",null,"M","M","?","?","M","R","E","M","T","M","R","M","M","M","R","B",null,"R","$","E","B"],"character_chosen":"IRONCLAD","items_purchased":["Shuriken","Ancient Tea Set","Thunderclap"],"campfire_rested":1,"item_purchase_floors":[12,21,53],"current_hp_per_floor":[80,80,55,55,55,61,61,58,58,64,60,60,66,72,72,48,80,71,72,57,57,63,63,66,66,66,66,72,72,72,66,66,22,85,85,85,85,85,65,65,31,48,48,55,90,84,90,74,74,27,90,90,90,73,0,0],"gold":4,"neow_bonus":"THREE_ENEMY_KILL","is_daily":false,"chose_seed":false,"campfire_upgraded":7,"win_rate":0.0,"timestamp":1612382719,"path_taken":["M","M","?","?","?","E","?","M","T","M","E","$","?","M","R","BOSS","M","M","?","$","M","R","E","R","T","R","M","$","?","?","R","BOSS","M","M","?","?","M","R","E","M","T","M","R","M","M","M","R","BOSS","R","$","E","BOSS"],"items_purchased_type":["Relic","Relic","Card"],"build_version":"2020-12-22","purchased_purges":1,"victory":false,"max_hp_per_floor":[80,80,80,80,80,80,80,80,80,80,80,80,80,80,80,80,80,80,80,85,85,85,85,85,85,85,85,85,85,85,85,85,85,85,85,85,85,85,85,85,85,90,90,90,90,90,90,90,90,90,90,90,90,90,90,90],"card_choices":[{"not_picked":["Sentinel","Body Slam"],"picked":"Rage","floor":1.0},{"not_picked":["Perfected Strike","Flame Barrier"],"picked":"Blood for Blood","floor":2.0},{"not_picked":["Rage","Dual Wield"],"picked":"Pommel Strike","floor":6.0},{"not_picked":["Sword Boomerang","Clash"],"picked":"Iron Wave","floor":8.0},{"not_picked":["Body Slam","Flex"],"picked":"Clash","floor":10.0},{"not_picked":["Combust","Whirlwind"],"picked":"Clash","floor":11.0},{"not_picked":["Perfected Strike","Spot Weakness"],"picked":"Clash","floor":13.0},{"not_picked":["Wild Strike","Twin Strike"],"picked":"Anger","floor":14.0},{"not_picked":["Fiend Fire","Barricade"],"picked":"Demon Form","floor":16.0},{"not_picked":["Havoc","Perfected Strike"],"picked":"Thunderclap","floor":18.0},{"not_picked":["Wild Strike","Heavy Blade"],"picked":"Headbutt+1","floor":19.0},{"not_picked":["Body Slam","Dual Wield+1"],"picked":"Clothesline","floor":22.0},{"not_picked":["Rampage","Iron Wave+1"],"picked":"Immolate","floor":24.0},{"not_picked":["Twin Strike","Anger"],"picked":"Iron Wave","floor":28.0},{"not_picked":["Pummel+1","Rage"],"picked":"Rampage","floor":31.0},{"not_picked":["Corruption+1","Fiend Fire"],"picked":"Berserk+1","floor":33.0},{"not_picked":["True Grit+1","Sword Boomerang+1"],"picked":"Shrug It Off+1","floor":35.0},{"not_picked":["Dual Wield","Flex+1"],"picked":"Sword Boomerang","floor":36.0},{"not_picked":["Enlightenment","Master of Strategy"],"picked":"Secret Technique","floor":38.0},{"not_picked":["Thunderclap+1","Twin Strike"],"picked":"Armaments+1","floor":39.0},{"not_picked":["Warcry","Clothesline"],"picked":"Pommel Strike+1","floor":41.0},{"not_picked":["Metallicize+1","Whirlwind+1"],"picked":"Cleave","floor":42.0},{"not_picked":["Dark Embrace+1","Twin Strike+1"],"picked":"Iron Wave+1","floor":44.0},{"not_picked":["Barricade+1","Sword Boomerang+1"],"picked":"Carnage","floor":46.0},{"not_picked":["Twin Strike+1","Infernal Blade+1"],"picked":"Heavy Blade","floor":47.0},{"not_picked":["Whirlwind+1","Carnage"],"picked":"Anger","floor":48.0},{"not_picked":["Heavy Blade+1","Warcry"],"picked":"Blood for Blood","floor":54}],"player_experience":306822,"relics_obtained":[{"floor":6.0,"key":"Happy Flower"},{"floor":7.0,"key":"Incense Burner"},{"floor":11.0,"key":"Regal Pillow"},{"floor":24.0,"key":"Frozen Egg 2"},{"floor":26.0,"key":"Bronze Scales"},{"floor":31.0,"key":"Magic Flower"},{"floor":31.0,"key":"Blue Candle"},{"floor":41.0,"key":"Blood Vial"},{"floor":43.0,"key":"Unceasing Top"},{"floor":54,"key":"HornCleat"}],"event_choices":[{"damage_healed":0.0,"max_hp_gain":0.0,"max_hp_loss":0.0,"gold_gain":0.0,"event_name":"Scrap Ooze","player_choice":"Success","floor":3.0,"gold_loss":0.0,"damage_taken":25.0,"relics_obtained":["Calipers"]},{"damage_healed":0.0,"max_hp_gain":0.0,"max_hp_loss":0.0,"gold_gain":0.0,"event_name":"Living Wall","player_choice":"Grow","floor":4.0,"gold_loss":0.0,"damage_taken":0.0,"cards_upgraded":["Blood for Blood"]},{"damage_healed":0.0,"max_hp_gain":0.0,"max_hp_loss":0.0,"gold_gain":175.0,"event_name":"Liars Game","player_choice":"AGREE","floor":5.0,"gold_loss":0.0,"damage_taken":0.0,"cards_obtained":["Doubt"]},{"damage_healed":0.0,"max_hp_gain":5.0,"max_hp_loss":0.0,"gold_gain":0.0,"event_name":"Forgotten Altar","player_choice":"Shed Blood","floor":20.0,"gold_loss":0.0,"damage_taken":20.0},{"damage_healed":0.0,"max_hp_gain":0.0,"max_hp_loss":0.0,"gold_gain":0.0,"event_name":"The Library","player_choice":"Read","floor":30.0,"gold_loss":0.0,"damage_taken":0.0,"cards_obtained":["Clash"]},{"damage_healed":0.0,"max_hp_gain":0.0,"max_hp_loss":0.0,"gold_gain":0.0,"event_name":"Colosseum","player_choice":"Fight","floor":31.0,"gold_loss":0.0,"damage_taken":0.0},{"damage_healed":0.0,"max_hp_gain":0.0,"max_hp_loss":0.0,"gold_gain":0.0,"event_name":"Colosseum","player_choice":"Fought Nobs","floor":31.0,"gold_loss":0.0,"damage_taken":0.0},{"cards_removed":["Rage"],"damage_healed":0.0,"max_hp_gain":0.0,"max_hp_loss":0.0,"gold_gain":0.0,"event_name":"Falling","player_choice":"Removed Skill","floor":37.0,"gold_loss":0.0,"damage_taken":0.0},{"damage_healed":0.0,"max_hp_gain":0.0,"max_hp_loss":0.0,"gold_gain":0.0,"event_name":"SensoryStone","player_choice":"Memory 1","floor":38.0,"gold_loss":0.0,"damage_taken":0.0}],"is_beta":false,"boss_relics":[{"not_picked":["Pandora\u0027s Box","Runic Pyramid"],"picked":"Ectoplasm"},{"not_picked":["Calling Bell","Astrolabe"],"picked":"Mark of Pain"}],"items_purged_floors":[12],"is_endless":false,"potions_floor_spawned":[1,8,11,19,22,33,42,44,47,48],"killed_by":"The Heart","ascension_level":0}}