{"host":"vddnn8yddbh0df4g","time":1612311149,"event":{"mods":["Act Like it!","BaseMod","Beaked The Cultist","Bestiary","Clockwork Mod","Downfall","Minty Spire (QoL Compilation)","Shop Mod","StSLib","SuperFastMode","The Construct","The Runesmith"],"gold_per_floor":[114,114,114,132,132,172,185,219,219,219,262,262,262,278,278,404,404,387,401,46,0,21,21,56,56,80,80,80,22,47,72,72,193,193,208,208,226,240,240,240,240,240],"floor_reached":41,"language":"ENG","playtime":2164,"items_purged":["Regret","Writhe"],"score":503,"play_id":"17c6cde3-5b55-4750-b603-2c66b01079fc","local_time":"20210202191229","is_ascension_mode":true,"campfire_choices":[{"floor":10.0,"key":"REST"},{"data":"Runesmith:Firestorm","floor":13.0,"key":"SMITH"},{"data":"Runesmith:BackupBattery","floor":15.0,"key":"SMITH"},{"data":"Runesmith:CraftIndustria","floor":23.0,"key":"SMITH"},{"data":"Runesmith:ArcReactor","floor":32,"key":"SMITH"},{"floor":40,"key":"REST"}],"circlet_count":0,"master_deck":["Runesmith:Strike_RS","Runesmith:Strike_RS","Runesmith:Strike_RS","Runesmith:Strike_RS","Runesmith:Defend_RS","Runesmith:Defend_RS","Runesmith:Defend_RS","Runesmith:Defend_RS","Runesmith:CraftFirestone+1","Runesmith:Fortify","Runesmith:Grindstone+1","Runesmith:Grindstone","Runesmith:ArcReactor+1","Runesmith:Firestorm+1","Runesmith:CraftVitae","Runesmith:FieryHammer","Runesmith:BackupBattery+1","Runesmith:CraftIndustria+1","Runesmith:CraftMagma+1","Runesmith:RuneHurl","Runesmith:LithiumIon","Shame","Runesmith:Augment","Runesmith:MetallurgicalResearch","Madness","Madness","Parasite","Runesmith:Permafrost+1","Runesmith:LithiumIon"],"relics":["Runesmith:BrokenRuby","Ornamental Fan","Golden Idol","Bag of Marbles","Nunchaku","Blue Candle","White Beast Statue","Runesmith:PocketReactor","MerchantsRug","Bottled Lightning","Dream Catcher","Question Card","Busted Crown"],"acts_visited":["Exordium","TheCity","TheBeyond"],"potions_floor_usage":[30,33,35,38,41,41,41],"damage_taken":[{"damage":0.0,"enemies":"Small Slimes","floor":1.0,"turns":3.0},{"damage":2.0,"enemies":"2 Louse","floor":4.0,"turns":5.0},{"damage":17.0,"enemies":"3 Sentries","floor":6.0,"turns":11.0},{"damage":1.0,"enemies":"Jaw Worm","floor":7.0,"turns":5.0},{"damage":42.0,"enemies":"Gremlin Nob","floor":8.0,"turns":6.0},{"damage":2.0,"enemies":"Lagavulin","floor":11.0,"turns":8.0},{"damage":9.0,"enemies":"Exordium Thugs","floor":14.0,"turns":4.0},{"damage":0.0,"enemies":"The Guardian","floor":16.0,"turns":14.0},{"damage":15.0,"enemies":"2 Thieves","floor":18.0,"turns":4.0},{"damage":12.0,"enemies":"Spheric Guardian","floor":19.0,"turns":7.0},{"damage":0.0,"enemies":"Snecko","floor":22.0,"turns":9.0},{"damage":21.0,"enemies":"Book of Stabbing","floor":24.0,"turns":8.0},{"damage":2,"enemies":"Chosen and Byrds","floor":30,"turns":6},{"damage":5,"enemies":"Centurion and Healer","floor":31,"turns":8},{"damage":17,"enemies":"Champ","floor":33,"turns":10},{"damage":13,"enemies":"3 Darklings","floor":35,"turns":7},{"damage":9,"enemies":"Orb Walker","floor":37,"turns":5},{"damage":33,"enemies":"Writhing Mass","floor":38,"turns":8},{"damage":32,"enemies":"Reptomancer","floor":41,"turns":2}],"seed_played":"-2902619169334339264","potions_obtained":[{"floor":4.0,"key":"SpeedPotion"},{"floor":8.0,"key":"SpeedPotion"},{"floor":11.0,"key":"Ancient Potion"},{"floor":14.0,"key":"AttackPotion"},{"floor":16.0,"key":"hexamod:SoulburnPotion"},{"floor":18.0,"key":"CultistPotion"},{"floor":19.0,"key":"Guardian:BlockOnCardUsePotion"},{"floor":22.0,"key":"sneckomod:MuddlingPotion"},{"floor":24.0,"key":"hexamod:SoulburnPotion"},{"floor":30,"key":"Fire Potion"},{"floor":31,"key":"BlessingOfTheForge"},{"floor":33,"key":"LiquidBronze"},{"floor":35,"key":"LiquidBronze"},{"floor":37,"key":"Block Potion"},{"floor":38,"key":"Weak Potion"}],"is_trial":false,"path_per_floor":["M","?","?","M","?","E","M","E","T","R","E","T","R","M","R","B",null,"M","M","$","?","M","R","E","?","T","?","?","$","M","M","R","B",null,"M","?","M","M","?","R","E"],"character_chosen":"RUNESMITH_CLASS","items_purchased":["Lee\u0027s Waffle","MerchantsRug"],"campfire_rested":2,"item_purchase_floors":[20,20],"current_hp_per_floor":[70,70,65,63,63,46,45,3,3,22,20,20,20,11,11,11,65,50,38,72,72,72,72,51,51,51,51,51,51,49,44,44,27,72,59,50,41,8,8,29,0,0],"gold":240,"neow_bonus":"UPGRADE_CARD","is_daily":false,"chose_seed":false,"campfire_upgraded":4,"win_rate":0.0,"timestamp":1612311149,"path_taken":["M","?","?","M","?","E","M","E","T","R","E","?","R","?","R","BOSS","M","M","$","?","M","R","E","?","T","?","?","$","M","M","R","BOSS","M","?","M","M","?","R","E"],"items_purchased_type":["Relic","Relic"],"build_version":"2020-12-22","purchased_purges":2,"victory":false,"max_hp_per_floor":[70,70,65,65,65,65,65,65,65,65,65,65,65,65,65,65,65,65,65,72,72,72,72,72,72,72,72,72,72,72,72,72,72,72,72,72,72,72,72,72,72,72],"card_choices":[{"not_picked":["Runesmith:Overpower","Runesmith:StaticCage"],"picked":"Runesmith:Grindstone","floor":1.0},{"not_picked":["Runesmith:Repurpose","Runesmith:Attraction"],"picked":"Runesmith:Grindstone","floor":4.0},{"not_picked":["Runesmith:Grindstone","Runesmith:ChaoticBlast"],"picked":"Runesmith:ArcReactor","floor":6.0},{"not_picked":["Runesmith:Augment","Runesmith:Grindstone"],"picked":"Runesmith:Firestorm","floor":7.0},{"not_picked":["Runesmith:PoweredAnvil","Runesmith:Superposition"],"picked":"Runesmith:CraftVitae","floor":8.0},{"not_picked":["Runesmith:Terraform","Runesmith:Malloc"],"picked":"Runesmith:FieryHammer","floor":11.0},{"not_picked":["Runesmith:Overpower","Runesmith:ChaoticBlast"],"picked":"Runesmith:BackupBattery","floor":14.0},{"not_picked":["Runesmith:CraftMedicinae","Runesmith:Duplicate"],"picked":"Runesmith:CraftIndustria","floor":16.0},{"not_picked":["Runesmith:ChargedHammer","Runesmith:DoubleUp"],"picked":"Runesmith:CraftMagma+1","floor":18.0},{"not_picked":["Runesmith:ShiftingStrike","Runesmith:UnstableHammer","Runesmith:Reinforce"],"picked":"SKIP","floor":19.0},{"not_picked":["Runesmith:HammerThrow","Runesmith:WhiteBalance+1"],"picked":"Runesmith:RuneHurl","floor":22.0},{"not_picked":["Runesmith:ShiftingStrike","Runesmith:EnergizedChisel"],"picked":"Runesmith:LithiumIon","floor":24.0},{"not_picked":["Runesmith:Discharge","Runesmith:EarthShield","Runesmith:Retool"],"picked":"Runesmith:Augment","floor":30},{"not_picked":["Runesmith:Repurpose+1","Runesmith:Retool","Runesmith:GenerateForcefield","Runesmith:HeatedChisel"],"picked":"SKIP","floor":31},{"not_picked":["Runesmith:LightningRod","Runesmith:ArcReactor","Runesmith:LastStand"],"picked":"Runesmith:MetallurgicalResearch","floor":33},{"not_picked":["Runesmith:BackupBattery","Runesmith:RuneHurl+1"],"picked":"SKIP","floor":35},{"not_picked":["Runesmith:HammerTime+1","Runesmith:EnergizedChisel"],"picked":"SKIP","floor":37},{"not_picked":["Runesmith:HammerThrow"],"picked":"Runesmith:Permafrost+1","floor":38}],"player_experience":730320,"relics_obtained":[{"floor":6.0,"key":"Bag of Marbles"},{"floor":8.0,"key":"Nunchaku"},{"floor":9.0,"key":"Blue Candle"},{"floor":12.0,"key":"White Beast Statue"},{"floor":24.0,"key":"Bottled Lightning"}],"event_choices":[{"damage_healed":0.0,"max_hp_gain":0.0,"max_hp_loss":0.0,"gold_gain":0.0,"event_name":"Big Fish","player_choice":"Box","floor":2.0,"gold_loss":0.0,"damage_taken":0.0,"relics_obtained":["Ornamental Fan"],"cards_obtained":["Regret"]},{"damage_healed":0.0,"max_hp_gain":0.0,"max_hp_loss":5.0,"gold_gain":0.0,"event_name":"Golden Idol","player_choice":"Lose Max HP","floor":3.0,"gold_loss":0.0,"damage_taken":0.0,"relics_obtained":["Golden Idol"]},{"damage_healed":0.0,"max_hp_gain":0.0,"max_hp_loss":0.0,"gold_gain":0.0,"event_name":"Living Wall","player_choice":"Grow","floor":5.0,"gold_loss":0.0,"damage_taken":0.0,"cards_upgraded":["Runesmith:Grindstone"]},{"damage_healed":0.0,"max_hp_gain":0.0,"max_hp_loss":0.0,"gold_gain":0.0,"event_name":"Masked Bandits","player_choice":"Paid Fearfully","floor":21.0,"gold_loss":46.0,"damage_taken":0.0},{"damage_healed":0.0,"max_hp_gain":0.0,"max_hp_loss":0.0,"gold_gain":0.0,"event_name":"Addict","player_choice":"Stole Relic","floor":25.0,"gold_loss":0.0,"damage_taken":0.0,"relics_obtained":["Dream Catcher"],"cards_obtained":["Shame"]},{"damage_healed":0.0,"max_hp_gain":0.0,"max_hp_loss":0.0,"gold_gain":0.0,"event_name":"The Mausoleum","player_choice":"Opened","floor":27.0,"gold_loss":0.0,"damage_taken":0.0,"relics_obtained":["Question Card"],"cards_obtained":["Writhe"]},{"damage_healed":0.0,"max_hp_gain":0.0,"max_hp_loss":0.0,"gold_gain":0.0,"event_name":"Vampires","player_choice":"Ignored","floor":28.0,"gold_loss":0.0,"damage_taken":0.0},{"damage_healed":0,"gold_gain":0,"player_choice":"Embrace Madness","damage_taken":9,"max_hp_gain":0,"max_hp_loss":0,"event_name":"Winding Halls","floor":36,"gold_loss":0,"cards_obtained":["Madness","Madness"]},{"damage_healed":0,"gold_gain":0,"player_choice":"Copied","damage_taken":0,"max_hp_gain":0,"max_hp_loss":0,"event_name":"Duplicator","floor":39,"gold_loss":0,"cards_obtained":["Runesmith:LithiumIon"]}],"is_beta":false,"boss_relics":[{"not_picked":["Sozu","construct:ClawGrip"],"picked":"Runesmith:PocketReactor"},{"not_picked":["Runic Dome","Black Star"],"picked":"Busted Crown"}],"items_purged_floors":[20,29],"is_endless":false,"potions_floor_spawned":[4,8,11,14,16,18,19,22,24,30,31,33,35,37,38],"killed_by":"Reptomancer","ascension_level":1}}