{"host":"rtw1tnr74gozsrw1","time":1612387274,"event":{"mods":["BaseMod","Colored Map","Colored Powertips","Highlight Path","Minty Spire (QoL Compilation)","StSLib","The Jungle"],"gold_per_floor":[113,131,56,75,75,75,110,110,110,110,142,156,156,156,156,255,255],"floor_reached":16,"language":"ENG","playtime":387,"items_purged":["Strike_B"],"score":174,"play_id":"90f222bd-11d8-4657-a337-d6a2261d778c","local_time":"20210203222114","is_ascension_mode":true,"campfire_choices":[{"data":"Zap","floor":6,"key":"SMITH"},{"floor":8,"key":"REST"},{"data":"Dualcast","floor":10,"key":"SMITH"},{"data":"Hologram","floor":13,"key":"SMITH"},{"data":"Scrape","floor":15,"key":"SMITH"}],"circlet_count":0,"master_deck":["Strike_B","Strike_B","Strike_B","Defend_B","Defend_B","Defend_B","Defend_B","Zap+1","Dualcast+1","Beam Cell","Beam Cell","Scrape+1","Hologram+1"],"relics":["Cracked Core","NeowsBlessing","Letter Opener","Singing Bowl","Toxic Egg 2"],"acts_visited":["Exordium"],"potions_floor_usage":[7,16],"damage_taken":[{"damage":0,"enemies":"2 Louse","floor":1,"turns":1},{"damage":0,"enemies":"Small Slimes","floor":2,"turns":1},{"damage":0,"enemies":"Jaw Worm","floor":4,"turns":1},{"damage":37,"enemies":"Gremlin Nob","floor":7,"turns":4},{"damage":19,"enemies":"3 Sentries","floor":11,"turns":6},{"damage":0,"enemies":"Blue Slaver","floor":12,"turns":2},{"damage":47,"enemies":"The Guardian","floor":16,"turns":7}],"seed_played":"-6496523825816227519","potions_obtained":[{"floor":1,"key":"Strength Potion"},{"floor":7,"key":"Weak Potion"}],"is_trial":false,"path_per_floor":["M","M","$","M","?","R","E","R","T","R","E","M","R","?","R","B"],"character_chosen":"DEFECT","items_purchased":[],"campfire_rested":1,"item_purchase_floors":[],"current_hp_per_floor":[75,75,75,75,80,80,43,67,67,67,50,52,52,52,52,5,5],"gold":255,"neow_bonus":"THREE_ENEMY_KILL","is_daily":false,"chose_seed":false,"campfire_upgraded":4,"win_rate":0.0,"timestamp":1612387274,"path_taken":["M","M","$","M","?","R","E","R","T","R","E","M","R","?","R","BOSS"],"items_purchased_type":[],"build_version":"2020-12-22","purchased_purges":1,"victory":false,"max_hp_per_floor":[75,75,75,75,80,80,80,80,80,80,82,84,84,84,84,84,84],"card_choices":[{"not_picked":["Storm","Go for the Eyes"],"picked":"Beam Cell","floor":1},{"not_picked":["Leap","Reinforced Body"],"picked":"Beam Cell","floor":2},{"not_picked":["Leap","Force Field"],"picked":"Scrape","floor":4},{"not_picked":["Storm","Meteor Strike"],"picked":"Hologram","floor":7},{"not_picked":["Tempest+1","Compile Driver","Lockon"],"picked":"Singing Bowl","floor":11},{"not_picked":["Stack+1","Undo+1","Coolheaded+1"],"picked":"Singing Bowl","floor":12}],"player_experience":85148,"relics_obtained":[{"floor":7,"key":"Letter Opener"},{"floor":9,"key":"Singing Bowl"},{"floor":11,"key":"Toxic Egg 2"}],"event_choices":[{"damage_healed":0,"gold_gain":0,"player_choice":"Donut","damage_taken":0,"max_hp_gain":5,"max_hp_loss":0,"event_name":"Big Fish","floor":5,"gold_loss":0},{"damage_healed":0,"gold_gain":0,"player_choice":"Ignored","damage_taken":0,"max_hp_gain":0,"max_hp_loss":0,"event_name":"Golden Idol","floor":14,"gold_loss":0}],"is_beta":false,"boss_relics":[],"items_purged_floors":[3],"is_endless":false,"potions_floor_spawned":[1,7],"killed_by":"The Guardian","ascension_level":2}}