{"host":"rf8f5793azs0jd9i","time":1612336591,"event":{"mods":["AchievementEnabler","Aspiration","BaseMod","Colored Powertips","Hubris","Infinite Spire","Minty Spire (QoL Compilation)","Replay The Spire","StSLib"],"gold_per_floor":[112,112,9260,9280,9296,9325,9325,9350,9350,9350,9385,9404,8853,8863,8863,8968,8968,8978,8964,8983,8155,8155,8155,8187,8187,8187,8206,8237,8249,8261,8360,8360,8464,8464,8475,8485,8684,8684,8684,8684,8697,8726,8749,8778,8778,8798,8137,8155,8155,8155],"floor_reached":51,"language":"ENG","playtime":2666,"items_purged":["Shame","Strike_R","Regret","Strike_R"],"score":1088,"play_id":"352a0779-0d97-4491-b6f5-254e7ad9216a","local_time":"20210203011631","is_ascension_mode":true,"campfire_choices":[{"data":"Metallicize","floor":7.0,"key":"SMITH"},{"data":"Body Slam","floor":15.0,"key":"SMITH"},{"data":"Offering","floor":23.0,"key":"SMITH"},{"data":"ReplayTheSpireMod:Stacked","floor":25.0,"key":"SMITH"},{"data":"Dark Embrace","floor":32.0,"key":"SMITH"},{"data":"Barricade","floor":40,"key":"SMITH"},{"data":"Defend_R","floor":49,"key":"SMITH"}],"circlet_count":0,"master_deck":["Strike_R","Strike_R","Strike_R","Defend_R+1","Defend_R","Defend_R+1","Defend_R","Bash+1","Metallicize+1","Metallicize+1","Shrug It Off+1","Body Slam+1","infinitespire:OneForAll+1","Offering+1","Iron Wave+1","ReplayTheSpireMod:Stacked+1","ReplayTheSpireMod:Stacked+1","Iron Wave+1","Dark Embrace+1","Entrench+1","Barricade+1","Dual Wield+1","Body Slam+1"],"relics":["Burning Blood","Bird Faced Urn","hubris:Zylophone","infinitespire:FocusingShard","DollysMirror","War Paint","Bottled Flame","aspiration:StickyExplosives_weak","infinitespire:BottledMercury","hubris:ChampionShield","Guide Book","ReplayTheSpireMod:TigerMarble","Toy Ornithopter","hubris:TerracottaHorce","Chemical X","Molten Egg 2","Lantern","hubris:Reverence","Mummified Hand","Blue Doll","ReplayFunnel","Electric Blood","Pantograph","hubris:SlimyHat","infinitespire:Golems Mask","ClockworkSouvenir","MealTicket","Red Skull"],"acts_visited":["Exordium","TheCity","TheBeyond"],"potions_floor_usage":[42,42,50,50,50],"damage_taken":[{"damage":8.0,"enemies":"Jaw Worm","floor":1.0,"turns":4.0},{"damage":0.0,"enemies":"Cultist","floor":4.0,"turns":4.0},{"damage":5.0,"enemies":"Small Slimes","floor":5.0,"turns":4.0},{"damage":6.0,"enemies":"Gremlin Nob","floor":6.0,"turns":6.0},{"damage":0.0,"enemies":"3 Sentries","floor":8.0,"turns":14.0},{"damage":10.0,"enemies":"Lagavulin","floor":11.0,"turns":9.0},{"damage":17.0,"enemies":"3 Louse","floor":12.0,"turns":6.0},{"damage":0.0,"enemies":"Blue Slaver","floor":14.0,"turns":1.0},{"damage":27.0,"enemies":"Slime Boss","floor":16.0,"turns":6.0},{"damage":8.0,"enemies":"Chosen","floor":18.0,"turns":5.0},{"damage":14.0,"enemies":"2 Thieves","floor":19.0,"turns":4.0},{"damage":26.0,"enemies":"Centurion and Healer","floor":20.0,"turns":6.0},{"damage":6.0,"enemies":"Gremlin Leader","floor":24.0,"turns":6.0},{"damage":6.0,"enemies":"Snake Plant","floor":27.0,"turns":3.0},{"damage":8.0,"enemies":"Book of Stabbing","floor":28.0,"turns":7.0},{"damage":12.0,"enemies":"Shelled Parasite and Fungi","floor":29.0,"turns":4.0},{"damage":6.0,"enemies":"3 Cultists","floor":30.0,"turns":4.0},{"damage":6.0,"enemies":"Automaton","floor":33.0,"turns":12.0},{"damage":16.0,"enemies":"3 Shapes","floor":35.0,"turns":3.0},{"damage":14.0,"enemies":"Orb Walker","floor":36.0,"turns":2.0},{"damage":21.0,"enemies":"infinitespire:Three Voidlings","floor":37.0,"turns":3.0},{"damage":39.0,"enemies":"Nightmare_Alpha","floor":37.0,"turns":8.0},{"damage":24,"enemies":"Jaw Worm Horde","floor":41,"turns":5},{"damage":21,"enemies":"R_Hoarder","floor":42,"turns":4},{"damage":24,"enemies":"Giant Head","floor":44,"turns":5},{"damage":13,"enemies":"4 Shapes","floor":46,"turns":4},{"damage":7,"enemies":"Maw","floor":48,"turns":4},{"damage":27,"enemies":"infinitespire:MassOfShapes","floor":50,"turns":5}],"seed_played":"7515937378948841531","potions_obtained":[{"floor":5.0,"key":"CultistPotion"},{"floor":6.0,"key":"Swift Potion"},{"floor":19.0,"key":"AttackPotion"},{"floor":46,"key":"Adrenaline Potion"}],"is_trial":false,"path_per_floor":["M","?","$","M","M","E","R","E","T","?","E","M","$","M","R","B",null,"M","M","M","$","T","R","E","R","T","M","E","M","M","?","R","B",null,"M","M","?","?","?","R","M","E","T","E","?","M","$","M","R","B",null],"character_chosen":"IRONCLAD","items_purchased":["hubris:Zylophone","infinitespire:FocusingShard","DollysMirror","Shrug It Off","Guide Book","ReplayTheSpireMod:TigerMarble","Toy Ornithopter","Chemical X","Molten Egg 2","Lantern","Iron Wave+1","Block Potion","Dexterity Potion","ClockworkSouvenir","MealTicket","Red Skull","Energy Potion"],"campfire_rested":0,"item_purchase_floors":[3,3,3,3,13,13,13,21,21,21,21,21,21,47,47,47,47],"current_hp_per_floor":[78,78,78,80,80,80,80,80,80,80,78,73,73,79,79,59,75,78,80,64,64,64,64,70,70,70,76,80,80,80,80,80,80,80,76,72,47,47,47,47,35,36,36,30,70,67,67,70,70,54],"gold":8155,"neow_bonus":"ONE_RARE_RELIC","is_daily":false,"chose_seed":false,"campfire_upgraded":7,"win_rate":0.0,"timestamp":1612336591,"path_taken":["M","?","$","M","?","E","R","E","T","?","E","M","?","M","R","BOSS","M","M","M","$","?","R","E","R","T","M","E","M","M","?","R","BOSS","M","M","?","?","?","R","M","E","T","E","?","M","?","M","R","BOSS"],"items_purchased_type":["Relic","Relic","Relic","Card","Relic","Relic","Relic","Relic","Relic","Relic","Card","Potion","Potion","Relic","Relic","Relic","Potion"],"build_version":"2020-12-22","purchased_purges":4,"victory":true,"max_hp_per_floor":[80,80,80,80,80,80,80,80,80,80,80,80,80,80,80,80,80,80,80,80,80,80,80,80,80,80,80,80,80,80,80,80,80,80,80,80,80,80,80,80,80,80,80,80,70,70,70,70,70,70],"card_choices":[{"not_picked":["Run Through","Clash"],"picked":"Metallicize","floor":1.0},{"not_picked":["Iron Wave","Shrug It Off"],"picked":"Body Slam","floor":4.0},{"not_picked":["Infernal Blade","Heavy Blade","Clash"],"picked":"SKIP","floor":5.0},{"not_picked":["Infernal Blade","Heavy Blade","Clash"],"picked":"SKIP","floor":5.0},{"not_picked":["Body Slam","hubris:CleavingFinish","Life Link"],"picked":"SKIP","floor":6.0},{"not_picked":["infinitespire:OneForAll","hubris:ReadiedAction","ReplayTheSpireMod:Corrosion Curse"],"picked":"SKIP","floor":8.0},{"not_picked":["hubris:ReadiedAction","ReplayTheSpireMod:Corrosion Curse"],"picked":"infinitespire:OneForAll","floor":8.0},{"not_picked":["Hemokinesis","Cleave"],"picked":"Feel No Pain","floor":11.0},{"not_picked":["Sever Soul","True Grit","Body Slam"],"picked":"SKIP","floor":12.0},{"not_picked":["Shockwave","ReplayTheSpireMod:Strike From Hell","Blood for Blood"],"picked":"SKIP","floor":14.0},{"not_picked":["Fiend Fire","Impervious"],"picked":"Offering","floor":16.0},{"not_picked":["Fire Breathing","Inflame"],"picked":"Iron Wave+1","floor":18.0},{"not_picked":["ReplayTheSpireMod:Muscle Training","Ghostly Armor"],"picked":"ReplayTheSpireMod:Stacked+1","floor":19.0},{"not_picked":["Intimidate","hubris:ReadiedAction"],"picked":"ReplayTheSpireMod:Stacked","floor":20.0},{"not_picked":["Massacre+1","Berserk","Power Through"],"picked":"SKIP","floor":24.0},{"not_picked":["Inflame","Twin Strike+1"],"picked":"Dark Embrace","floor":27.0},{"not_picked":["Body Slam+1","Warcry+1"],"picked":"Entrench+1","floor":28.0},{"not_picked":["Perfected Strike+1","Metallicize","ReplayTheSpireMod:Strike From Hell+1"],"picked":"SKIP","floor":29.0},{"not_picked":["Corruption","Anger+1","ReplayTheSpireMod:Strike From Hell+1"],"picked":"SKIP","floor":30.0},{"not_picked":["Berserk","Juggernaut"],"picked":"Barricade","floor":33.0},{"not_picked":["Headbutt+1","Spot Weakness+1","Combust+1"],"picked":"SKIP","floor":35.0},{"not_picked":["Warcry+1","Life Link+1","Clash+1"],"picked":"SKIP","floor":36.0},{"not_picked":["hubris:CleavingFinish+1","hubris:ReadiedAction","Uppercut+1"],"picked":"SKIP","floor":41},{"not_picked":["Flame Barrier","Replay:Undeath\u0027s Touch+1","Dual Wield+1"],"picked":"SKIP","floor":42},{"not_picked":["Flame Barrier","Replay:Undeath\u0027s Touch+1"],"picked":"Dual Wield+1","floor":42},{"not_picked":["Replay:Undeath\u0027s Touch+1","Dark Embrace","Cleave+1"],"picked":"SKIP","floor":44},{"not_picked":["Flex","hubris:ReadiedAction"],"picked":"Body Slam+1","floor":46},{"not_picked":["Clash+1","Heavy Blade+1","Disarm+1"],"picked":"SKIP","floor":48}],"player_experience":6364,"relics_obtained":[{"floor":6.0,"key":"War Paint"},{"floor":8.0,"key":"Bottled Flame"},{"floor":9.0,"key":"aspiration:StickyExplosives_weak"},{"floor":11.0,"key":"hubris:ChampionShield"},{"floor":22.0,"key":"hubris:Reverence"},{"floor":24.0,"key":"Mummified Hand"},{"floor":26.0,"key":"Blue Doll"},{"floor":28.0,"key":"ReplayFunnel"},{"floor":42,"key":"Pantograph"},{"floor":43,"key":"hubris:SlimyHat"},{"floor":44,"key":"infinitespire:Golems Mask"}],"event_choices":[{"damage_healed":0.0,"max_hp_gain":0.0,"max_hp_loss":0.0,"gold_gain":0.0,"event_name":"Upgrade Shrine","player_choice":"Upgraded","floor":2.0,"gold_loss":0.0,"damage_taken":0.0,"cards_upgraded":["Bash"]},{"damage_healed":0.0,"max_hp_gain":0.0,"max_hp_loss":0.0,"gold_gain":0.0,"event_name":"Big Fish","player_choice":"Box","floor":10.0,"gold_loss":0.0,"damage_taken":0.0,"relics_obtained":["infinitespire:BottledMercury"],"cards_obtained":["Regret"]},{"damage_healed":0.0,"max_hp_gain":0.0,"max_hp_loss":0.0,"gold_gain":99.0,"event_name":"Nest","player_choice":"Stole From Cult","floor":31.0,"gold_loss":0.0,"damage_taken":0.0},{"damage_healed":0,"gold_gain":99,"player_choice":"Stole From Cult","damage_taken":0,"max_hp_gain":0,"max_hp_loss":0,"event_name":"Nest","floor":37,"gold_loss":0},{"cards_removed":["Feel No Pain"],"damage_healed":0,"gold_gain":0,"player_choice":"Removed Power","damage_taken":0,"max_hp_gain":0,"max_hp_loss":0,"event_name":"Falling","floor":38,"gold_loss":0},{"damage_healed":0,"gold_gain":0,"player_choice":"Ignored","damage_taken":0,"max_hp_gain":0,"max_hp_loss":0,"event_name":"Tomb of Lord Red Mask","floor":39,"gold_loss":0},{"damage_healed":70,"gold_gain":0,"player_choice":"Heal","damage_taken":0,"max_hp_gain":0,"max_hp_loss":10,"event_name":"The Moai Head","floor":45,"gold_loss":0}],"is_beta":false,"boss_relics":[{"not_picked":["hubris:GrandSneckoEye","ChewingGum"],"picked":"hubris:TerracottaHorce"},{"not_picked":["ReplayTheSpireMod:SealedPack","Snecko Eye"],"picked":"Electric Blood"}],"items_purged_floors":[3,13,21,47],"is_endless":false,"potions_floor_spawned":[5,6,18,19,33,35,36,37,46,48],"ascension_level":1}}