{"host":"x8s7139x96bc3le0","time":1612389847,"event":{"mods":["AchievementEnabler","BaseMod","Bestiary","Minty Spire (QoL Compilation)","Relic Stats","ojb\u0027s Better Paths Mod","ojb\u0027s Info Mod"],"gold_per_floor":[115,129,142,142,142,142,207,239,239,274,289,289,314,333,333,333,333],"floor_reached":16,"language":"ENG","playtime":773,"items_purged":[],"score":234,"play_id":"c353828c-cbed-45d3-8666-ef4c90ea5dd6","local_time":"20210203230407","is_ascension_mode":true,"campfire_choices":[{"data":"Uppercut","floor":6.0,"key":"SMITH"},{"floor":12.0,"key":"REST"},{"data":"Immolate","floor":15.0,"key":"SMITH"}],"circlet_count":0,"master_deck":["AscendersBane","Strike_R","Strike_R","Strike_R","Strike_R","Defend_R","Defend_R","Defend_R","Defend_R","Bash","Spot Weakness","Wild Strike","Uppercut+1","Cleave","Shrug It Off","Feel No Pain","Flame Barrier","Immolate+1","Feed"],"relics":["Burning Blood","InkBottle","Tiny Chest","Dream Catcher","Regal Pillow","Smiling Mask"],"acts_visited":["Exordium"],"potions_floor_usage":[],"damage_taken":[{"damage":7.0,"enemies":"2 Louse","floor":1.0,"turns":4.0},{"damage":6.0,"enemies":"Jaw Worm","floor":2.0,"turns":4.0},{"damage":13.0,"enemies":"Small Slimes","floor":3.0,"turns":4.0},{"damage":25.0,"enemies":"3 Sentries","floor":7.0,"turns":6.0},{"damage":20.0,"enemies":"Lagavulin","floor":8.0,"turns":5.0},{"damage":29.0,"enemies":"Gremlin Nob","floor":10.0,"turns":4.0},{"damage":0.0,"enemies":"Gremlin Gang","floor":11.0,"turns":5.0},{"damage":7.0,"enemies":"3 Sentries","floor":13.0,"turns":6.0},{"damage":5.0,"enemies":"Blue Slaver","floor":14.0,"turns":5.0},{"damage":54,"enemies":"Hexaghost","floor":16,"turns":9}],"seed_played":"3160166978552432700","potions_obtained":[{"floor":2.0,"key":"LiquidBronze"},{"floor":3.0,"key":"Block Potion"},{"floor":7.0,"key":"SteroidPotion"},{"floor":10.0,"key":"SneckoOil"}],"is_trial":false,"path_per_floor":["M","M","M","?","?","R","?","E","T","E","M","R","E","M","R","B"],"character_chosen":"IRONCLAD","items_purchased":[],"campfire_rested":1,"item_purchase_floors":[],"current_hp_per_floor":[67,67,60,60,65,65,46,32,32,9,15,54,53,54,54,0,0],"gold":333,"neow_bonus":"TRANSFORM_CARD","is_daily":false,"chose_seed":false,"campfire_upgraded":2,"win_rate":0.0,"timestamp":1612389847,"path_taken":["M","M","M","?","?","R","?","E","T","E","M","R","E","?","R","BOSS"],"items_purchased_type":[],"build_version":"2020-12-22","purchased_purges":0,"victory":false,"max_hp_per_floor":[75,75,75,75,80,80,80,80,80,80,80,80,80,80,80,80,80],"relic_stats":{"Dream Catcher":1,"Regal Pillow":15,"counters":[10,52],"Tiny Chest":0,"Smiling Mask":0,"obtain_stats":[{"Dream Catcher":9,"Regal Pillow":10,"Tiny Chest":8,"Smiling Mask":13,"Burning Blood":0,"InkBottle":7},{"Dream Catcher":5,"Regal Pillow":6,"Tiny Chest":5,"Smiling Mask":8,"Burning Blood":0,"InkBottle":4},{"Dream Catcher":23,"Regal Pillow":27,"Tiny Chest":23,"Smiling Mask":38,"Burning Blood":0,"InkBottle":18}],"Burning Blood":54,"InkBottle":[7]},"card_choices":[{"not_picked":["Clash","Seeing Red"],"picked":"Wild Strike","floor":1.0},{"not_picked":["Shrug It Off","Inflame"],"picked":"Uppercut","floor":2.0},{"not_picked":["Seeing Red","Perfected Strike"],"picked":"Cleave","floor":3.0},{"not_picked":["Rupture","Evolve"],"picked":"Shrug It Off","floor":7.0},{"not_picked":["Warcry","Heavy Blade"],"picked":"Feel No Pain","floor":8.0},{"not_picked":["Whirlwind","Inflame"],"picked":"Flame Barrier","floor":10.0},{"not_picked":["Twin Strike","Inflame"],"picked":"Immolate","floor":11.0},{"not_picked":["Infernal Blade","Rampage"],"picked":"Feed","floor":13.0},{"not_picked":["Twin Strike","Sword Boomerang","Entrench"],"picked":"SKIP","floor":14.0}],"player_experience":829350,"relics_obtained":[{"floor":7.0,"key":"InkBottle"},{"floor":8.0,"key":"Tiny Chest"},{"floor":9.0,"key":"Dream Catcher"},{"floor":10.0,"key":"Regal Pillow"},{"floor":13.0,"key":"Smiling Mask"}],"event_choices":[{"damage_healed":0.0,"max_hp_gain":0.0,"max_hp_loss":0.0,"gold_gain":0.0,"event_name":"Liars Game","player_choice":"Ignored","floor":4.0,"gold_loss":0.0,"damage_taken":0.0},{"damage_healed":0.0,"max_hp_gain":5.0,"max_hp_loss":0.0,"gold_gain":0.0,"event_name":"Big Fish","player_choice":"Donut","floor":5.0,"gold_loss":0.0,"damage_taken":0.0},{"damage_healed":0.0,"max_hp_gain":0.0,"max_hp_loss":0.0,"gold_gain":0.0,"event_name":"Dead Adventurer","player_choice":"Searched \u00271\u0027 times","floor":7.0,"gold_loss":0.0,"damage_taken":0.0}],"is_beta":false,"boss_relics":[],"items_purged_floors":[],"is_endless":false,"potions_floor_spawned":[2,3,7,10],"killed_by":"Hexaghost","ascension_level":19}}