{"host":"rnjhaewkefy4rz3c","time":1612337230,"event":{"mods":["2.2 Compatiblity","AchievementEnabler","BaseMod","Colored Map","Downfall","Minty Spire (QoL Compilation)","Permanent Neow","StSLib","[GremlinLeader]The Maniac"],"gold_per_floor":[110,110,120,131,145,145,173,173,198,198,198,218,235,160,160,160,160],"floor_reached":16,"language":"ENG","playtime":1118,"items_purged":["maniac:Strike"],"score":102,"play_id":"5122f419-0bfa-4464-92d7-1495b52d3a15","local_time":"20210203032710","is_ascension_mode":false,"campfire_choices":[{"data":"maniac:BladesInCloak","floor":6,"key":"SMITH"},{"data":"maniac:BladeEnd","floor":8,"key":"SMITH"},{"floor":10,"key":"REST"},{"data":"maniac:BladesInCloak","floor":15,"key":"SMITH"}],"circlet_count":0,"master_deck":["maniac:Strike","maniac:Strike+1","maniac:Strike","maniac:Strike","maniac:Defend","maniac:Defend","maniac:Defend","maniac:Defend+1","maniac:BurnBlood","maniac:AbyssShackle+1","maniac:Intimidate+1","maniac:BladesInCloak+1","maniac:Refine","maniac:Lacerate","maniac:BladeEnd+1","maniac:BladesInCloak+1","maniac:SpectralKnives"],"relics":["maniac:DamagedAnvil","maniac:BrokenHorn","Centennial Puzzle","Bag of Preparation"],"acts_visited":["Exordium"],"potions_floor_usage":[5],"damage_taken":[{"damage":0,"enemies":"2 Louse","floor":1,"turns":2},{"damage":6,"enemies":"Jaw Worm","floor":3,"turns":4},{"damage":1,"enemies":"Cultist","floor":4,"turns":3},{"damage":6,"enemies":"3 Louse","floor":5,"turns":6},{"damage":30,"enemies":"Gremlin Nob","floor":7,"turns":4},{"damage":3,"enemies":"Red Slaver","floor":12,"turns":2},{"damage":0,"enemies":"2 Fungi Beasts","floor":13,"turns":2},{"damage":46,"enemies":"The Guardian","floor":16,"turns":9}],"seed_played":"9172777400045205827","potions_obtained":[{"floor":1,"key":"Dexterity Potion"},{"floor":3,"key":"sneckomod:MuddlingPotion"},{"floor":13,"key":"SpeedPotion"}],"is_trial":false,"path_per_floor":["M","?","M","M","M","R","E","R","T","R","?","M","M","$","R","B"],"character_chosen":"THE_MANIAC","items_purchased":[],"campfire_rested":1,"item_purchase_floors":[],"current_hp_per_floor":[80,64,58,57,51,51,21,21,21,45,45,42,42,42,42,0,0],"gold":160,"neow_bonus":"UPGRADE_CARD","is_daily":false,"chose_seed":false,"campfire_upgraded":3,"win_rate":0.0,"timestamp":1612337230,"path_taken":["M","?","M","M","M","R","E","R","T","R","?","M","M","$","R","BOSS"],"items_purchased_type":[],"build_version":"2020-12-22","purchased_purges":1,"victory":false,"max_hp_per_floor":[80,80,80,80,80,80,80,80,80,80,80,80,80,80,80,80,80],"card_choices":[{"not_picked":["maniac:Hasten","maniac:ArmToTheTeeth"],"picked":"maniac:Intimidate","floor":1},{"not_picked":["maniac:FoilArmor","maniac:Feint"],"picked":"maniac:BladesInCloak","floor":3},{"not_picked":["maniac:UntravelledPath","maniac:Feint"],"picked":"maniac:Refine","floor":4},{"not_picked":["maniac:Exterminator","maniac:MeleeStrike"],"picked":"maniac:Lacerate","floor":5},{"not_picked":["maniac:AllOutAttack","maniac:Lacerate"],"picked":"maniac:BladeEnd","floor":7},{"not_picked":["maniac:WardAndDefend","maniac:Intimidate"],"picked":"maniac:BladesInCloak","floor":12},{"not_picked":["maniac:ListenToNone","maniac:ShelteringEdge"],"picked":"maniac:SpectralKnives","floor":13}],"player_experience":706092,"relics_obtained":[{"floor":7,"key":"Centennial Puzzle"},{"floor":9,"key":"Bag of Preparation"}],"event_choices":[{"damage_healed":0,"gold_gain":0,"player_choice":"Entered Light","damage_taken":16,"max_hp_gain":0,"max_hp_loss":0,"event_name":"Shining Light","floor":2,"gold_loss":0,"cards_upgraded":["maniac:Strike","maniac:Defend"]},{"damage_healed":0,"gold_gain":0,"player_choice":"Upgraded","damage_taken":0,"max_hp_gain":0,"max_hp_loss":0,"event_name":"Upgrade Shrine","floor":11,"gold_loss":0,"cards_upgraded":["maniac:Intimidate"]}],"is_beta":false,"boss_relics":[],"items_purged_floors":[14],"is_endless":false,"potions_floor_spawned":[1,3,13],"killed_by":"The Guardian","ascension_level":0}}