{"host":"dlskvfecb6rtl9z1","time":1612373131,"event":{"mods":["2.2 Compatiblity","AchievementEnabler","Aspiration","BaseMod","Better Third Choice","Colored Map","Colored Powertips","Duelist Mod","Hermit","Hubris","Infinite Spire","KinomotoSakuraMod(????)","Koishi","Marisa????????","Minty Spire (QoL Compilation)","Remilia??????","Replay The Spire","Shop Mod","StSLib","Td1madao Mod","The Administrix","The Bug Knight","The Construct","The Cursed","The Disciple","The Hierophant","The Jungle","The Mystic","The Necromancer","The Runesmith","The Senshi","The Servant 0.9.4"],"gold_per_floor":[111,111,111,36,56,56,85,85,112,112,129,129,129,159,159,255,255,275,275,293,392,402,431,431,460,460,474,529,554,554,243,243,345,345,362,92,103,103,120,120,130,155,155,186,186,186,186,186,186,186],"floor_reached":51,"language":"ENG","playtime":4946,"items_purged":["Strike_R","ReplayTheSpireMod:Splinters","Strike_R"],"score":1144,"play_id":"fcc3e6da-e884-41d3-865b-229681dec229","local_time":"20210203192531","is_ascension_mode":true,"campfire_choices":[{"data":"Bash","floor":6.0,"key":"SMITH"},{"data":"Shrug It Off","floor":8.0,"key":"SMITH"},{"data":"Defend_R","floor":10.0,"key":"SMITH"},{"data":"True Grit","floor":12.0,"key":"SMITH"},{"data":"Battle Trance","floor":15.0,"key":"SMITH"},{"data":"Shrug It Off","floor":24.0,"key":"SMITH"},{"data":"Barricade","floor":30,"key":"SMITH"},{"data":"Entrench","floor":32,"key":"SMITH"},{"data":"Juggernaut","floor":40,"key":"SMITH"},{"data":"hubris:Fate","floor":47,"key":"SMITH"},{"data":"Specialist","floor":49,"key":"SMITH"}],"circlet_count":0,"master_deck":["Strike_R","Strike_R","Defend_R+1","Defend_R+1","Defend_R+1","Defend_R","Bash+1","Shrug It Off+1","True Grit+1","hubris:CleavingFinish","Battle Trance+1","Barricade+1","TheCursedMod:Stretching","Evolve+1","Shrug It Off+1","Power Through","Power Through","Entrench+1","Finesse","Juggernaut+1","Specialist+1","Body Slam","ReplayTheSpireMod:Stacked+1","Metallicize","Ghostly Armor","hubris:Fate+1","infinitespire:Fortify","ReplayReversal+1","ReplayTheSpireMod:Stacked+1"],"relics":["Burning Blood","aspiration:AnachronicSnailShell","Akabeko","hubris:CrystalStatue","Mark of Pain","Thread and Needle","aspiration:Lifesprig","hubris:DisguiseKit","hubris:FunFungus","hubris:GrandSneckoEye","hubris:ToyBattleship","Golden Egg","Anchor"],"acts_visited":["Exordium","TheCity","TheBeyond"],"potions_floor_usage":[29,44,50],"damage_taken":[{"damage":2.0,"enemies":"Jaw Worm","floor":1.0,"turns":3.0},{"damage":0.0,"enemies":"2 Louse","floor":5.0,"turns":3.0},{"damage":0.0,"enemies":"HollowMod:MossKnight","floor":7.0,"turns":9.0},{"damage":0.0,"enemies":"Cultist","floor":11.0,"turns":3.0},{"damage":5.0,"enemies":"Gremlin Nob","floor":14.0,"turns":3.0},{"damage":25.0,"enemies":"Slime Boss","floor":16.0,"turns":9.0},{"damage":0.0,"enemies":"Shell Parasite","floor":18.0,"turns":5.0},{"damage":24.0,"enemies":"Centurion and Healer","floor":20.0,"turns":5.0},{"damage":6.0,"enemies":"Snake Plant","floor":22.0,"turns":4.0},{"damage":35.0,"enemies":"Book of Stabbing","floor":23.0,"turns":7.0},{"damage":24.0,"enemies":"Replay:Snechameleon","floor":25.0,"turns":5.0},{"damage":0.0,"enemies":"Snecko","floor":27.0,"turns":5.0},{"damage":6,"enemies":"theDuelist:KaibaA2","floor":29,"turns":7},{"damage":0,"enemies":"Automaton","floor":33,"turns":27},{"damage":8,"enemies":"3 Darklings","floor":35,"turns":5},{"damage":0,"enemies":"Orb Walker","floor":37,"turns":4},{"damage":8,"enemies":"Spire Growth","floor":39,"turns":5},{"damage":8,"enemies":"4 Shapes","floor":41,"turns":3},{"damage":51,"enemies":"Reptomancer","floor":42,"turns":6},{"damage":14,"enemies":"Giant Head","floor":44,"turns":8},{"damage":15,"enemies":"Time Eater","floor":50,"turns":5}],"seed_played":"2126433932157168390","potions_obtained":[{"floor":1.0,"key":"Regen Potion"},{"floor":11.0,"key":"GamblersBrew"},{"floor":22.0,"key":"LiquidMemories"},{"floor":27,"key":"Weak Potion"},{"floor":28,"key":"Ancient Potion"},{"floor":28,"key":"Energy Potion"},{"floor":29,"key":"LiquidMemories"},{"floor":37,"key":"infinitespire:BlackPotion"}],"is_trial":false,"path_per_floor":["M","?","?","$","M","R","E","R","T","R","M","R","?","E","R","B",null,"M","?","M","?","M","E","R","E","T","M","?","E","R","$","R","B",null,"M","$","M","AVR","M","R","M","E","T","E","?","?","R","?","R","B",null],"character_chosen":"IRONCLAD","items_purchased":["Power Through","Entrench","Finesse","Specialist","Body Slam","ReplayTheSpireMod:Stacked+1","Metallicize"],"campfire_rested":0,"item_purchase_floors":[31,31,31,36,36,36,36],"current_hp_per_floor":[84,84,66,66,72,72,88,88,88,88,88,88,88,88,88,69,83,88,88,70,70,70,41,41,23,23,29,29,29,29,29,29,40,76,75,75,82,82,80,80,80,50,50,48,48,48,48,88,88,80],"gold":186,"neow_bonus":"TEN_PERCENT_HP_BONUS","is_daily":false,"chose_seed":false,"campfire_upgraded":11,"win_rate":0.0,"timestamp":1612373131,"path_taken":["M","?","?","?","M","R","E","R","T","R","?","R","?","E","R","BOSS","M","?","M","?","M","E","R","E","T","M","?","E","R","?","R","BOSS","M","?","M","AVR","M","R","M","E","T","E","?","?","R","?","R","BOSS"],"items_purchased_type":["Card","Card","Card","Card","Card","Card","Card"],"build_version":"2020-12-22","purchased_purges":3,"victory":true,"max_hp_per_floor":[88,88,88,88,88,88,88,88,88,88,88,88,88,88,88,88,88,88,88,88,88,88,88,88,88,88,88,88,88,88,88,88,88,88,88,88,88,88,88,88,88,88,88,88,88,88,88,88,88,88],"card_choices":[{"not_picked":["True Grit","Warcry"],"picked":"Carnage","floor":1.0},{"not_picked":["Armaments","Wild Strike","Pommel Strike"],"picked":"SKIP","floor":5.0},{"not_picked":["Iron Wave","Warcry"],"picked":"Shrug It Off","floor":7.0},{"not_picked":["Shrug It Off","Carnage"],"picked":"True Grit","floor":11.0},{"not_picked":["Seeing Red","Whirlwind"],"picked":"Battle Trance","floor":14.0},{"not_picked":["Corruption","Hemogenesis"],"picked":"Barricade","floor":16.0},{"not_picked":["Shockwave","Sever Soul+1","Replay:Undeath\u0027s Touch+1"],"picked":"SKIP","floor":18.0},{"not_picked":["Clash","Disarm"],"picked":"Evolve+1","floor":20.0},{"not_picked":["Anger+1","Perfected Strike","Flex"],"picked":"SKIP","floor":22.0},{"not_picked":["True Grit","Warcry"],"picked":"Shrug It Off","floor":23.0},{"not_picked":["Anger","Exhume","Heavy Blade"],"picked":"SKIP","floor":25.0},{"not_picked":["Warcry","Cleave","Perfected Strike","Deadly Poison"],"picked":"SKIP","floor":27},{"not_picked":["Rage+1","Infernal Blade","Abandon+1","Tools of the Trade"],"picked":"SKIP","floor":29},{"not_picked":["Reaper","hubris:StunningStrike","Atom Bomb"],"picked":"Juggernaut","floor":33},{"not_picked":["Dark Embrace","Combust+1","Warcry","Bouncing Flask"],"picked":"SKIP","floor":35},{"not_picked":["Second Wind","Run Through+1","Flying Knee"],"picked":"Ghostly Armor","floor":37},{"not_picked":["Dual Wield","Carnage","Bane"],"picked":"ReplayReversal+1","floor":39},{"not_picked":["Flex","Headbutt","Backflip"],"picked":"ReplayTheSpireMod:Stacked+1","floor":41},{"not_picked":["Sword Boomerang+1","Corruption","Wild Strike+1","Blade Dance"],"picked":"SKIP","floor":42},{"not_picked":["Sever Soul","Clothesline+1","Heavy Blade","Flechettes"],"picked":"SKIP","floor":44}],"player_experience":141080,"relics_obtained":[{"floor":7.0,"key":"aspiration:AnachronicSnailShell"},{"floor":9.0,"key":"Akabeko"},{"floor":14.0,"key":"hubris:CrystalStatue"},{"floor":23.0,"key":"Thread and Needle"},{"floor":25.0,"key":"aspiration:Lifesprig"},{"floor":26.0,"key":"hubris:DisguiseKit"},{"floor":29,"key":"hubris:FunFungus"},{"floor":42,"key":"hubris:ToyBattleship"},{"floor":43,"key":"Golden Egg"},{"floor":44,"key":"Anchor"}],"event_choices":[{"damage_healed":0.0,"max_hp_gain":0.0,"max_hp_loss":0.0,"gold_gain":0.0,"event_name":"Living Wall","player_choice":"Grow","floor":2.0,"gold_loss":0.0,"damage_taken":0.0,"cards_upgraded":["Carnage"]},{"damage_healed":84.0,"max_hp_gain":0.0,"max_hp_loss":88.0,"gold_gain":0.0,"event_name":"betterThird:BetterShining","player_choice":"Upgrade","floor":3.0,"gold_loss":0.0,"damage_taken":18.0,"cards_upgraded":["Defend_R","Defend_R"]},{"damage_healed":0.0,"max_hp_gain":0.0,"max_hp_loss":0.0,"gold_gain":0.0,"event_name":"The Library","player_choice":"Read","floor":19.0,"gold_loss":0.0,"damage_taken":0.0,"cards_obtained":["TheCursedMod:Stretching"]},{"damage_healed":0.0,"max_hp_gain":0.0,"max_hp_loss":0.0,"gold_gain":99.0,"event_name":"betterThird:BetterNest","player_choice":"Steal","floor":21.0,"gold_loss":0.0,"damage_taken":0.0},{"cards_removed":["Strike_R"],"damage_healed":0,"gold_gain":0,"player_choice":"Removed Attack","damage_taken":0,"max_hp_gain":0,"max_hp_loss":0,"event_name":"Falling","floor":45,"gold_loss":0},{"damage_healed":0,"gold_gain":0,"player_choice":"Ignored","damage_taken":0,"max_hp_gain":0,"max_hp_loss":0,"event_name":"Mysterious Sphere","floor":46,"gold_loss":0},{"cards_removed":["Carnage"],"damage_healed":40,"gold_gain":0,"player_choice":"Offered Uncommon","damage_taken":0,"max_hp_gain":0,"max_hp_loss":0,"event_name":"Bonfire Elementals","floor":48,"gold_loss":0}],"is_beta":false,"boss_relics":[{"not_picked":["aspiration:WatcherSkillbook","hubris:ScarierMask"],"picked":"Mark of Pain"},{"not_picked":["aspiration:FutureDiary","aspiration:PoetsPen"],"picked":"hubris:GrandSneckoEye"}],"items_purged_floors":[4,31,38],"is_endless":false,"potions_floor_spawned":[1,11,22,27,29,35,37],"ascension_level":8}}