{"host":"08z5bj28eube4vug","time":1612311461,"event":{"mods":["2.2 Compatiblity","Abigail Mod","Act Like it!","BaseMod","Beaked The Cultist","Bestiary","Friendly Minions","Gensokyo","GungeonMod","Hallownest","Kiyohime????","Koishi","Lobotomy","Marisa????????","Minty Spire (QoL Compilation)","Prisma Mod","Remilia??????","Replay The Spire","StSLib","Td1madao Mod","The Alterego","The Bug Knight","The Jungle","The Sage","The Senshi","The Servant 0.9.4","Waifu the Spire","WarShipGirlsR/????R mod","Yuri Mod"],"gold_per_floor":[118,138,150,161,161,161,179,179,179,179,179,195,195,213,213,344,344,367,383,396,417,417,417,433,433,459,503,503,503,515,546,558,570,570],"floor_reached":33,"language":"ENG","playtime":2118,"items_purged":[],"score":378,"play_id":"12cf2502-0325-4d0e-ba6e-0e70219a239d","local_time":"20210203031741","is_ascension_mode":true,"campfire_choices":[{"data":"Koishi:SubterraneanRose","floor":6,"key":"SMITH"},{"data":"Koishi:Whimsy","floor":8,"key":"SMITH"},{"data":"Koishi:Heartbroken","floor":13,"key":"SMITH"},{"floor":15,"key":"DIG"},{"floor":23,"key":"REST"},{"floor":25,"key":"REST"},{"data":"Koishi:TraumaticStroke","floor":28,"key":"SMITH"},{"floor":30,"key":"REST"},{"data":"Koishi:Jaunt","floor":32,"key":"SMITH"}],"circlet_count":0,"master_deck":["Koishi:BasicStrike","Koishi:BasicStrike","Koishi:BasicStrike","Koishi:BasicStrike+1","Koishi:BasicDefend+1","Koishi:BasicDefend","Koishi:BasicDefend","Koishi:BasicDefend","Koishi:Provoke+1","Koishi:HauntingSlash+1","Koishi:PhantomStrike","Koishi:Jaunt+1","Koishi:Whimsy+1","Koishi:SubterraneanRose+1","Koishi:Heartbroken+1","Koishi:JumpScare","Koishi:RacingHeart","Koishi:MassHysteria+1","RitualDagger","Koishi:TraumaticStroke+1","Koishi:Whimsy+1"],"relics":["Koishi:ImaginaryFriend","Golden Idol","sagemod:Creepy_Carousel","Gremlin Food","Busted Crown","PreservedInsect","Boot","MawBank"],"acts_visited":["Exordium","TheCity"],"potions_floor_usage":[14,16,16,20,24,31],"damage_taken":[{"damage":0,"enemies":"Small Slimes","floor":1,"turns":4},{"damage":3,"enemies":"Jaw Worm","floor":2,"turns":4},{"damage":4,"enemies":"Cultist","floor":3,"turns":4},{"damage":21,"enemies":"Gremlin Gang","floor":4,"turns":7},{"damage":9,"enemies":"3 Louse","floor":7,"turns":4},{"damage":13,"enemies":"Exordium Wildlife","floor":12,"turns":8},{"damage":7,"enemies":"Red Slaver","floor":14,"turns":4},{"damage":4,"enemies":"Slime Boss","floor":16,"turns":16},{"damage":9,"enemies":"Spheric Guardian","floor":18,"turns":6},{"damage":1,"enemies":"3 Byrds","floor":19,"turns":3},{"damage":31,"enemies":"Cultist and Chosen","floor":20,"turns":10},{"damage":20,"enemies":"3 Cultists","floor":21,"turns":6},{"damage":15,"enemies":"Sentry and Sphere","floor":24,"turns":6},{"damage":16,"enemies":"Replay:Snechameleon","floor":27,"turns":6},{"damage":0,"enemies":"Cultist and Chosen","floor":31,"turns":7},{"damage":76,"enemies":"Collector","floor":33,"turns":7}],"seed_played":"7985039930939076962","potions_obtained":[{"floor":1,"key":"BlessingOfTheForge"},{"floor":4,"key":"AttackPotion"},{"floor":14,"key":"Elixir"},{"floor":19,"key":"Languid Potion"},{"floor":20,"key":"Weak Potion"},{"floor":21,"key":"Energy Potion"},{"floor":27,"key":"Fire Potion"}],"is_trial":false,"path_per_floor":["M","M","M","M","?","R","M","R","T","?","?","M","R","M","R","B",null,"M","M","M","M","?","R","M","R","T","E","R","T","R","M","R","B"],"character_chosen":"KOISHI","items_purchased":[],"campfire_rested":3,"item_purchase_floors":[],"current_hp_per_floor":[58,59,59,44,44,44,39,39,39,32,32,25,25,26,26,22,51,48,55,42,32,26,44,29,47,47,41,41,41,59,60,60,0,0],"gold":570,"neow_bonus":"RANDOM_EVENT","is_daily":false,"chose_seed":false,"campfire_upgraded":5,"win_rate":0.0,"timestamp":1612311461,"path_taken":["M","M","M","M","?","R","M","R","T","?","?","?","R","M","R","BOSS","M","M","?","M","?","R","M","R","T","E","R","?","R","M","R","BOSS"],"items_purchased_type":[],"build_version":"2020-12-22","purchased_purges":0,"victory":false,"max_hp_per_floor":[60,60,60,60,60,60,60,60,60,60,60,60,60,60,60,60,60,60,60,60,60,60,60,60,60,60,60,60,60,60,60,60,60,60],"card_choices":[{"not_picked":["Koishi:DreadfulBlow","Koishi:StingingMind"],"picked":"Koishi:PhantomStrike","floor":1},{"not_picked":["Koishi:VengefulSpirit","Koishi:HeartAttack"],"picked":"Koishi:Jaunt","floor":2},{"not_picked":["Koishi:VengefulSpirit","Koishi:Possession"],"picked":"Koishi:Whimsy","floor":3},{"not_picked":["Koishi:Catatonia","Koishi:PhantomStrike"],"picked":"Koishi:SubterraneanRose","floor":4},{"not_picked":["Koishi:Jaunt","Koishi:HeartAttack","Koishi:GhostParty"],"picked":"SKIP","floor":7},{"not_picked":["Koishi:PhantomBarrier","Koishi:HeartfeltFancy"],"picked":"Koishi:JumpScare","floor":12},{"not_picked":["Koishi:ReflexRadar","Koishi:FleetingPhantom"],"picked":"Koishi:RacingHeart","floor":14},{"not_picked":["Koishi:FleetingPhantom"],"picked":"SKIP","floor":18},{"not_picked":["Koishi:Bloodlust+1"],"picked":"SKIP","floor":19},{"not_picked":[],"picked":"Koishi:MassHysteria+1","floor":20},{"not_picked":["Koishi:SubconsciousSweep"],"picked":"SKIP","floor":21},{"not_picked":[],"picked":"Koishi:TraumaticStroke","floor":24},{"not_picked":[],"picked":"Koishi:Whimsy+1","floor":27},{"not_picked":["Koishi:RorschachInDanmaku"],"picked":"SKIP","floor":31},{"not_picked":["Koishi:RorschachInDanmaku"],"picked":"SKIP","floor":31}],"player_experience":879193,"relics_obtained":[{"floor":9,"key":"sagemod:Creepy_Carousel"},{"floor":15,"key":"Gremlin Food"},{"floor":26,"key":"PreservedInsect"},{"floor":27,"key":"Boot"},{"floor":29,"key":"MawBank"}],"event_choices":[{"damage_healed":0,"gold_gain":0,"player_choice":"Grow","damage_taken":0,"max_hp_gain":0,"max_hp_loss":0,"event_name":"Living Wall","floor":0,"gold_loss":0,"cards_upgraded":["Koishi:HauntingSlash"]},{"damage_healed":0,"gold_gain":0,"player_choice":"Take Wound","damage_taken":0,"relics_obtained":["Golden Idol"],"max_hp_gain":0,"max_hp_loss":0,"event_name":"Golden Idol","floor":5,"gold_loss":0,"cards_obtained":["Injury"]},{"cards_removed":["Injury"],"damage_healed":0,"gold_gain":0,"player_choice":"Card Removal","damage_taken":7,"max_hp_gain":0,"max_hp_loss":0,"event_name":"Golden Wing","floor":10,"gold_loss":0},{"damage_healed":0,"gold_gain":0,"player_choice":"1 cards matched","damage_taken":0,"max_hp_gain":0,"max_hp_loss":0,"event_name":"Match and Keep!","floor":11,"gold_loss":0,"cards_obtained":["Koishi:Heartbroken"]},{"damage_healed":0,"gold_gain":0,"player_choice":"Joined the Cult","damage_taken":6,"max_hp_gain":0,"max_hp_loss":0,"event_name":"Nest","floor":22,"gold_loss":0,"cards_obtained":["RitualDagger"]}],"is_beta":false,"boss_relics":[{"not_picked":["Pandora\u0027s Box","Koishi:ColorfulDays"],"picked":"Busted Crown"}],"items_purged_floors":[],"is_endless":false,"potions_floor_spawned":[1,4,14,19,20,21,27],"killed_by":"Collector","ascension_level":9}}