{"host":"g76rhe4j5kh9hdf9","time":1612316413,"event":{"mods":["Act Like it!","BaseMod","Bestiary","Better Third Choice","Downfall","GifTheSpireLib","Minty Spire (QoL Compilation)","Relic Stats","Spicy Shops","StSLib"],"gold_per_floor":[99,118,30,480,480,510,510,524,524,553,564,79,79,64,83,178,178,178,198,216,216,216,316,316,216,248,265,265,280,295,375,394,394,394,394],"floor_reached":33,"language":"ENG","playtime":4417,"items_purged":["bronze:Defend","Injury"],"score":403,"play_id":"5ac5ad43-ef7a-4334-abf1-60ac3145c8f9","local_time":"20210202174013","is_ascension_mode":true,"campfire_choices":[{"data":"bronze:Goto","floor":1,"key":"SMITH"},{"data":"bronze:FollowUp","floor":9,"key":"SMITH"},{"data":"bronze:Repulsor","floor":13,"key":"SMITH"},{"data":"bronze:Shield","floor":18,"key":"SMITH"},{"data":"Slimebound:CheckThePlaybook","floor":25,"key":"SMITH"}],"circlet_count":0,"master_deck":["bronze:Strike","bronze:Strike","bronze:Strike","bronze:Strike","bronze:Defend","bronze:Replicate+1","bronze:Goto+1","bronze:InfiniteLoop+1","bronze:NullPointer+1","downfall:Icky","downfall:Icky","downfall:Icky","bronze:FollowUp+1","bronze:ItsAFeature","bronze:Repulsor+1","bronze:Shield+1","bronze:Verify","bronze:Iterate+1","Slimebound:CheckThePlaybook+1","downfall:Icky","bronze:Overload","bronze:Format","bronze:MaxOutput","bronze:MaxOutput","bronze:BuggyMess","bronze:Shield+1"],"relics":["bronze:BronzeCore","Orichalcum","Boot","Bottled Flame","Mercury Hourglass","Singing Bowl","Velvet Choker","Akabeko","MutagenicStrength","downfall:HeartBlessingBlue","Shuriken"],"acts_visited":["Exordium","TheCity"],"potions_floor_usage":[8,10,12,16,26,33],"damage_taken":[{"damage":4,"enemies":"Jaw Worm","floor":2,"turns":3},{"damage":0,"enemies":"downfall:FleeingMerchant","floor":3,"turns":4},{"damage":25,"enemies":"Lagavulin","floor":6,"turns":7},{"damage":0,"enemies":"2 Louse","floor":8,"turns":2},{"damage":1,"enemies":"3 Sentries","floor":10,"turns":10},{"damage":0,"enemies":"Cultist","floor":11,"turns":3},{"damage":0,"enemies":"downfall:FleeingMerchant","floor":12,"turns":4},{"damage":4,"enemies":"downfall:FleeingMerchant","floor":14,"turns":4},{"damage":11,"enemies":"Red Slaver","floor":15,"turns":3},{"damage":3,"enemies":"SI_SHIV_ARCHETYPE","floor":16,"turns":6},{"damage":24,"enemies":"Chosen","floor":19,"turns":6},{"damage":3,"enemies":"3 Byrds","floor":20,"turns":4},{"damage":26,"enemies":"downfall:Augmenter","floor":23,"turns":6},{"damage":21,"enemies":"Book of Stabbing","floor":26,"turns":4},{"damage":6,"enemies":"Sentry and Sphere","floor":27,"turns":3},{"damage":0,"enemies":"3 Cultists","floor":29,"turns":3},{"damage":0,"enemies":"Snake Plant","floor":30,"turns":2},{"damage":5,"enemies":"downfall:FleeingMerchant","floor":31,"turns":4},{"damage":0,"enemies":"Snecko","floor":32,"turns":2},{"damage":24,"enemies":"WA_ARCHETYPE_CALM","floor":33,"turns":5}],"seed_played":"2346922541960417313","potions_obtained":[{"floor":6,"key":"ColorlessPotion"},{"floor":8,"key":"Fruit Juice"},{"floor":10,"key":"CultistPotion"},{"floor":11,"key":"hexamod:SoulburnPotion"},{"floor":16,"key":"bronze:FreeFunctionsPotion"},{"floor":23,"key":"SteroidPotion"},{"floor":26,"key":"EssenceOfSteel"},{"floor":27,"key":"PowerPotion"},{"floor":32,"key":"DuplicationPotion"}],"is_trial":false,"path_per_floor":["R","M","$","?","?","E","T","M","R","E","M","$","R","$","M","B",null,"R","M","M","?","?","?","T","R","E","M","?","M","M","$","M","B"],"character_chosen":"THE_AUTOMATON","items_purchased":["Orichalcum","bronze:Repulsor","Singing Bowl","bronze:Shield","bronze:MaxOutput","bronze:BuggyMess"],"campfire_rested":0,"item_purchase_floors":[3,12,12,12,31,31],"current_hp_per_floor":[70,66,66,66,66,41,41,46,46,45,45,45,45,43,34,31,79,79,55,54,54,54,32,32,42,21,17,17,19,21,18,18,0,0,0],"gold":394,"neow_bonus":"THREE_RARE_CARDS","is_daily":false,"chose_seed":false,"campfire_upgraded":5,"win_rate":0.0,"timestamp":1612316413,"path_taken":["R","M","$","?","?","E","T","?","R","E","M","$","R","?","M","BOSS","R","M","M","?","?","?","T","R","E","M","?","?","M","$","M","BOSS"],"items_purchased_type":["Relic","Card","Relic","Card","Card","Card"],"build_version":"2020-12-22","purchased_purges":2,"victory":false,"max_hp_per_floor":[70,70,70,70,70,70,70,75,75,75,75,75,75,77,79,79,79,79,79,81,81,81,85,85,95,95,97,97,99,101,103,103,103,103,103],"relic_stats":{"Singing Bowl":18,"counters":[20,84],"Shuriken":[9],"Orichalcum":[138],"Boot":[79],"obtain_stats":[{"Bottled Flame":7,"bronze:BronzeCore":0,"Singing Bowl":12,"downfall:HeartBlessingBlue":25,"Shuriken":26,"MutagenicStrength":23,"Velvet Choker":17,"Orichalcum":3,"Boot":6,"Akabeko":22,"Mercury Hourglass":10},{"Bottled Flame":3,"bronze:BronzeCore":0,"Singing Bowl":7,"downfall:HeartBlessingBlue":13,"Shuriken":14,"MutagenicStrength":13,"Velvet Choker":10,"Orichalcum":2,"Boot":3,"Akabeko":12,"Mercury Hourglass":5},{"Bottled Flame":14,"bronze:BronzeCore":0,"Singing Bowl":33,"downfall:HeartBlessingBlue":62,"Shuriken":66,"MutagenicStrength":62,"Velvet Choker":46,"Orichalcum":7,"Boot":14,"Akabeko":56,"Mercury Hourglass":26}],"Mercury Hourglass":[155]},"card_choices":[{"not_picked":["bronze:HyperBeam","bronze:Mutator"],"picked":"bronze:InfiniteLoop","floor":0},{"not_picked":["bronze:Turbo","bronze:Branch","bronze:Optimize"],"picked":"SKIP","floor":2},{"not_picked":["bronze:ItsAFeature","bronze:DigitalCarnage"],"picked":"bronze:NullPointer","floor":3},{"not_picked":["bronze:Invalidate","bronze:FineTuning"],"picked":"bronze:FollowUp","floor":6},{"not_picked":["bronze:WhirlingStrike","bronze:OilSpill","bronze:DelayedGuard"],"picked":"SKIP","floor":8},{"not_picked":["bronze:Shield","bronze:Break"],"picked":"bronze:ItsAFeature","floor":10},{"not_picked":["bronze:Turbo","bronze:WildBeam","bronze:DelayedGuard"],"picked":"SKIP","floor":11},{"not_picked":["bronze:Invalidate","bronze:Iterate","bronze:Flail"],"picked":"SKIP","floor":12},{"not_picked":["bronze:Return","bronze:Separator","bronze:Frontload"],"picked":"Singing Bowl","floor":14},{"not_picked":["bronze:Deprecate","bronze:Branch","bronze:ClassDefault"],"picked":"Singing Bowl","floor":15},{"not_picked":["bronze:Library","bronze:HardenedForm"],"picked":"bronze:Verify","floor":16},{"not_picked":["bronze:DelayedSlice","bronze:WildBeam"],"picked":"bronze:Iterate+1","floor":19},{"not_picked":["bronze:Boost+1","bronze:Frontload","bronze:Fortify"],"picked":"Singing Bowl","floor":20},{"not_picked":["J.A.X."],"picked":"Singing Bowl","floor":23},{"not_picked":["bronze:WildBeam","bronze:OilSpill","bronze:InfiniteLoop"],"picked":"Singing Bowl","floor":23},{"not_picked":["bronze:Invalidate","bronze:CutThrough"],"picked":"bronze:MaxOutput","floor":26},{"not_picked":["bronze:Separator","bronze:WhirlingStrike","bronze:Shield"],"picked":"Singing Bowl","floor":27},{"not_picked":["bronze:DelayedSlice","bronze:DarkDash","bronze:BitShift"],"picked":"Singing Bowl","floor":29},{"not_picked":["bronze:Separator","bronze:Overload","bronze:BronzeArmor"],"picked":"Singing Bowl","floor":30},{"not_picked":["bronze:Shell","bronze:Overheat","bronze:Boost"],"picked":"Singing Bowl","floor":31},{"not_picked":["bronze:CleanCode","bronze:Overheat"],"picked":"bronze:Shield+1","floor":32}],"player_experience":606586,"relics_obtained":[{"floor":6,"key":"Boot"},{"floor":7,"key":"Bottled Flame"},{"floor":10,"key":"Mercury Hourglass"},{"floor":23,"key":"MutagenicStrength"},{"floor":26,"key":"Shuriken"}],"event_choices":[],"is_beta":false,"boss_relics":[{"not_picked":["Black Star","Busted Crown"],"picked":"Velvet Choker"}],"items_purged_floors":[12,31],"is_endless":false,"potions_floor_spawned":[6,8,10,11,16,23,26,27,32],"killed_by":"WA_ARCHETYPE_CALM","ascension_level":2}}