{"host":"ipnf7ktf1pyxq9u3","time":1612330235,"event":{"mods":["Act Like it!","Aspiration","BaseMod","BetterRewards","Conspire","Downfall","Gremlin Mod","Hallownest","Hermit","Hubris","Infinite Spire","Lobotomy","Minty Spire (QoL Compilation)","Reworked Bosses","Shade Mod","Shop Mod","StSLib","The Bug Knight","The Construct","The Cursed","The Forsaken","The Hierophant","The Jungle","The Necromancer"],"gold_per_floor":[115,40,58,76,88,88,88,117,117,143,158,58,58,89,89,184,184,203,218,218,229,248,248,278,294,294,169,203,203,203,222,222,325,375,395,447,297,315,315,315,346,366,366,366,366,366,39,67,67,67,67],"floor_reached":50,"language":"ENG","playtime":2732,"items_purged":["Strike_R","Defend_R","Strike_R","Strike_R","Strike_R"],"score":663,"play_id":"f51fc555-7dbe-453d-bc5a-aa155152c80e","local_time":"20210203163035","is_ascension_mode":true,"campfire_choices":[{"data":"Hemokinesis","floor":6,"key":"SMITH"},{"floor":13,"key":"REST"},{"data":"Whirlwind","floor":13,"key":"SMITH"},{"floor":15,"key":"REST"},{"data":"Feed","floor":15,"key":"SMITH"},{"data":"Rupture","floor":23,"key":"SMITH"},{"data":"Double Tap","floor":29,"key":"SMITH"},{"floor":32,"key":"REST"},{"data":"construct:SweepLaser","floor":32,"key":"SMITH"},{"floor":40,"key":"REST"},{"data":"Offering","floor":40,"key":"SMITH"},{"floor":46,"key":"REST"},{"data":"Battle Trance","floor":46,"key":"SMITH"},{"floor":49,"key":"REST"},{"floor":49,"key":"RECALL"}],"circlet_count":0,"master_deck":["Defend_R","Defend_R","Defend_R","Bash","Inflame+1","Hemokinesis+1","Battle Trance+1","Rupture+1","Whirlwind+1","Feed+1","Double Tap+1","Sword Boomerang+1","Shrug It Off+1","construct:SweepLaser+1","Offering+1"],"relics":["Burning Blood","infinitespire:Magic Flask","HollowMod:PaleOreRelic","Orichalcum","Eternal Feather","aspiration:FutureDiary","Tiny Chest","conspire:Flyswatter","Tiny House","Charon\u0027s Ashes","hubris:MobiusCoin","hubris:IronBody","Juzu Bracelet","Red Skull","Happy Flower"],"acts_visited":["Exordium","TheCity","TheBeyond"],"potions_floor_usage":[5,14,28,36,41],"damage_taken":[{"damage":2,"enemies":"Cultist","floor":1,"turns":5},{"damage":5,"enemies":"Jaw Worm","floor":3,"turns":4},{"damage":3,"enemies":"Small Slimes","floor":4,"turns":3},{"damage":10,"enemies":"Red Slaver","floor":5,"turns":3},{"damage":27,"enemies":"Lagavulin","floor":8,"turns":5},{"damage":23,"enemies":"3 Sentries","floor":10,"turns":6},{"damage":2,"enemies":"2 Fungi Beasts","floor":11,"turns":2},{"damage":17,"enemies":"Lagavulin","floor":14,"turns":5},{"damage":73,"enemies":"Hexaghost","floor":16,"turns":10},{"damage":16,"enemies":"Shell Parasite","floor":18,"turns":4},{"damage":4,"enemies":"Spheric Guardian","floor":19,"turns":3},{"damage":8,"enemies":"Cultist and Chosen","floor":21,"turns":4},{"damage":6,"enemies":"Chosen and Byrds","floor":22,"turns":6},{"damage":37,"enemies":"Book of Stabbing","floor":24,"turns":4},{"damage":2,"enemies":"3 Cultists","floor":25,"turns":3},{"damage":0,"enemies":"Slavers","floor":28,"turns":2},{"damage":23,"enemies":"Snake Plant","floor":31,"turns":3},{"damage":74,"enemies":"Automaton","floor":33,"turns":7},{"damage":35,"enemies":"3 Darklings","floor":35,"turns":3},{"damage":59,"enemies":"2 Orb Walkers","floor":36,"turns":5},{"damage":11,"enemies":"Orb Walker","floor":38,"turns":3},{"damage":93,"enemies":"Nemesis","floor":41,"turns":5},{"damage":8,"enemies":"Transient","floor":42,"turns":5},{"damage":16,"enemies":"Giant Head","floor":48,"turns":4},{"damage":106,"enemies":"conspire:OrnateMirror","floor":50,"turns":6}],"seed_played":"1895851182235543444","potions_obtained":[{"floor":1,"key":"SpeedPotion"},{"floor":3,"key":"LiquidMemories"},{"floor":4,"key":"sneckomod:MuddlingPotion"},{"floor":10,"key":"hexamod:SoulburnPotion"},{"floor":16,"key":"Guardian:BlockOnCardUsePotion"},{"floor":19,"key":"SteroidPotion"},{"floor":31,"key":"BlessingOfTheForge"},{"floor":34,"key":"FairyPotion"},{"floor":36,"key":"Block Potion"},{"floor":41,"key":"Strength Potion"}],"is_trial":false,"path_per_floor":["M","$","M","M","M","R","?","E","T","E","M","$","R","E","R","B",null,"M","M","?","M","M","R","E","M","T","$","E","R","?","M","R","B",null,"M","?","$","M","?","R","E","M","T","T","?","R","$","E","R","B"],"character_chosen":"IRONCLAD","items_purchased":["Red Skull"],"campfire_rested":6,"item_purchase_floors":[47],"current_hp_per_floor":[80,80,80,80,76,76,76,55,55,38,42,42,66,55,80,17,84,78,80,88,90,94,96,65,73,73,73,79,88,88,71,100,32,105,76,23,23,18,18,57,40,38,38,38,38,78,78,68,104,0,0],"gold":67,"neow_bonus":"REMOVE_CARD","is_daily":false,"chose_seed":false,"campfire_upgraded":8,"win_rate":0.0,"timestamp":1612330235,"path_taken":["M","$","M","?","M","R","?","E","T","E","M","$","R","E","R","BOSS","M","M","?","?","M","R","E","M","T","$","E","R","?","M","R","BOSS","M","?","$","M","?","R","E","M","T","?","?","R","?","E","R","BOSS"],"items_purchased_type":["Relic"],"build_version":"2020-12-22","purchased_purges":5,"victory":false,"max_hp_per_floor":[80,80,80,80,80,80,80,80,80,80,80,80,80,80,80,84,84,88,88,88,92,96,96,96,100,100,100,100,100,100,100,100,100,105,105,105,105,105,100,100,104,104,104,104,104,104,104,104,104,104,104],"card_choices":[{"not_picked":["Iron Wave","conspire:ExplosiveBarrier","Warcry"],"picked":"SKIP","floor":1},{"not_picked":["Headbutt","Entrench"],"picked":"Inflame","floor":3},{"not_picked":["Blood for Blood","Rupture"],"picked":"Hemokinesis","floor":4},{"not_picked":["Pommel Strike","Headbutt"],"picked":"Battle Trance","floor":5},{"not_picked":["hubris:ReadiedAction","Cleave","Warcry"],"picked":"SKIP","floor":8},{"not_picked":["True Grit","Thunderclap"],"picked":"Rupture","floor":10},{"not_picked":["conspire:Charge","Twin Strike"],"picked":"Whirlwind","floor":11},{"not_picked":["Havoc","Flex"],"picked":"Feed","floor":14},{"not_picked":["Immolate","Berserk"],"picked":"Double Tap","floor":16},{"not_picked":["Pommel Strike+1","Dropkick","True Grit"],"picked":"SKIP","floor":18},{"not_picked":["Fire Breathing","Bloodletting"],"picked":"Sword Boomerang+1","floor":19},{"not_picked":["Burning Pact+1","Dark Embrace","Flex"],"picked":"SKIP","floor":21},{"not_picked":["Bloodletting","Headbutt"],"picked":"Shrug It Off","floor":22},{"not_picked":["Flame Barrier","Reckless Charge","Armaments"],"picked":"SKIP","floor":24},{"not_picked":["Sentinel","Combust+1","Thunderclap+1"],"picked":"SKIP","floor":25},{"not_picked":["Havoc","Ghostly Armor","Headbutt+1"],"picked":"SKIP","floor":28},{"not_picked":["Dual Wield","True Grit","Flex+1"],"picked":"SKIP","floor":31},{"not_picked":["Juggernaut","Demon Form"],"picked":"Offering","floor":33},{"not_picked":["Dual Wield+1","Headbutt+1","Shrug It Off"],"picked":"SKIP","floor":35},{"not_picked":["Flex","Evolve","conspire:ExplosiveBarrier"],"picked":"SKIP","floor":38},{"not_picked":["Rampage+1","Feed","conspire:ExplosiveBarrier"],"picked":"SKIP","floor":41},{"not_picked":["Thunderclap","Headbutt","Power Through+1"],"picked":"SKIP","floor":42},{"not_picked":["Impervious","Dropkick+1","Body Slam+1"],"picked":"SKIP","floor":48}],"player_experience":638321,"relics_obtained":[{"floor":8,"key":"infinitespire:Magic Flask"},{"floor":9,"key":"HollowMod:PaleOreRelic"},{"floor":10,"key":"Orichalcum"},{"floor":14,"key":"Eternal Feather"},{"floor":24,"key":"Tiny Chest"},{"floor":28,"key":"conspire:Flyswatter"},{"floor":36,"key":"Charon\u0027s Ashes"},{"floor":41,"key":"hubris:MobiusCoin"},{"floor":43,"key":"hubris:IronBody"},{"floor":44,"key":"Juzu Bracelet"},{"floor":48,"key":"Happy Flower"}],"event_choices":[{"damage_healed":0,"gold_gain":0,"player_choice":"Read","damage_taken":0,"max_hp_gain":0,"max_hp_loss":0,"event_name":"The Library","floor":30,"gold_loss":0,"cards_obtained":["construct:SweepLaser"]},{"damage_healed":0,"gold_gain":0,"player_choice":"Fight","damage_taken":0,"max_hp_gain":0,"max_hp_loss":0,"event_name":"Mysterious Sphere","floor":36,"gold_loss":0},{"damage_healed":0,"gold_gain":0,"player_choice":"Max HP","damage_taken":0,"max_hp_gain":0,"max_hp_loss":5,"event_name":"Winding Halls","floor":39,"gold_loss":0},{"damage_healed":0,"gold_gain":0,"player_choice":"Bought 0 Potions","damage_taken":0,"max_hp_gain":0,"max_hp_loss":0,"event_name":"The Woman in Blue","floor":45,"gold_loss":0}],"is_beta":false,"boss_relics":[{"not_picked":["aspiration:SecretTechniqueScroll","conspire:SlowCooker"],"picked":"aspiration:FutureDiary"},{"not_picked":["Fusion Hammer","aspiration:DefectSkillbook"],"picked":"Tiny House"}],"items_purged_floors":[2,12,27,37,47],"is_endless":false,"potions_floor_spawned":[1,3,4,10,16,19,22,24,31,35,36,41],"killed_by":"conspire:OrnateMirror","ascension_level":1}}