{"host":"mw3dmj42qtkbha4b","time":1612339945,"event":{"mods":["BaseMod","Colored Map","Colored Powertips","DeckTracker","Minty Spire (QoL Compilation)","StSLib","SuperFastMode"],"gold_per_floor":[113,93,106,256,20,54,54,85,156,156,156,156],"floor_reached":11,"language":"KOR","playtime":194,"items_purged":["Doubt"],"score":208,"play_id":"a676baee-b301-48f7-ab02-b5af41a5fb80","local_time":"20210203171225","is_ascension_mode":true,"campfire_choices":[{"data":"Eruption","floor":7,"key":"SMITH"},{"data":"Vigilance","floor":10,"key":"SMITH"}],"circlet_count":0,"master_deck":["AscendersBane","Strike_P","Strike_P","Strike_P","Strike_P","Defend_P","Defend_P","Defend_P","Defend_P","Eruption+1","Vigilance+1"],"relics":["PureWater","NeowsBlessing","Damaru","Orichalcum","Lantern"],"acts_visited":["Exordium"],"potions_floor_usage":[8,8,8,11],"damage_taken":[{"damage":0,"enemies":"Jaw Worm","floor":1,"turns":1},{"damage":0,"enemies":"Cultist","floor":3,"turns":1},{"damage":0,"enemies":"3 Sentries","floor":6,"turns":2},{"damage":8,"enemies":"Gremlin Nob","floor":8,"turns":3},{"damage":54,"enemies":"3 Sentries","floor":11,"turns":4}],"seed_played":"-6173584846076565359","potions_obtained":[{"floor":1,"key":"Strength Potion"},{"floor":2,"key":"EntropicBrew"}],"is_trial":false,"path_per_floor":["M","?","M","?","$","E","R","E","T","R","E"],"character_chosen":"WATCHER","items_purchased":["Damaru"],"campfire_rested":0,"item_purchase_floors":[5],"current_hp_per_floor":[61,61,61,61,61,61,61,53,53,53,0,0],"gold":156,"neow_bonus":"THREE_ENEMY_KILL","is_daily":false,"chose_seed":false,"campfire_upgraded":2,"win_rate":0.0,"timestamp":1612339945,"path_taken":["M","?","?","?","$","E","R","E","T","R","E"],"items_purchased_type":["Relic"],"build_version":"2020-12-22","purchased_purges":1,"victory":false,"max_hp_per_floor":[68,68,68,68,68,68,68,68,68,68,68,68],"card_choices":[{"not_picked":["ThirdEye","Pray","Halt"],"picked":"SKIP","floor":1},{"not_picked":["Halt","Nirvana","EmptyBody"],"picked":"SKIP","floor":3},{"not_picked":["Collect","FlurryOfBlows","Evaluate"],"picked":"SKIP","floor":6},{"not_picked":["FearNoEvil","Wallop","FollowUp"],"picked":"SKIP","floor":8}],"player_experience":1792155,"relics_obtained":[{"floor":6,"key":"Orichalcum"},{"floor":8,"key":"Lantern"}],"event_choices":[{"damage_healed":0,"gold_gain":0,"player_choice":"Bought 1 Potion","damage_taken":0,"max_hp_gain":0,"max_hp_loss":0,"event_name":"The Woman in Blue","floor":2,"gold_loss":0},{"damage_healed":0,"gold_gain":150,"player_choice":"AGREE","damage_taken":0,"max_hp_gain":0,"max_hp_loss":0,"event_name":"Liars Game","floor":4,"gold_loss":0,"cards_obtained":["Doubt"]}],"is_beta":false,"boss_relics":[],"items_purged_floors":[5],"is_endless":false,"potions_floor_spawned":[1,3,6],"killed_by":"3 Sentries","ascension_level":20}}