{"host":"knspyp6dy614fx6e","time":1612328080,"event":{"mods":["ATMod(阿瑾Mod)","Aspiration","BaseMod","Better Altar","Better Skull","Better Third Choice","Card Filter","DeckTracker","Dota2Spire","Energized Spire","Jedi Mod","Minty Spire (QoL Compilation)","Quick Restart","Relic Filter Mod","Relic Stats","Reliquary","Shop Mod","Spicy Shops","StSLib","TestMod","Waifu the Spire","【遗物卡牌】REMEMod"],"gold_per_floor":[111,75,375,375,393,393,499,515,515,515,44,44,63,97,97,194,194,210,243,243,269,269,303,351,351,351,351,351,16,16,16,16,114,114,133,143,191,58,58,87,106,117,117,145,157,173,173,201,201,201,201,201,18,45,45],"floor_reached":56,"language":"ZHS","playtime":2351,"items_purged":["Defend_B","Recycle","Writhe","Defend_B"],"score":1551,"play_id":"5f4f9c0a-601e-4ef0-bccd-71c6de945514","local_time":"20210203125440","is_ascension_mode":true,"campfire_choices":[{"data":"Dualcast","floor":6.0,"key":"SMITH"},{"data":"REME_Compress","floor":10.0,"key":"SMITH"},{"data":"Echo Form","floor":12.0,"key":"SMITH"},{"data":"Recycle","floor":15.0,"key":"SMITH"},{"floor":25.0,"key":"REST"},{"data":"Capacitor","floor":27.0,"key":"SMITH"},{"floor":32.0,"key":"REST"},{"data":"jedi:markofdeath","floor":47.0,"key":"SMITH"},{"floor":49.0,"key":"RECALL"},{"data":"Seek","floor":52.0,"key":"SMITH"}],"circlet_count":0,"master_deck":["Strike_B","Strike_B+1","Strike_B","Strike_B","Zap+1","Dualcast+1","REME_Compress+1","Echo Form+1","Capacitor+1","Cold Snap","jedi:markofdeath+1","Recycle+1","Gash+1","Gash","Ball Lightning","Glacier","Seek+1","Hologram","Go for the Eyes+1","Skim+1","Gash","Blizzard+1","Pain","Rebound","Meteor Strike"],"relics":["Cracked Core","AT_ATBox","testmod-TestBox","REME_ComplimentaryCards","betterThird:SlimedRelic","Gambling Chip","aspiration:MysteriousAuxiliaryCore","aspiration:PoetsPen_weak","Red Mask","aspiration:Stabinomicon","Bronze Scales","Sundial","jedi:heavyjacket","jedi:paperlyon","MerchantsRug","testmod-ArcanaOfDestiny","Bag of Preparation","PreservedInsect","AT_EbonyIvory","aspiration:FrozenJewel"],"acts_visited":["Exordium","TheCity","TheBeyond","TheEnding"],"potions_floor_usage":[55,55,55,55],"damage_taken":[{"damage":1.0,"enemies":"Cultist","floor":1.0,"turns":3.0},{"damage":0.0,"enemies":"2 Louse","floor":5.0,"turns":2.0},{"damage":8.0,"enemies":"Small Slimes","floor":8.0,"turns":3.0},{"damage":7.0,"enemies":"3 Louse","floor":13.0,"turns":3.0},{"damage":33.0,"enemies":"Lagavulin","floor":14.0,"turns":5.0},{"damage":0.0,"enemies":"The Guardian","floor":16.0,"turns":9.0},{"damage":12.0,"enemies":"Shell Parasite","floor":18.0,"turns":6.0},{"damage":45.0,"enemies":"Masked Bandits","floor":19.0,"turns":5.0},{"damage":11.0,"enemies":"Gremlin Leader","floor":23.0,"turns":4.0},{"damage":5.0,"enemies":"Collector","floor":33.0,"turns":6.0},{"damage":11.0,"enemies":"3 Shapes","floor":35.0,"turns":5.0},{"damage":4.0,"enemies":"Orb Walker","floor":36.0,"turns":3.0},{"damage":0.0,"enemies":"2 Orb Walkers","floor":37.0,"turns":4.0},{"damage":0.0,"enemies":"Giant Head","floor":40.0,"turns":5.0},{"damage":0.0,"enemies":"Maw","floor":41.0,"turns":3.0},{"damage":0.0,"enemies":"Transient","floor":42.0,"turns":5.0},{"damage":7.0,"enemies":"Nemesis","floor":44.0,"turns":3.0},{"damage":0.0,"enemies":"Spire Growth","floor":45.0,"turns":2.0},{"damage":1.0,"enemies":"Writhing Mass","floor":46.0,"turns":2.0},{"damage":0.0,"enemies":"Reptomancer","floor":48.0,"turns":4.0},{"damage":2.0,"enemies":"Donu and Deca","floor":50.0,"turns":4.0},{"damage":5,"enemies":"Shield and Spear","floor":54,"turns":2},{"damage":21,"enemies":"The Heart","floor":55,"turns":2}],"seed_played":"6510897540397534291","potions_obtained":[{"floor":1.0,"key":"SteroidPotion"},{"floor":13.0,"key":"jedi:tentaclejuice"},{"floor":14.0,"key":"EssenceOfSteel"},{"floor":16.0,"key":"PowerPotion"},{"floor":33.0,"key":"Weak Potion"},{"floor":41.0,"key":"testmod-TimePotion"},{"floor":42.0,"key":"jedi:StrikingPotion"},{"floor":44.0,"key":"GamblersBrew"},{"floor":45.0,"key":"Dota2Spire:HealingSalve"},{"floor":48.0,"key":"Weak Potion"}],"is_trial":false,"path_per_floor":["M","?","?","?","M","R","?","M","T","R","$","R","M","E","R","B",null,"M","?","?","T","?","E","T","R","T","R","?","$","?","$","R","B",null,"M","M","?","$","$","E","M","M","T","E","M","M","R","E","R","B",null,"R","$","E","B",null],"character_chosen":"DEFECT","items_purchased":["aspiration:MysteriousAuxiliaryCore","Lee\u0027s Waffle","Cold Snap","jedi:heavyjacket","MerchantsRug","testmod-ArcanaOfDestiny","AT_EbonyIvory","Rebound","Dota2Spire:HealingSalve"],"campfire_rested":2,"item_purchase_floors":[11,11,11,29,38,38,53,53,53],"current_hp_per_floor":[74,63,63,63,63,63,24,16,16,21,82,82,75,42,47,47,82,70,25,9,16,16,5,5,31,31,36,36,36,36,36,62,57,89,78,74,74,74,74,74,74,74,74,67,67,66,66,66,66,64,89,89,89,84,66],"gold":45,"neow_bonus":"NOSTALGIA","is_daily":false,"chose_seed":false,"campfire_upgraded":7,"win_rate":0.0,"timestamp":1612328080,"path_taken":["M","?","?","?","M","R","?","M","T","R","$","R","M","E","R","BOSS","M","?","?","?","?","E","?","R","T","R","?","$","?","$","R","BOSS","M","M","?","?","$","E","M","M","T","E","M","M","R","E","R","BOSS","R","$","E","BOSS"],"items_purchased_type":["Relic","Relic","Card","Relic","Relic","Relic","Relic","Card","Potion"],"build_version":"2020-12-22","purchased_purges":4,"victory":true,"max_hp_per_floor":[75,75,75,75,75,75,75,75,75,75,82,82,82,82,82,82,82,82,82,82,89,89,89,89,89,89,89,89,89,89,89,89,89,89,89,89,89,89,89,89,89,89,89,89,89,89,89,89,89,89,89,89,89,89,89],"relic_stats":{"counters":[23,90],"Sundial":[12],"Gambling Chip":[61],"Bronze Scales":[112],"PreservedInsect":68,"Bag of Preparation":[18],"obtain_stats":[{"AT_ATBox":0,"aspiration:PoetsPen_weak":17,"Juzu Bracelet":7,"aspiration:Stabinomicon":20,"Bag of Preparation":40,"Boot":14,"Sundial":26,"jedi:paperlyon":34,"Gambling Chip":4,"Strawberry":21,"reliquary:Buckler":7,"Prayer Wheel":37,"Red Mask":19,"Cracked Core":0,"testmod-ArcanaOfDestiny":38,"Potion Belt":22,"MerchantsRug":38,"Lee\u0027s Waffle":11,"testmod-TestBox":0,"aspiration:Nostalgia":0,"jedi:purplefairy":9,"PreservedInsect":48,"AT_EbonyIvory":53,"jedi:HeartOfTheCards":43,"Question Card":44,"aspiration:FrozenJewel":54,"jedi:heavyjacket":29,"betterThird:SlimedRelic":2,"Bronze Scales":23,"aspiration:MysteriousAuxiliaryCore":11,"PureWater":0,"REME_ComplimentaryCards":0},{"AT_ATBox":0,"aspiration:PoetsPen_weak":6,"Juzu Bracelet":2,"aspiration:Stabinomicon":8,"Bag of Preparation":14,"Boot":5,"Sundial":9,"jedi:paperlyon":10,"Gambling Chip":1,"Strawberry":8,"reliquary:Buckler":2,"Prayer Wheel":13,"Red Mask":8,"Cracked Core":0,"testmod-ArcanaOfDestiny":13,"Potion Belt":8,"MerchantsRug":13,"Lee\u0027s Waffle":3,"testmod-TestBox":0,"aspiration:Nostalgia":0,"jedi:purplefairy":3,"PreservedInsect":20,"AT_EbonyIvory":21,"jedi:HeartOfTheCards":16,"Question Card":17,"aspiration:FrozenJewel":22,"jedi:heavyjacket":9,"betterThird:SlimedRelic":1,"Bronze Scales":9,"aspiration:MysteriousAuxiliaryCore":3,"PureWater":0,"REME_ComplimentaryCards":0},{"AT_ATBox":0,"aspiration:PoetsPen_weak":25,"Juzu Bracelet":5,"aspiration:Stabinomicon":36,"Bag of Preparation":63,"Boot":16,"Sundial":40,"jedi:paperlyon":46,"Gambling Chip":3,"Strawberry":36,"reliquary:Buckler":5,"Prayer Wheel":58,"Red Mask":36,"Cracked Core":0,"testmod-ArcanaOfDestiny":58,"Potion Belt":36,"MerchantsRug":58,"Lee\u0027s Waffle":8,"testmod-TestBox":0,"aspiration:Nostalgia":0,"jedi:purplefairy":8,"PreservedInsect":82,"AT_EbonyIvory":86,"jedi:HeartOfTheCards":71,"Question Card":74,"aspiration:FrozenJewel":88,"jedi:heavyjacket":40,"betterThird:SlimedRelic":3,"Bronze Scales":40,"aspiration:MysteriousAuxiliaryCore":8,"PureWater":0,"REME_ComplimentaryCards":0}]},"card_choices":[{"not_picked":["Steam","Beam Cell"],"picked":"REME_Compress","floor":1.0},{"not_picked":["REME_Compress","Coolheaded"],"picked":"Echo Form","floor":5.0},{"not_picked":["Ball Lightning","Tempest"],"picked":"Capacitor","floor":8.0},{"not_picked":["Redo","Scrape"],"picked":"jedi:markofdeath","floor":13.0},{"not_picked":["jedi:BurstFrost","Stack"],"picked":"Recycle","floor":14.0},{"not_picked":["Streamline","Turbo"],"picked":"Gash+1","floor":18.0},{"not_picked":["Compile Driver","jedi:BurstFrost"],"picked":"Gash","floor":19.0},{"not_picked":["Loop","jedi:meditation"],"picked":"Ball Lightning","floor":23.0},{"not_picked":["jedi:darknesscall","Buffer"],"picked":"Seek","floor":33.0},{"not_picked":["Gash","jedi:spotbugs"],"picked":"Hologram","floor":35.0},{"not_picked":["BootSequence","Force Field","Conserve Battery+1"],"picked":"SKIP","floor":36.0},{"not_picked":["AT_HeatAcrobatics","Conserve Battery"],"picked":"Go for the Eyes+1","floor":40.0},{"not_picked":["Cold Snap","Rainbow"],"picked":"Skim+1","floor":41.0},{"not_picked":["Coolheaded+1","AT_StudyProgram"],"picked":"Gash","floor":42.0},{"not_picked":["Go for the Eyes+1","Stack+1"],"picked":"Blizzard+1","floor":44.0},{"not_picked":["Go for the Eyes+1","Conserve Battery+1","jedi:blockon+1","Hello World"],"picked":"SKIP","floor":45.0},{"not_picked":["Go for the Eyes+1","Leap","Coolheaded","jedi:locknload+1"],"picked":"SKIP","floor":46.0},{"not_picked":["Go for the Eyes","AT_StudyProgram","Rip and Tear+1","aspiration:Polymerization+1"],"picked":"SKIP","floor":48.0},{"not_picked":["jedi:sharpshooter","Fusion+1"],"picked":"Meteor Strike","floor":54}],"player_experience":314421,"relics_obtained":[{"floor":9.0,"key":"jedi:purplefairy"},{"floor":14.0,"key":"Boot"},{"floor":19.0,"key":"Red Mask"},{"floor":20.0,"key":"aspiration:Stabinomicon"},{"floor":21.0,"key":"Strawberry"},{"floor":22.0,"key":"Potion Belt"},{"floor":23.0,"key":"Bronze Scales"},{"floor":26.0,"key":"Sundial"},{"floor":37.0,"key":"Prayer Wheel"},{"floor":40.0,"key":"Bag of Preparation"},{"floor":43.0,"key":"jedi:HeartOfTheCards"},{"floor":44.0,"key":"Question Card"},{"floor":48.0,"key":"PreservedInsect"},{"floor":54,"key":"aspiration:FrozenJewel"}],"event_choices":[{"damage_healed":0.0,"max_hp_gain":0.0,"max_hp_loss":0.0,"gold_gain":0.0,"event_name":"betterThird:BetterGoop","player_choice":"Slimed","floor":2.0,"gold_loss":36.0,"damage_taken":11.0},{"damage_healed":0.0,"max_hp_gain":0.0,"max_hp_loss":0.0,"gold_gain":300.0,"event_name":"恩洛斯的盘子","player_choice":"Sell","floor":3.0,"relics_lost":["PureWater"],"gold_loss":0.0,"damage_taken":0.0},{"damage_healed":0.0,"max_hp_gain":0.0,"max_hp_loss":0.0,"gold_gain":0.0,"event_name":"给自己的盒子","player_choice":"Swap Relic","floor":4.0,"relics_lost":["aspiration:Nostalgia"],"gold_loss":0.0,"damage_taken":0.0,"relics_obtained":["Gambling Chip"]},{"damage_healed":0.0,"max_hp_gain":0.0,"max_hp_loss":0.0,"gold_gain":106.0,"event_name":"betterSkull:BetterSkull","player_choice":"RE RE GO ","floor":7.0,"gold_loss":0.0,"damage_taken":44.0,"cards_upgraded":[],"relics_obtained":["Juzu Bracelet","reliquary:Buckler"]},{"damage_healed":0.0,"max_hp_gain":0.0,"max_hp_loss":0.0,"gold_gain":0.0,"event_name":"Masked Bandits","player_choice":"Fought Bandits","floor":19.0,"gold_loss":0.0,"damage_taken":0.0},{"damage_healed":0.0,"max_hp_gain":0.0,"max_hp_loss":0.0,"gold_gain":0.0,"event_name":"Cursed Tome","player_choice":"Obtained Book","floor":20.0,"gold_loss":0.0,"damage_taken":16.0},{"damage_healed":0.0,"max_hp_gain":0.0,"max_hp_loss":0.0,"gold_gain":0.0,"cards_transformed":["Defend_B","Defend_B"],"event_name":"Drug Dealer","player_choice":"Became Test Subject","floor":28.0,"gold_loss":0.0,"damage_taken":0.0,"cards_obtained":["Glacier","Recycle"]},{"damage_healed":0.0,"max_hp_gain":0.0,"max_hp_loss":0.0,"gold_gain":0.0,"event_name":"Mysterious Sphere","player_choice":"Fight","floor":37.0,"gold_loss":0.0,"damage_taken":0.0}],"is_beta":false,"boss_relics":[{"not_picked":["testmod-EnergyCheck","AT_TrinityForce"],"picked":"aspiration:PoetsPen_weak"},{"not_picked":["Calling Bell","FrozenCore"],"picked":"jedi:paperlyon"}],"items_purged_floors":[29,38,38,53],"is_endless":false,"potions_floor_spawned":[1,13,14,16,33,41,42,44,45,48],"ascension_level":4}}