{"host":"mw3dmj42qtkbha4b","time":1612339578,"event":{"mods":["BaseMod","Colored Map","Colored Powertips","DeckTracker","Minty Spire (QoL Compilation)","StSLib","SuperFastMode"],"gold_per_floor":[112,37,49,49,49,87,105,144,144,180,180,180,213,228,228,317,317,337,262,89,114,127,127,127,127],"floor_reached":24,"language":"KOR","playtime":830,"items_purged":["Defend_P"],"score":598,"play_id":"51d32cfb-a48e-460c-a482-678829aa474d","local_time":"20210203170618","is_ascension_mode":true,"campfire_choices":[{"floor":11.0,"key":"REST"},{"data":"Eruption","floor":12.0,"key":"SMITH"},{"data":"Vigilance","floor":15.0,"key":"SMITH"},{"data":"Consecrate","floor":23.0,"key":"SMITH"}],"circlet_count":0,"master_deck":["AscendersBane","Strike_P","Strike_P","Strike_P","Defend_P","Defend_P","Eruption+1","Vigilance+1","BattleHymn","Consecrate+1","JustLucky","Halt+1"],"relics":["PureWater","NeowsBlessing","Golden Idol","TeardropLocket","Dead Branch","WingedGreaves","Shuriken","Bag of Marbles","ClockworkSouvenir"],"acts_visited":["Exordium","TheCity"],"potions_floor_usage":[],"damage_taken":[{"damage":0.0,"enemies":"2 Louse","floor":1.0,"turns":1.0},{"damage":0.0,"enemies":"Small Slimes","floor":3.0,"turns":2.0},{"damage":0.0,"enemies":"Gremlin Nob","floor":6.0,"turns":1.0},{"damage":0.0,"enemies":"Cultist","floor":7.0,"turns":2.0},{"damage":12.0,"enemies":"Lagavulin","floor":8.0,"turns":3.0},{"damage":20.0,"enemies":"3 Sentries","floor":10.0,"turns":4.0},{"damage":3.0,"enemies":"Gremlin Nob","floor":13.0,"turns":4.0},{"damage":4.0,"enemies":"Exordium Wildlife","floor":14.0,"turns":2.0},{"damage":0.0,"enemies":"Slime Boss","floor":16.0,"turns":3.0},{"damage":0.0,"enemies":"Spheric Guardian","floor":18.0,"turns":2.0},{"damage":0.0,"enemies":"Chosen","floor":21.0,"turns":2.0},{"damage":3.0,"enemies":"3 Cultists","floor":22.0,"turns":4.0},{"damage":54,"enemies":"Slavers","floor":24,"turns":5}],"seed_played":"7579414973156431730","potions_obtained":[{"floor":7.0,"key":"AttackPotion"},{"floor":10.0,"key":"LiquidBronze"},{"floor":13.0,"key":"ColorlessPotion"},{"floor":14.0,"key":"Dexterity Potion"},{"floor":18.0,"key":"DistilledChaos"}],"is_trial":false,"path_per_floor":["M","$","M","?","$","E","M","E","T","E","R","R","E","M","R","B",null,"M","?","$","M","M","R","E"],"character_chosen":"WATCHER","items_purchased":["ClockworkSouvenir"],"campfire_rested":1,"item_purchase_floors":[20],"current_hp_per_floor":[61,61,61,38,38,38,38,26,26,6,26,26,23,19,19,19,56,56,56,56,56,53,53,0,0],"gold":127,"neow_bonus":"THREE_ENEMY_KILL","is_daily":false,"chose_seed":false,"campfire_upgraded":3,"win_rate":0.0,"timestamp":1612339578,"path_taken":["M","$","M","?","$","E","M","E","T","E","R","R","E","M","R","BOSS","M","?","$","M","?","R","E"],"items_purchased_type":["Relic"],"build_version":"2020-12-22","purchased_purges":1,"victory":false,"max_hp_per_floor":[68,68,68,68,68,68,68,68,68,68,68,68,68,68,68,68,68,68,68,68,68,68,68,68,68],"card_choices":[{"not_picked":["JustLucky","Protect","Nirvana"],"picked":"SKIP","floor":1.0},{"not_picked":["EmptyMind","Consecrate","Halt"],"picked":"SKIP","floor":3.0},{"not_picked":["Wallop","EmptyBody"],"picked":"BattleHymn","floor":6.0},{"not_picked":["EmptyMind","Crescendo","Nirvana"],"picked":"SKIP","floor":7.0},{"not_picked":["Vengeance","Perseverance","ThirdEye"],"picked":"SKIP","floor":8.0},{"not_picked":["ThirdEye","EmptyMind","Conclude"],"picked":"SKIP","floor":10.0},{"not_picked":["Consecrate","SashWhip","Establishment"],"picked":"SKIP","floor":13.0},{"not_picked":["Pray","Weave","ForeignInfluence"],"picked":"SKIP","floor":14.0},{"not_picked":["PathToVictory","Crescendo","Wallop"],"picked":"SKIP","floor":18.0},{"not_picked":["Protect","PathToVictory","Pray"],"picked":"SKIP","floor":21.0},{"not_picked":["LikeWater","EmptyBody"],"picked":"Halt+1","floor":22.0}],"player_experience":1791196,"relics_obtained":[{"floor":6.0,"key":"TeardropLocket"},{"floor":8.0,"key":"Dead Branch"},{"floor":9.0,"key":"WingedGreaves"},{"floor":10.0,"key":"Shuriken"},{"floor":13.0,"key":"Bag of Marbles"}],"event_choices":[{"damage_healed":0.0,"max_hp_gain":0.0,"max_hp_loss":0.0,"gold_gain":0.0,"event_name":"Golden Idol","player_choice":"Take Damage","floor":4.0,"gold_loss":0.0,"damage_taken":23.0,"relics_obtained":["Golden Idol"]},{"damage_healed":0.0,"max_hp_gain":0.0,"max_hp_loss":0.0,"gold_gain":0.0,"cards_transformed":["Defend_P","Strike_P"],"event_name":"Designer","player_choice":"Transformed Cards","floor":19.0,"gold_loss":75.0,"damage_taken":0.0,"cards_obtained":["Consecrate","JustLucky"]}],"is_beta":false,"boss_relics":[{"not_picked":["HolyWater","Ectoplasm","Runic Pyramid"]}],"items_purged_floors":[2],"is_endless":false,"potions_floor_spawned":[7,10,13,14,18],"killed_by":"Slavers","ascension_level":20}}