{"host":"pec1bvkeldr5yzx1","time":1612361584,"event":{"mods":["ATMod(°¢èªMod)","AchievementEnabler","Act Like it!","Aspiration","BaseMod","Better Altar","Better Match","Better Sensory Stone","Better Skull","Better Vampires","BetterRewards","Conspire","Dota2Spire","Energized Spire","Friendly Minions","GifTheSpireLib","Hubris","Minty Spire (QoL Compilation)","Replay The Spire","Spicy Shops","StSLib","Stuff the Spire","SuperFastMode","óô»ðÖ¸ÄÏ"],"gold_per_floor":[117,144,161,161,161,194,194,212,212,224,25,50,60,79,79,79,79],"floor_reached":16,"language":"ZHS","playtime":367,"items_purged":[],"score":129,"play_id":"19f704be-1ff0-4969-a3e1-b2a6fcbd3547","local_time":"20210203221304","is_ascension_mode":true,"campfire_choices":[{"floor":7,"key":"REST"},{"floor":15,"key":"REST"}],"circlet_count":0,"master_deck":["Strike_G","Strike_G","Strike_G","Strike_G","Strike_G","Defend_G+1","Defend_G","Defend_G","Defend_G","Defend_G+1","Survivor","Neutralize","Slice+1","Riddle With Holes+1","Dagger Throw","Finisher","Pot Of Greed","Pot Of Greed","Masterful Stab","AT_EssenceShift+1","Cloak And Dagger","Dagger Spray+1","Backflip+1","Dagger Throw+1","Caltrops","Acrobatics","Pot Of Greed","Dagger Spray"],"relics":["Ring of the Snake","AT_ATBox","Golden Egg","Shovel","Peace Pipe","AT_ArchangelStaff","Grinning Jar","aspiration:HiddenCompartment","War Paint"],"acts_visited":["Exordium"],"potions_floor_usage":[],"damage_taken":[{"damage":0,"enemies":"Cultist","floor":1,"turns":2},{"damage":0,"enemies":"2 Louse","floor":3,"turns":2},{"damage":22,"enemies":"3 Sentries","floor":6,"turns":6},{"damage":0,"enemies":"Small Slimes","floor":8,"turns":1},{"damage":3,"enemies":"Looter","floor":10,"turns":2},{"damage":5,"enemies":"Gremlin Nob","floor":12,"turns":3},{"damage":10,"enemies":"Exordium Thugs","floor":13,"turns":4},{"damage":2,"enemies":"Red Slaver","floor":14,"turns":2},{"damage":28,"enemies":"The Guardian","floor":16,"turns":7}],"seed_played":"2253614829718252809","potions_obtained":[{"floor":1,"key":"Reflective Coating"},{"floor":10,"key":"Milkshake"},{"floor":14,"key":"Flashbang"}],"is_trial":false,"path_per_floor":["M","T","M","?","?","E","R","M","T","M","$","E","M","M","R","B"],"character_chosen":"THE_SILENT","items_purchased":["Golden Egg","Shovel","Slice","Riddle With Holes","aspiration:HiddenCompartment","Dagger Spray","Backflip","Dagger Throw"],"campfire_rested":2,"item_purchase_floors":[0,0,0,0,11,11,11,11],"current_hp_per_floor":[38,38,38,38,38,16,37,37,37,34,34,29,19,17,38,10,10],"gold":79,"neow_bonus":"","is_daily":false,"chose_seed":false,"campfire_upgraded":0,"win_rate":0.0,"timestamp":1612361584,"path_taken":["M","?","?","?","?","E","R","M","T","?","$","E","M","M","R","BOSS"],"items_purchased_type":["Relic","Relic","Card","Card","Relic","Card","Card","Card"],"build_version":"2020-12-22","purchased_purges":0,"victory":false,"max_hp_per_floor":[70,70,70,70,70,70,70,70,70,70,70,70,70,70,70,70,70],"card_choices":[{"not_picked":["hubris:Counter","Deadly Poison"],"picked":"Dagger Throw","floor":1},{"not_picked":["PiercingWail","Slice"],"picked":"Finisher","floor":3},{"not_picked":["Deadly Poison","Replay:Poison Smokescreen"],"picked":"Masterful Stab","floor":6},{"not_picked":["Deflect","StuffTheSpire:Sprint"],"picked":"AT_EssenceShift","floor":8},{"not_picked":["Flying Knee","Bane"],"picked":"Cloak And Dagger","floor":10},{"not_picked":["Dagger Throw","Quick Slash"],"picked":"Caltrops","floor":12},{"not_picked":["StuffTheSpire:Fury","AT_WindFlip"],"picked":"Acrobatics","floor":13},{"not_picked":["Dagger Throw","Acrobatics"],"picked":"Dagger Spray","floor":14}],"player_experience":132163,"relics_obtained":[{"floor":2,"key":"AT_ArchangelStaff"},{"floor":6,"key":"Grinning Jar"},{"floor":12,"key":"War Paint"}],"event_choices":[{"damage_healed":0,"gold_gain":0,"player_choice":"Ignored","damage_taken":0,"max_hp_gain":0,"max_hp_loss":0,"event_name":"Golden Wing","floor":4,"gold_loss":0},{"damage_healed":0,"gold_gain":0,"player_choice":"Bought 0 Potions","damage_taken":0,"max_hp_gain":0,"max_hp_loss":0,"event_name":"The Woman in Blue","floor":5,"gold_loss":0}],"is_beta":false,"boss_relics":[],"items_purged_floors":[],"is_endless":false,"potions_floor_spawned":[1,10,14],"killed_by":"The Guardian","ascension_level":3}}