{"host":"qt3f2jehn8ioqbnt","time":1612387481,"event":{"mods":["Act Like it!","BaseMod","Downfall","Marisa£®ÏF”Í°°ƒß¿Ì…≥£©","Minty Spire (QoL Compilation)","Replay The Spire","StSLib","The Bug Knight"],"gold_per_floor":[119,131,131,56,74,103,118,128,128,160,5,45,71,101,101,228,228,239,289,331,331,19,19,68,111,111,88,88,88],"floor_reached":28,"language":"ZHS","playtime":2855,"items_purged":["Defend_MRS"],"score":279,"play_id":"6853a145-d904-42c4-aace-c07340d84d33","local_time":"20210204052441","is_ascension_mode":false,"campfire_choices":[{"data":"BinaryStars","floor":23,"key":"SMITH"},{"data":"JA","floor":23,"key":"SMITH"}],"circlet_count":0,"master_deck":["Strike_MRS","MasterSpark","UpSweep","OrrerysSun","OortCloud","JA+1","WitchOfGreed","WitchOfGreed","BinaryStars+1","PulseMagic","MagicChant","StarBarrage","WitchOfGreed"],"relics":["MiniHakkero","NeowsBlessing","Lantern","HornCleat","Omamori","Ancient Tea Set","Kintsugi","Replay:Arrowhead","ReplayTheSpireMod:Ninjato","Replay:WaspNest"],"acts_visited":["Exordium","TheCity"],"potions_floor_usage":[12,13,16,16,18,20,20,24,25,25],"damage_taken":[{"damage":0,"enemies":"2 Louse","floor":1,"turns":1},{"damage":0,"enemies":"Cultist","floor":2,"turns":1},{"damage":0,"enemies":"Jaw Worm","floor":5,"turns":1},{"damage":11,"enemies":"Lagavulin","floor":6,"turns":9},{"damage":2,"enemies":"Large Slime","floor":7,"turns":4},{"damage":17,"enemies":"Exordium Thugs","floor":8,"turns":3},{"damage":5,"enemies":"Lots of Slimes","floor":10,"turns":5},{"damage":0,"enemies":"HollowMod:MossKnight","floor":12,"turns":8},{"damage":5,"enemies":"Large Slime","floor":13,"turns":3},{"damage":0,"enemies":"2 Fungi Beasts","floor":14,"turns":3},{"damage":20,"enemies":"Fading Forest","floor":16,"turns":11},{"damage":12,"enemies":"2 Thieves","floor":18,"turns":3},{"damage":7,"enemies":"Chosen","floor":19,"turns":5},{"damage":24,"enemies":"Snecko","floor":20,"turns":4},{"damage":12,"enemies":"Centurion and Healer","floor":24,"turns":5},{"damage":34,"enemies":"Slavers","floor":25,"turns":5},{"damage":10,"enemies":"3 Cultists","floor":28,"turns":3}],"seed_played":"-7672491485728021984","potions_obtained":[{"floor":1,"key":"PowerPotion"},{"floor":2,"key":"SpeedPotion"},{"floor":10,"key":"Swift Potion"},{"floor":12,"key":"champ:CounterPotion"},{"floor":12,"key":"Ancient Potion"},{"floor":13,"key":"ColorlessPotion"},{"floor":14,"key":"BottledSpark"},{"floor":16,"key":"Flashbang"},{"floor":16,"key":"Venom Potion"},{"floor":19,"key":"LiquidBronze"},{"floor":19,"key":"Venom Potion"},{"floor":20,"key":"Block Potion"},{"floor":20,"key":"FairyPotion"},{"floor":24,"key":"Strength Potion"},{"floor":24,"key":"SkillPotion"}],"is_trial":false,"path_per_floor":["M","M","?","$","M","E","M","M","T","M","$","E","M","M","R","B",null,"M","M","M","?","$","R","M","E","T","$","M"],"character_chosen":"MARISA","items_purchased":["Omamori","Replay:Arrowhead","WitchOfGreed"],"campfire_rested":0,"item_purchase_floors":[11,22,27],"current_hp_per_floor":[75,75,75,75,75,64,62,45,45,40,40,40,35,35,35,25,75,63,56,32,32,32,32,20,10,10,10,0,0],"gold":88,"neow_bonus":"THREE_ENEMY_KILL","is_daily":false,"chose_seed":false,"campfire_upgraded":2,"win_rate":0.0,"timestamp":1612387481,"path_taken":["M","M","?","$","M","E","M","M","T","M","?","E","M","M","R","BOSS","M","M","M","?","$","R","M","E","T","?","?"],"items_purchased_type":["Relic","Relic","Card"],"build_version":"2020-12-22","purchased_purges":1,"victory":false,"max_hp_per_floor":[75,75,75,75,75,75,75,75,75,75,75,75,75,75,75,75,75,75,75,75,75,75,75,75,75,75,75,75,75],"card_choices":[{"not_picked":["UnstableBomb","OortCloud"],"picked":"OrrerysSun","floor":1},{"not_picked":["DarkSpark","MilkyWay"],"picked":"ChargeUpSpray","floor":2},{"not_picked":["MagicAbsorber","AsteroidBelt"],"picked":"OortCloud","floor":5},{"not_picked":["ChargeUpSpray","AsteroidBelt"],"picked":"JA","floor":6},{"not_picked":["OpenUniverse","DarkSpark","UnstableBomb"],"picked":"SKIP","floor":7},{"not_picked":["RefractionSpark","GalacticHalo"],"picked":"WitchOfGreed","floor":8},{"not_picked":["6A","ShootTheMoon","MilkyWay"],"picked":"SKIP","floor":10},{"not_picked":["PowerUp","UnstableBomb"],"picked":"WitchOfGreed","floor":12},{"not_picked":["RefractionSpark","GrandCross","DoubleSpark"],"picked":"SKIP","floor":13},{"not_picked":["GravityBeat","PowerUp","IllusionStar"],"picked":"SKIP","floor":14},{"not_picked":["CollectingQuirk","StarDustReverie"],"picked":"BinaryStars","floor":16},{"not_picked":["MeteoricShower","NonDirectionalLaser"],"picked":"PulseMagic","floor":18},{"not_picked":["IllusionStar","MilkyWay"],"picked":"MagicChant","floor":19},{"not_picked":["WitchLeyline","NonDirectionalLaser+1","MysteriousBeam"],"picked":"SKIP","floor":20},{"not_picked":["Acceleration","PowerUp"],"picked":"StarBarrage","floor":24},{"not_picked":["EnergyRecoil+1","OpenUniverse+1","AsteroidBelt"],"picked":"SKIP","floor":25}],"player_experience":18377,"relics_obtained":[{"floor":6,"key":"Lantern"},{"floor":9,"key":"HornCleat"},{"floor":12,"key":"Ancient Tea Set"},{"floor":25,"key":"ReplayTheSpireMod:Ninjato"},{"floor":26,"key":"Replay:WaspNest"}],"event_choices":[{"damage_healed":0,"gold_gain":0,"player_choice":"Ignored","damage_taken":0,"max_hp_gain":0,"max_hp_loss":0,"event_name":"NoteForYourself","floor":3,"gold_loss":0},{"cards_removed":["Strike_MRS"],"damage_healed":0,"gold_gain":0,"player_choice":"Purged","damage_taken":0,"max_hp_gain":0,"max_hp_loss":0,"event_name":"Purifier","floor":21,"gold_loss":0}],"is_beta":false,"boss_relics":[{"not_picked":["Coffee Dripper","Snecko Eye"],"picked":"Kintsugi"}],"items_purged_floors":[4],"is_endless":false,"potions_floor_spawned":[1,2,10,12,14,16,20],"killed_by":"3 Cultists","ascension_level":0}}