{"host":"ml2ro5l6hu6y0pll","time":1612312956,"event":{"mods":["AchievementEnabler","BaseMod","Colored Map","Colored Powertips","Custom Start","Googly Eyes","Minty Spire (QoL Compilation)","Quick Restart","Rare Cards Sparkle","Relic Stats","Reliquary","StSLib","everything is the same but u backflip on backflip"],"gold_per_floor":[109,109,127,64,103,165,165,205,254,280,352,366,366,389,389,475,475,500,550,595,318,318,392,392,162,235,285,305,305,322,358,358,358,358],"floor_reached":33,"language":"ENG","playtime":1697,"items_purged":["Strike_P","Strike_P"],"score":860,"play_id":"94bfb6bb-6474-477b-a604-429f1772cf88","local_time":"20210203004236","is_ascension_mode":true,"campfire_choices":[{"floor":7.0,"key":"REST"},{"data":"Wish","floor":13.0,"key":"SMITH"},{"data":"Wallop","floor":15.0,"key":"SMITH"},{"data":"Omniscience","floor":24,"key":"SMITH"},{"data":"TalkToTheHand","floor":29,"key":"SMITH"},{"data":"Blasphemy","floor":32,"key":"SMITH"}],"circlet_count":0,"master_deck":["FlurryOfBlows","Strike_P","Strike_P","Eruption","Tantrum","FearNoEvil","TalkToTheHand+1","Defend_P","Defend_P","Defend_P","Defend_P","Vigilance","DeusExMachina","Meditate","Wish+1","Consecrate","DevaForm","Crescendo","MentalFortress","ThirdEye","EmptyFist","Wallop+1","Omniscience+1","Wireheading","Weave","Weave","Blasphemy+1"],"relics":["PureWater","Ice Cream","Membership Card","The Courier","Bag of Marbles","Bag of Preparation","StrikeDummy","CeramicFish","Du-Vu Doll","MealTicket","Anchor","reliquary:ExpiredCoupon","VioletLotus","Potion Belt","Anchor","Lee\u0027s Waffle","Regal Pillow","Strawberry","CloakClasp","reliquary:BallBearing","GoldenEye"],"acts_visited":["Exordium","TheCity"],"potions_floor_usage":[20,33],"damage_taken":[{"damage":0.0,"enemies":"Jaw Worm","floor":1.0,"turns":3.0},{"damage":0.0,"enemies":"2 Louse","floor":3.0,"turns":2.0},{"damage":5.0,"enemies":"Small Slimes","floor":5.0,"turns":3.0},{"damage":16.0,"enemies":"3 Sentries","floor":6.0,"turns":8.0},{"damage":0.0,"enemies":"Gremlin Nob","floor":8.0,"turns":1.0},{"damage":16.0,"enemies":"Lagavulin","floor":10.0,"turns":7.0},{"damage":0.0,"enemies":"3 Sentries","floor":11.0,"turns":5.0},{"damage":9.0,"enemies":"2 Fungi Beasts","floor":12.0,"turns":3.0},{"damage":0.0,"enemies":"Exordium Thugs","floor":14.0,"turns":1.0},{"damage":0.0,"enemies":"Slime Boss","floor":16.0,"turns":4.0},{"damage":0.0,"enemies":"2 Thieves","floor":18.0,"turns":2.0},{"damage":3,"enemies":"3 Byrds","floor":20,"turns":4},{"damage":0,"enemies":"Gremlin Leader","floor":23,"turns":5},{"damage":37,"enemies":"Sentry and Sphere","floor":27,"turns":6},{"damage":0,"enemies":"Snake Plant","floor":28,"turns":2},{"damage":25,"enemies":"Chosen and Byrds","floor":30,"turns":7},{"damage":0,"enemies":"Book of Stabbing","floor":31,"turns":5},{"damage":51,"enemies":"Champ","floor":33,"turns":12}],"seed_played":"2307617605695366997","potions_obtained":[{"floor":5.0,"key":"Weak Potion"},{"floor":8.0,"key":"Strength Potion"},{"floor":31,"key":"SneckoOil"}],"is_trial":true,"path_per_floor":["M","?","M","$","M","E","R","E","T","E","?","M","R","M","R","B",null,"M","?","M","$","?","E","R","$","T","M","M","R","M","E","R","B"],"character_chosen":"WATCHER","items_purchased":["DevaForm","Potion Belt","reliquary:SculptingSteel","Lee\u0027s Waffle","Strawberry","CloakClasp"],"campfire_rested":1,"item_purchase_floors":[4,21,21,21,25,25],"current_hp_per_floor":[61,50,50,50,45,29,49,49,49,33,33,24,24,24,24,24,57,57,57,54,75,75,75,75,82,82,45,45,45,20,20,20,0,0],"gold":358,"neow_bonus":"","is_daily":false,"chose_seed":false,"campfire_upgraded":5,"win_rate":0.0,"timestamp":1612312956,"path_taken":["M","?","M","$","M","E","R","E","T","E","?","M","R","M","R","BOSS","M","?","M","$","?","E","R","$","T","?","M","R","M","E","R","BOSS"],"items_purchased_type":["Card","Relic","Relic","Relic","Relic","Relic"],"build_version":"2020-12-22","purchased_purges":2,"victory":false,"max_hp_per_floor":[68,68,68,68,68,68,68,68,68,68,68,68,68,68,68,68,68,68,68,68,75,75,75,75,82,82,82,82,82,82,82,82,82,82],"relic_stats":{"Lee\u0027s Waffle":7,"Regal Pillow":0,"counters":[18,80],"CeramicFish":81,"MealTicket":14,"VioletLotus":[10],"Bag of Preparation":[39],"CloakClasp":[91],"GoldenEye":[18],"obtain_stats":[{"Ice Cream":0,"Potion Belt":21,"Lee\u0027s Waffle":21,"Regal Pillow":23,"CeramicFish":6,"The Courier":0,"Bag of Preparation":0,"CloakClasp":25,"GoldenEye":31,"Du-Vu Doll":8,"reliquary:ExpiredCoupon":11,"Anchor":10,"Strawberry":25,"MealTicket":9,"VioletLotus":17,"reliquary:SculptingSteel":21,"reliquary:BallBearing":26,"Bag of Marbles":0,"Membership Card":0,"PureWater":0,"StrikeDummy":2},{"Ice Cream":0,"Potion Belt":12,"Lee\u0027s Waffle":12,"Regal Pillow":13,"CeramicFish":4,"The Courier":0,"Bag of Preparation":0,"CloakClasp":13,"GoldenEye":17,"Du-Vu Doll":5,"reliquary:ExpiredCoupon":7,"Anchor":6,"Strawberry":13,"MealTicket":5,"VioletLotus":10,"reliquary:SculptingSteel":12,"reliquary:BallBearing":13,"Bag of Marbles":0,"Membership Card":0,"PureWater":0,"StrikeDummy":1},{"Ice Cream":0,"Potion Belt":43,"Lee\u0027s Waffle":43,"Regal Pillow":48,"CeramicFish":16,"The Courier":0,"Bag of Preparation":0,"CloakClasp":48,"GoldenEye":68,"Du-Vu Doll":17,"reliquary:ExpiredCoupon":29,"Anchor":24,"Strawberry":48,"MealTicket":17,"VioletLotus":37,"reliquary:SculptingSteel":43,"reliquary:BallBearing":48,"Bag of Marbles":0,"Membership Card":0,"PureWater":0,"StrikeDummy":3}]},"card_choices":[{"not_picked":["BowlingBash","Halt"],"picked":"Consecrate","floor":1.0},{"not_picked":["WaveOfTheHand","SignatureMove","EmptyBody"],"picked":"SKIP","floor":3.0},{"not_picked":["InnerPeace","Crescendo","JustLucky"],"picked":"SKIP","floor":5.0},{"not_picked":["InnerPeace","JustLucky"],"picked":"Crescendo","floor":5.0},{"not_picked":["SashWhip","FlurryOfBlows"],"picked":"MentalFortress","floor":6.0},{"not_picked":["Evaluate","ThirdEye","SignatureMove"],"picked":"SKIP","floor":8.0},{"not_picked":["Evaluate","SignatureMove"],"picked":"ThirdEye","floor":8.0},{"not_picked":["CrushJoints","Evaluate","Fasting2"],"picked":"SKIP","floor":10.0},{"not_picked":["Prostrate","Devotion"],"picked":"EmptyFist","floor":11.0},{"not_picked":["ForeignInfluence","Evaluate","FollowUp"],"picked":"SKIP","floor":12.0},{"not_picked":["SignatureMove","ThirdEye"],"picked":"Wallop","floor":14.0},{"not_picked":["Blasphemy","Ragnarok"],"picked":"Omniscience","floor":16.0},{"not_picked":["LikeWater","BowlingBash"],"picked":"Wireheading","floor":18.0},{"not_picked":["BowlingBash","FollowUp","SashWhip"],"picked":"SKIP","floor":20},{"not_picked":["Evaluate+1","FollowUp"],"picked":"Weave","floor":23},{"not_picked":["CutThroughFate","PathToVictory"],"picked":"Weave","floor":27},{"not_picked":["BowlingBash","ClearTheMind","Evaluate"],"picked":"SKIP","floor":28},{"not_picked":["Worship","JustLucky","Evaluate"],"picked":"SKIP","floor":30},{"not_picked":["CarveReality+1","CutThroughFate+1"],"picked":"Blasphemy","floor":31}],"player_experience":905788,"relics_obtained":[{"floor":6.0,"key":"CeramicFish"},{"floor":8.0,"key":"Du-Vu Doll"},{"floor":9.0,"key":"MealTicket"},{"floor":10.0,"key":"Anchor"},{"floor":11.0,"key":"reliquary:ExpiredCoupon"},{"floor":23,"key":"Regal Pillow"},{"floor":26,"key":"reliquary:BallBearing"},{"floor":31,"key":"GoldenEye"}],"event_choices":[{"damage_healed":0.0,"max_hp_gain":0.0,"max_hp_loss":0.0,"gold_gain":0.0,"event_name":"Scrap Ooze","player_choice":"Success","floor":2.0,"gold_loss":0.0,"damage_taken":11.0,"relics_obtained":["StrikeDummy"]},{"damage_healed":0.0,"max_hp_gain":0.0,"max_hp_loss":0.0,"gold_gain":0.0,"event_name":"Dead Adventurer","player_choice":"Searched \u00271\u0027 times","floor":11.0,"gold_loss":0.0,"damage_taken":0.0},{"damage_healed":0.0,"max_hp_gain":0.0,"max_hp_loss":0.0,"gold_gain":50.0,"event_name":"Nest","player_choice":"Stole From Cult","floor":19.0,"gold_loss":0.0,"damage_taken":0.0},{"damage_healed":0,"gold_gain":0,"player_choice":"Ignored","damage_taken":0,"max_hp_gain":0,"max_hp_loss":0,"event_name":"Vampires","floor":22,"gold_loss":0}],"is_beta":false,"boss_relics":[{"not_picked":["Astrolabe","Coffee Dripper"],"picked":"VioletLotus"}],"items_purged_floors":[21,25],"is_endless":false,"potions_floor_spawned":[5,8,11,14,16,18,31],"killed_by":"Champ","ascension_level":20}}