{"host":"rb2p2z6v6vieend5","time":1612389778,"event":{"mods":["BaseMod","Block Reminder","Colored Map","DeckTracker","Highlight Path","Minty Spire (QoL Compilation)","Random Character Button","Relic Stats"],"gold_per_floor":[110,39,58,58,70,102,121,133,186,214,214,214,12,12,12,12,12],"floor_reached":16,"language":"ENG","playtime":645,"items_purged":[],"score":173,"play_id":"4ae1004e-83b0-48bb-aa78-1efc1ec44e08","local_time":"20210203230258","is_ascension_mode":true,"campfire_choices":[{"floor":12,"key":"REST"},{"data":"Apotheosis","floor":15,"key":"SMITH"}],"circlet_count":0,"master_deck":["AscendersBane","Strike_R","Strike_R","Strike_R","Strike_R","Strike_R","Defend_R","Defend_R","Defend_R","Bash","Clothesline","Ghostly Armor","Pommel Strike","Rampage","Flame Barrier","True Grit","Apotheosis+1","True Grit"],"relics":["Burning Blood","Blue Candle","CeramicFish","White Beast Statue","Golden Idol"],"acts_visited":["Exordium"],"potions_floor_usage":[7,16],"damage_taken":[{"damage":6,"enemies":"Cultist","floor":1,"turns":4},{"damage":0,"enemies":"2 Louse","floor":3,"turns":3},{"damage":1,"enemies":"Jaw Worm","floor":5,"turns":4},{"damage":51,"enemies":"Lagavulin","floor":6,"turns":8},{"damage":24,"enemies":"Exordium Thugs","floor":7,"turns":6},{"damage":4,"enemies":"2 Fungi Beasts","floor":8,"turns":4},{"damage":8,"enemies":"Large Slime","floor":10,"turns":6},{"damage":45,"enemies":"Slime Boss","floor":16,"turns":8}],"seed_played":"-4936192242070325156","potions_obtained":[{"floor":1,"key":"DuplicationPotion"},{"floor":5,"key":"ElixirPotion"},{"floor":10,"key":"PowerPotion"}],"is_trial":false,"path_per_floor":["M","$","M","?","M","E","M","M","T","M","T","R","$","?","R","B"],"character_chosen":"IRONCLAD","items_purchased":["Ghostly Armor","Apotheosis","True Grit"],"campfire_rested":1,"item_purchase_floors":[2,13,13],"current_hp_per_floor":[75,75,81,74,79,34,16,18,18,16,16,40,40,40,40,0,0],"gold":12,"neow_bonus":"TEN_PERCENT_HP_BONUS","is_daily":false,"chose_seed":false,"campfire_upgraded":1,"win_rate":0.0,"timestamp":1612389778,"path_taken":["M","?","M","?","M","E","M","M","T","?","?","R","$","?","R","BOSS"],"items_purchased_type":["Card","Card","Card"],"build_version":"2020-12-22","purchased_purges":0,"victory":false,"max_hp_per_floor":[82,82,82,82,82,82,82,82,82,82,82,82,82,76,76,76,76],"relic_stats":{"counters":[8,43],"Golden Idol":0,"Blue Candle":[0],"CeramicFish":27,"obtain_stats":[{"Golden Idol":14,"Blue Candle":6,"CeramicFish":9,"Burning Blood":0,"White Beast Statue":11},{"Golden Idol":7,"Blue Candle":4,"CeramicFish":6,"Burning Blood":0,"White Beast Statue":7},{"Golden Idol":35,"Blue Candle":19,"CeramicFish":29,"Burning Blood":0,"White Beast Statue":35}],"Burning Blood":42},"card_choices":[{"not_picked":["Feel No Pain","Wild Strike"],"picked":"Clothesline","floor":1},{"not_picked":["Disarm","Spot Weakness"],"picked":"Pommel Strike","floor":3},{"not_picked":["Power Through","Heavy Blade"],"picked":"Rampage","floor":5},{"not_picked":["Impervious","Disarm"],"picked":"Flame Barrier","floor":6},{"not_picked":["Havoc","Flex","Cleave"],"picked":"SKIP","floor":7},{"not_picked":["Sword Boomerang","Anger","Iron Wave"],"picked":"SKIP","floor":8},{"not_picked":["Spot Weakness","Flame Barrier"],"picked":"True Grit","floor":10}],"player_experience":690235,"relics_obtained":[{"floor":6,"key":"Blue Candle"},{"floor":9,"key":"CeramicFish"},{"floor":11,"key":"White Beast Statue"}],"event_choices":[{"cards_removed":["Defend_R"],"damage_healed":0,"gold_gain":0,"player_choice":"Card Removal","damage_taken":7,"max_hp_gain":0,"max_hp_loss":0,"event_name":"Golden Wing","floor":4,"gold_loss":0},{"damage_healed":0,"gold_gain":0,"player_choice":"Lose Max HP","damage_taken":0,"relics_obtained":["Golden Idol"],"max_hp_gain":0,"max_hp_loss":6,"event_name":"Golden Idol","floor":14,"gold_loss":0}],"is_beta":false,"boss_relics":[],"items_purged_floors":[],"is_endless":false,"potions_floor_spawned":[1,5,10],"killed_by":"Slime Boss","ascension_level":14}}