{"host":"syozzdlzcqop4jia","time":1612394674,"event":{"mods":["BaseMod","Colored Map","Colored Powertips","Minty Spire (QoL Compilation)","Quick Restart"],"gold_per_floor":[113,125,135,154,104,104,132,132,159,159,176,176,189,209,209,209,209],"floor_reached":16,"language":"ENG","playtime":1200,"items_purged":[],"score":130,"play_id":"ea9bbfce-8b40-4978-8d3d-627c4ff5e203","local_time":"20210204002434","is_ascension_mode":true,"campfire_choices":[{"data":"Inflame","floor":6,"key":"SMITH"},{"data":"Double Tap","floor":8,"key":"SMITH"},{"data":"Heavy Blade","floor":15,"key":"SMITH"}],"circlet_count":0,"master_deck":["Strike_R","Strike_R","Strike_R","Strike_R","Strike_R","Defend_R","Defend_R","Defend_R","Defend_R","Bash","Heavy Blade+1","Perfected Strike","Flex","Inflame+1","Clothesline","Double Tap+1","Pummel","Headbutt","Shrug It Off"],"relics":["Burning Blood","Omamori","Vajra","The Courier"],"acts_visited":["Exordium"],"potions_floor_usage":[7,16,16,16,16,16],"damage_taken":[{"damage":6,"enemies":"2 Louse","floor":1,"turns":3},{"damage":1,"enemies":"Cultist","floor":2,"turns":4},{"damage":0,"enemies":"Small Slimes","floor":3,"turns":3},{"damage":12,"enemies":"Exordium Thugs","floor":4,"turns":3},{"damage":30,"enemies":"3 Sentries","floor":7,"turns":7},{"damage":12,"enemies":"3 Louse","floor":11,"turns":4},{"damage":15,"enemies":"Lots of Slimes","floor":13,"turns":5},{"damage":0,"enemies":"2 Fungi Beasts","floor":14,"turns":2},{"damage":55,"enemies":"The Guardian","floor":16,"turns":10}],"seed_played":"-2171747351440285301","potions_obtained":[{"floor":2,"key":"Block Potion"},{"floor":4,"key":"BlessingOfTheForge"},{"floor":11,"key":"Dexterity Potion"},{"floor":13,"key":"EntropicBrew"}],"is_trial":false,"path_per_floor":["M","M","M","M","$","R","E","R","T","?","M","T","M","M","R","B"],"character_chosen":"IRONCLAD","items_purchased":["Clothesline"],"campfire_rested":0,"item_purchase_floors":[5],"current_hp_per_floor":[88,88,88,82,82,82,58,58,58,58,52,52,43,49,49,0,0],"gold":209,"neow_bonus":"TEN_PERCENT_HP_BONUS","is_daily":false,"chose_seed":false,"campfire_upgraded":3,"win_rate":0.0,"timestamp":1612394674,"path_taken":["M","M","M","M","$","R","E","R","T","?","?","?","?","M","R","BOSS"],"items_purchased_type":["Card"],"build_version":"2020-12-22","purchased_purges":0,"victory":false,"max_hp_per_floor":[88,88,88,88,88,88,88,88,88,88,88,88,88,88,88,88,88],"card_choices":[{"not_picked":["Shrug It Off","Rupture"],"picked":"Heavy Blade","floor":1},{"not_picked":["Dark Embrace","Armaments"],"picked":"Perfected Strike","floor":2},{"not_picked":["Offering","Body Slam"],"picked":"Flex","floor":3},{"not_picked":["Sentinel","Evolve"],"picked":"Inflame","floor":4},{"not_picked":["Armaments","Uppercut"],"picked":"Double Tap","floor":7},{"not_picked":["Havoc","Hemokinesis"],"picked":"Pummel","floor":11},{"not_picked":["Entrench","Searing Blow"],"picked":"Headbutt","floor":13},{"not_picked":["Thunderclap","Wild Strike"],"picked":"Shrug It Off","floor":14}],"player_experience":527350,"relics_obtained":[{"floor":7,"key":"Omamori"},{"floor":9,"key":"Vajra"},{"floor":12,"key":"The Courier"}],"event_choices":[{"damage_healed":0,"gold_gain":0,"player_choice":"Cursed","damage_taken":0,"max_hp_gain":0,"max_hp_loss":0,"event_name":"Wheel of Change","floor":10,"gold_loss":0,"cards_obtained":["Decay"]}],"is_beta":false,"boss_relics":[],"items_purged_floors":[],"is_endless":false,"potions_floor_spawned":[2,4,11,13],"killed_by":"The Guardian","ascension_level":5}}