{"host":"8rgpnls124hwjv5t","time":1612312865,"event":{"mods":["BaseMod","Colored Map","Colored Powertips","DeckTracker","Highlight Path","Minty Spire (QoL Compilation)","Permanent Neow","Quick Restart","Relic Stats","Shop Mod","StSLib"],"gold_per_floor":[114,131,2,2,2,2,36,36,36,36,100,126,41,61,61,138,138,149,149,149,149],"floor_reached":20,"language":"ENG","playtime":1029,"items_purged":["Strike_G"],"score":356,"play_id":"27f59f8d-4874-4204-a7a1-294583cdd7f0","local_time":"20210202194105","is_ascension_mode":true,"campfire_choices":[{"floor":6,"key":"REST"},{"floor":8,"key":"REST"},{"floor":10,"key":"REST"},{"floor":15,"key":"REST"}],"circlet_count":0,"master_deck":["AscendersBane","Strike_G","Strike_G","Strike_G","Strike_G","Defend_G","Defend_G","Defend_G","Defend_G","Defend_G","Survivor","Neutralize","Envenom+1","Poisoned Stab","Deflect","Storm of Steel","Slice","Adrenaline","PiercingWail","Infinite Blades","Dagger Throw","Corpse Explosion","Caltrops"],"relics":["Ring of the Snake","Smiling Mask","Juzu Bracelet","InkBottle","The Courier","StoneCalendar","Black Star"],"acts_visited":["Exordium","TheCity"],"potions_floor_usage":[7,11,16,20],"damage_taken":[{"damage":2,"enemies":"Small Slimes","floor":1,"turns":5},{"damage":3,"enemies":"2 Louse","floor":2,"turns":3},{"damage":31,"enemies":"Gremlin Nob","floor":7,"turns":5},{"damage":27,"enemies":"3 Sentries","floor":11,"turns":9},{"damage":26,"enemies":"3 Sentries","floor":12,"turns":9},{"damage":0,"enemies":"Jaw Worm","floor":14,"turns":3},{"damage":10,"enemies":"Hexaghost","floor":16,"turns":8},{"damage":17,"enemies":"3 Byrds","floor":18,"turns":6},{"damage":2,"enemies":"Shell Parasite","floor":20,"turns":2}],"seed_played":"7496628410130884970","potions_obtained":[{"floor":7,"key":"Strength Potion"},{"floor":12,"key":"EssenceOfSteel"},{"floor":16,"key":"GamblersBrew"}],"is_trial":false,"path_per_floor":["M","M","$","?","?","R","E","R","T","R","?","E","$","M","R","B",null,"M","?","M"],"character_chosen":"THE_SILENT","items_purchased":["AttackPotion","PiercingWail","Infinite Blades"],"campfire_rested":4,"item_purchase_floors":[3,13,13],"current_hp_per_floor":[57,54,54,28,28,47,16,35,35,54,27,1,1,1,20,10,52,35,35,33,33],"gold":149,"neow_bonus":"ONE_RANDOM_RARE_CARD","is_daily":false,"chose_seed":false,"campfire_upgraded":0,"win_rate":0.0,"timestamp":1612312865,"path_taken":["M","M","$","?","?","R","E","R","T","R","?","E","?","M","R","BOSS","M","?","M"],"items_purchased_type":["Potion","Card","Card"],"build_version":"2020-12-22","purchased_purges":1,"victory":false,"max_hp_per_floor":[66,66,66,66,66,66,66,66,66,66,66,66,66,66,66,66,66,66,66,66,66],"relic_stats":{"counters":[9,50],"StoneCalendar":[50],"Juzu Bracelet":1,"Black Star":0,"Smiling Mask":0,"obtain_stats":[{"StoneCalendar":12,"The Courier":11,"Juzu Bracelet":7,"Black Star":17,"Smiling Mask":4,"InkBottle":9,"Ring of the Snake":0},{"StoneCalendar":5,"The Courier":4,"Juzu Bracelet":3,"Black Star":7,"Smiling Mask":2,"InkBottle":3,"Ring of the Snake":0},{"StoneCalendar":31,"The Courier":22,"Juzu Bracelet":13,"Black Star":42,"Smiling Mask":8,"InkBottle":13,"Ring of the Snake":0}],"InkBottle":[15],"Ring of the Snake":[18]},"card_choices":[{"not_picked":["Sucker Punch","Backflip"],"picked":"Poisoned Stab","floor":1},{"not_picked":["Dagger Spray","Backflip"],"picked":"Deflect","floor":2},{"not_picked":["Backflip","Slice"],"picked":"Storm of Steel","floor":7},{"not_picked":["Sucker Punch","Accuracy"],"picked":"Slice","floor":11},{"not_picked":["Finisher","Calculated Gamble"],"picked":"Adrenaline","floor":12},{"not_picked":["All Out Attack","Reflex"],"picked":"Dagger Throw","floor":14},{"not_picked":["Glass Knife","Night Terror"],"picked":"Corpse Explosion","floor":16},{"not_picked":["Quick Slash","Heel Hook"],"picked":"Caltrops","floor":18}],"player_experience":463213,"relics_obtained":[{"floor":7,"key":"Juzu Bracelet"},{"floor":9,"key":"InkBottle"},{"floor":11,"key":"The Courier"},{"floor":12,"key":"StoneCalendar"}],"event_choices":[{"damage_healed":0,"gold_gain":0,"player_choice":"Success","damage_taken":26,"relics_obtained":["Smiling Mask"],"max_hp_gain":0,"max_hp_loss":0,"event_name":"Scrap Ooze","floor":4,"gold_loss":0},{"damage_healed":0,"gold_gain":0,"player_choice":"Grow","damage_taken":0,"max_hp_gain":0,"max_hp_loss":0,"event_name":"Living Wall","floor":5,"gold_loss":0,"cards_upgraded":["Envenom"]},{"damage_healed":0,"gold_gain":0,"player_choice":"Searched \u00271\u0027 times","damage_taken":0,"max_hp_gain":0,"max_hp_loss":0,"event_name":"Dead Adventurer","floor":11,"gold_loss":0},{"damage_healed":0,"gold_gain":0,"player_choice":"Ignored","damage_taken":0,"max_hp_gain":0,"max_hp_loss":0,"event_name":"Ghosts","floor":19,"gold_loss":0}],"is_beta":false,"boss_relics":[{"not_picked":["WristBlade","Coffee Dripper"],"picked":"Black Star"}],"items_purged_floors":[3],"is_endless":false,"potions_floor_spawned":[7,12,16],"killed_by":"Shell Parasite","ascension_level":20}}