{"host":"fnlf8nl5agtxb8g8","time":1612317665,"event":{"mods":["Act Like it!","BaseMod","Better Altar","Better Match","Better Note","Better Sensory Stone","Better Skull","Better Third Choice","Better Vampires","Minty Spire (QoL Compilation)","Quick Restart","Rare Cards Sparkle","StSLib","The Jungle","The Senshi"],"gold_per_floor":[119,119,44,9,9,35,115,145,196,196,121,141,159,12,12,113,113,130,229,229,229,239,273,17,43,69,69,85,85,95,128,128,128,128],"floor_reached":33,"language":"ENG","playtime":2071,"items_purged":["theSenshi:SailorBlock"],"score":355,"play_id":"af10a3ed-004d-4fc1-8344-55ebc90570e5","local_time":"20210202200105","is_ascension_mode":true,"campfire_choices":[{"floor":10,"key":"REST"},{"data":"theSenshi:IWillPunishYou","floor":15,"key":"SMITH"},{"data":"theSenshi:IWillPunishYou","floor":29,"key":"SMITH"},{"floor":32,"key":"REST"}],"circlet_count":0,"master_deck":["theSenshi:SailorKick","theSenshi:SailorKick+1","theSenshi:SailorKick+1","theSenshi:SailorBlock","theSenshi:RoseThrow","theSenshi:MoonPrismPowerMakeUp+1","theSenshi:MoonPunch","theSenshi:SupersonicWaves","theSenshi:IWillPunishYou+1","theSenshi:StudyParty","theSenshi:TuxedoMaskAssists+1","Dramatic Entrance","theSenshi:KlutzyLuck","theSenshi:IWillPunishYou+1","theSenshi:SailorJupiterAssists+1"],"relics":["theSenshi:TransformationBroochRelic","Anchor","Ornamental Fan","Sundial","Toy Ornithopter","Centennial Puzzle","PreservedInsect","Busted Crown","MealTicket","InkBottle","Omamori","Whetstone","Dream Catcher"],"acts_visited":["Exordium","TheCity"],"potions_floor_usage":[6,16,22,25,33],"damage_taken":[{"damage":6,"enemies":"Small Slimes","floor":1,"turns":2},{"damage":24,"enemies":"Lagavulin","floor":6,"turns":5},{"damage":22,"enemies":"Gremlin Nob","floor":8,"turns":4},{"damage":0,"enemies":"2 Louse","floor":12,"turns":2},{"damage":0,"enemies":"Cultist","floor":13,"turns":2},{"damage":34,"enemies":"The Guardian","floor":16,"turns":14},{"damage":0,"enemies":"Chosen","floor":18,"turns":4},{"damage":14,"enemies":"Spheric Guardian","floor":22,"turns":4},{"damage":25,"enemies":"Book of Stabbing","floor":23,"turns":5},{"damage":11,"enemies":"Slavers","floor":25,"turns":3},{"damage":7,"enemies":"Shelled Parasite and Fungi","floor":28,"turns":4},{"damage":12,"enemies":"Snake Plant","floor":30,"turns":4},{"damage":10,"enemies":"Book of Stabbing","floor":31,"turns":3},{"damage":40,"enemies":"Automaton","floor":33,"turns":6}],"seed_played":"5857559014562063449","potions_obtained":[{"floor":1,"key":"Fire Potion"},{"floor":8,"key":"SmokeBomb"},{"floor":13,"key":"DuplicationPotion"},{"floor":16,"key":"SkillPotion"},{"floor":23,"key":"EssenceOfSteel"},{"floor":30,"key":"Fire Potion"}],"is_trial":false,"path_per_floor":["M","?","$","?","?","E","T","E","T","R","?","M","M","$","R","B",null,"M","?","?","?","M","E","$","E","T","?","M","R","M","E","R","B"],"character_chosen":"THE_SENSHI","items_purchased":["PreservedInsect","InkBottle"],"campfire_rested":2,"item_purchase_floors":[14,24],"current_hp_per_floor":[62,62,62,68,56,32,32,10,10,30,30,30,30,30,30,1,68,68,68,68,68,54,29,44,38,38,38,31,31,19,9,29,0,0],"gold":128,"neow_bonus":"REMOVE_TWO","is_daily":false,"chose_seed":false,"campfire_upgraded":2,"win_rate":0.0,"timestamp":1612317665,"path_taken":["M","?","$","?","?","E","?","E","T","R","?","?","M","$","R","BOSS","M","?","?","?","M","E","$","E","T","?","M","R","M","E","R","BOSS"],"items_purchased_type":["Relic","Relic"],"build_version":"2020-12-22","purchased_purges":1,"victory":false,"max_hp_per_floor":[68,68,68,68,68,68,68,68,68,68,68,68,68,68,68,68,68,68,68,68,68,68,68,68,68,68,68,68,68,68,68,68,68,68],"card_choices":[{"not_picked":["theSenshi:MoonPower","theSenshi:TallSilhouette"],"picked":"theSenshi:MoonPunch","floor":1},{"not_picked":["theSenshi:EncouragingSpeech","theSenshi:LateForSchool","theSenshi:SailorChibiMoonAssists"],"picked":"SKIP","floor":6},{"not_picked":["theSenshi:LateForSchool","theSenshi:MoonPower"],"picked":"theSenshi:SupersonicWaves","floor":8},{"not_picked":["theSenshi:LunaWiseMentor","theSenshi:MoonPrincessHalation","theSenshi:SailorStarMakerAssists"],"picked":"SKIP","floor":12},{"not_picked":["theSenshi:SailorPlanetAttack","theSenshi:TuxedoSmokingBomber"],"picked":"theSenshi:IWillPunishYou","floor":13},{"not_picked":["theSenshi:ChibiMoonsLove","theSenshi:GlimpseOfThePast"],"picked":"theSenshi:StudyParty","floor":16},{"not_picked":[],"picked":"theSenshi:TuxedoMaskAssists+1","floor":18},{"not_picked":[],"picked":"Dramatic Entrance","floor":20},{"not_picked":["theSenshi:SchoolBag"],"picked":"SKIP","floor":22},{"not_picked":[],"picked":"theSenshi:IWillPunishYou","floor":23},{"not_picked":["theSenshi:GatheringStrength"],"picked":"SKIP","floor":25},{"not_picked":["theSenshi:MoonTiaraMagic+1"],"picked":"SKIP","floor":28},{"not_picked":[],"picked":"theSenshi:SailorJupiterAssists+1","floor":30},{"not_picked":["theSenshi:SailorStarFighterAssists"],"picked":"SKIP","floor":31}],"player_experience":814550,"relics_obtained":[{"floor":6,"key":"Ornamental Fan"},{"floor":7,"key":"Sundial"},{"floor":8,"key":"Toy Ornithopter"},{"floor":9,"key":"Centennial Puzzle"},{"floor":23,"key":"MealTicket"},{"floor":25,"key":"Omamori"},{"floor":26,"key":"Whetstone"},{"floor":31,"key":"Dream Catcher"}],"event_choices":[{"damage_healed":0,"gold_gain":0,"player_choice":"Grow","damage_taken":0,"max_hp_gain":0,"max_hp_loss":0,"event_name":"Living Wall","floor":2,"gold_loss":0,"cards_upgraded":["theSenshi:MoonPrismPowerMakeUp"]},{"damage_healed":17,"gold_gain":0,"player_choice":"Healed","damage_taken":0,"max_hp_gain":0,"max_hp_loss":0,"event_name":"The Cleric","floor":4,"gold_loss":35},{"damage_healed":0,"gold_gain":0,"player_choice":"Relic ","damage_taken":12,"max_hp_gain":0,"max_hp_loss":0,"event_name":"betterThird:BetterScrap","floor":5,"gold_loss":0,"cards_obtained":["Pummel"]},{"damage_healed":0,"gold_gain":0,"player_choice":"3","damage_taken":0,"max_hp_gain":0,"max_hp_loss":0,"event_name":"betterMatch:BetterMatch","floor":11,"gold_loss":0,"cards_obtained":[]},{"damage_healed":0,"gold_gain":99,"player_choice":"Steal","damage_taken":0,"max_hp_gain":0,"max_hp_loss":0,"event_name":"betterThird:BetterNest","floor":19,"gold_loss":0},{"damage_healed":0,"gold_gain":2,"player_choice":"1","damage_taken":0,"max_hp_gain":0,"max_hp_loss":0,"event_name":"betterStone:BetterStone","floor":20,"gold_loss":0},{"damage_healed":0,"gold_gain":0,"player_choice":"Read","damage_taken":0,"max_hp_gain":0,"max_hp_loss":0,"event_name":"The Library","floor":21,"gold_loss":0,"cards_obtained":["theSenshi:KlutzyLuck"]},{"cards_removed":["theSenshi:SailorBlock"],"damage_healed":0,"gold_gain":0,"player_choice":"Purged","damage_taken":0,"max_hp_gain":0,"max_hp_loss":0,"event_name":"Purifier","floor":27,"gold_loss":0}],"is_beta":false,"boss_relics":[{"not_picked":["Sozu","theSenshi:MoonKaleidoScopeRelic"],"picked":"Busted Crown"}],"items_purged_floors":[3],"is_endless":false,"potions_floor_spawned":[1,8,13,16,23,30],"killed_by":"Automaton","ascension_level":3}}