{"host":"mydft8i2zzydgggw","time":1612373990,"event":{"mods":["AchievementEnabler","BaseMod","BetterRewards","Colored Map","Colored Powertips","DeckTracker","Keyboard Shortcuts","Minty Spire (QoL Compilation)","Rare Cards Sparkle","StSLib","SuperFastMode","everything is the same but u backflip on backflip"],"gold_per_floor":[213,163,182,30,30,30,60,60,60,20,30,105,105,123,123,123,123],"floor_reached":16,"language":"KOR","playtime":360,"items_purged":[],"score":127,"play_id":"97307d2d-8e6c-4824-82dd-36e115fae1e9","local_time":"20210204023950","is_ascension_mode":true,"campfire_choices":[{"data":"Sword Boomerang","floor":6.0,"key":"SMITH"},{"floor":8.0,"key":"REST"},{"data":"Armaments","floor":13,"key":"SMITH"},{"data":"Burning Pact","floor":15,"key":"SMITH"}],"circlet_count":0,"master_deck":["Strike_R","Strike_R","Strike_R","Strike_R","Defend_R","Defend_R","Defend_R","Defend_R","Bash","Sword Boomerang+1","Body Slam","Armaments+1","Shrug It Off","Burning Pact+1"],"relics":["Burning Blood","Bag of Preparation","Ornamental Fan","Darkstone Periapt"],"acts_visited":["Exordium"],"potions_floor_usage":[14,16,16,16],"damage_taken":[{"damage":13.0,"enemies":"Jaw Worm","floor":1.0,"turns":4.0},{"damage":0.0,"enemies":"Small Slimes","floor":3.0,"turns":3.0},{"damage":60.0,"enemies":"3 Sentries","floor":7.0,"turns":12.0},{"damage":0.0,"enemies":"2 Louse","floor":11.0,"turns":4.0},{"damage":1,"enemies":"Gremlin Gang","floor":14,"turns":6},{"damage":50,"enemies":"The Guardian","floor":16,"turns":13}],"seed_played":"-7572811964900615849","potions_obtained":[{"floor":7.0,"key":"HeartOfIron"},{"floor":10.0,"key":"Weak Potion"},{"floor":10.0,"key":"FearPotion"},{"floor":14,"key":"SpeedPotion"}],"is_trial":false,"path_per_floor":["M","?","M","$","?","R","E","R","T","?","M","?","R","M","R","B"],"character_chosen":"IRONCLAD","items_purchased":["Bag of Preparation"],"campfire_rested":1,"item_purchase_floors":[4],"current_hp_per_floor":[65,65,71,71,71,71,17,41,41,41,47,39,39,44,44,0,0],"gold":123,"neow_bonus":"HUNDRED_GOLD","is_daily":false,"chose_seed":false,"campfire_upgraded":3,"win_rate":0.0,"timestamp":1612373990,"path_taken":["M","?","M","$","?","R","E","R","T","?","?","?","R","M","R","BOSS"],"items_purchased_type":["Relic"],"build_version":"2020-12-22","purchased_purges":0,"victory":false,"max_hp_per_floor":[80,80,80,80,80,80,80,80,80,80,80,80,80,80,80,80,80],"card_choices":[{"not_picked":["Havoc","Anger"],"picked":"Sword Boomerang","floor":1.0},{"not_picked":["Dual Wield","Sword Boomerang"],"picked":"Body Slam","floor":3.0},{"not_picked":["Anger","Sword Boomerang"],"picked":"Armaments","floor":7.0},{"not_picked":["Reckless Charge","Metallicize"],"picked":"Shrug It Off","floor":11.0},{"not_picked":["Heavy Blade","Rupture"],"picked":"Burning Pact","floor":14}],"player_experience":228867,"relics_obtained":[{"floor":7.0,"key":"Ornamental Fan"},{"floor":9.0,"key":"Darkstone Periapt"}],"event_choices":[{"cards_removed":["Strike_R"],"damage_healed":0.0,"max_hp_gain":0.0,"max_hp_loss":0.0,"gold_gain":0.0,"event_name":"The Cleric","player_choice":"Card Removal","floor":2.0,"gold_loss":50.0,"damage_taken":0.0},{"damage_healed":0.0,"max_hp_gain":0.0,"max_hp_loss":0.0,"gold_gain":0.0,"event_name":"Liars Game","player_choice":"Ignored","floor":5.0,"gold_loss":0.0,"damage_taken":0.0},{"damage_healed":0.0,"max_hp_gain":0.0,"max_hp_loss":0.0,"gold_gain":0.0,"event_name":"The Woman in Blue","player_choice":"Bought 3 Potions","floor":10.0,"gold_loss":0.0,"damage_taken":0.0},{"damage_healed":0,"gold_gain":75,"player_choice":"Touch","damage_taken":8,"max_hp_gain":0,"max_hp_loss":0,"event_name":"FaceTrader","floor":12,"gold_loss":0}],"is_beta":false,"boss_relics":[],"items_purged_floors":[],"is_endless":false,"potions_floor_spawned":[7,14],"killed_by":"The Guardian","ascension_level":6}}