{"host":"fdq5pmhluajjrf8d","time":1607466497,"event":{"gold_per_floor":[119,133,208,227,227,227,241,251,251,286,304,52,113,131,131,131,131],"floor_reached":16,"playtime":607,"items_purged":[],"score":203,"play_id":"6cde3fca-a4c7-440e-b868-a3828d93e69c","local_time":"20201208172817","is_ascension_mode":true,"campfire_choices":[{"data":"Sunder","floor":6,"key":"SMITH"},{"data":"Blizzard","floor":15,"key":"SMITH"}],"neow_cost":"TEN_PERCENT_HP_LOSS","seed_source_timestamp":455528554657600,"circlet_count":0,"master_deck":["AscendersBane","Strike_B","Strike_B","Strike_B","Strike_B","Defend_B","Defend_B","Defend_B","Defend_B","Zap","Dualcast","Skim","Sunder+1","Barrage","All For One","Beam Cell","Chill+1","Sweeping Beam","Blizzard+1","Cold Snap"],"relics":["Cracked Core","Bird Faced Urn","Boot","Toxic Egg 2","Du-Vu Doll","Runic Capacitor"],"potions_floor_usage":[10,10],"damage_taken":[{"damage":4,"enemies":"Small Slimes","floor":1,"turns":3},{"damage":0,"enemies":"2 Louse","floor":2,"turns":4},{"damage":9,"enemies":"Jaw Worm","floor":4,"turns":4},{"damage":12,"enemies":"Looter","floor":7,"turns":3},{"damage":0,"enemies":"2 Fungi Beasts","floor":8,"turns":2},{"damage":8,"enemies":"Gremlin Nob","floor":10,"turns":3},{"damage":0,"enemies":"Large Slime","floor":11,"turns":4},{"damage":0,"enemies":"Lots of Slimes","floor":14,"turns":2},{"damage":26,"enemies":"Hexaghost","floor":16,"turns":9}],"seed_played":"-2959358544734828808","potions_obtained":[{"floor":2,"key":"Strength Potion"},{"floor":7,"key":"Regen Potion"}],"is_trial":false,"path_per_floor":["M","M","?","M","?","R","M","M","T","E","M","$","?","M","R","B"],"character_chosen":"DEFECT","items_purchased":["Runic Capacitor","Blizzard"],"campfire_rested":0,"item_purchase_floors":[12,12],"current_hp_per_floor":[60,60,49,40,35,35,23,23,23,24,24,24,24,24,24,0,0],"gold":131,"neow_bonus":"ONE_RARE_RELIC","is_prod":false,"is_daily":false,"chose_seed":false,"campfire_upgraded":2,"win_rate":0,"timestamp":1607466497,"path_taken":["M","M","?","M","?","R","M","M","T","E","M","$","?","M","R","BOSS"],"build_version":"2020-11-30","purchased_purges":0,"victory":false,"max_hp_per_floor":[64,64,64,64,64,64,64,64,64,64,64,64,64,64,64,64,64],"card_choices":[{"not_picked":["Steam","Gash"],"picked":"Skim","floor":1},{"not_picked":["Conserve Battery","Go for the Eyes"],"picked":"Sunder","floor":2},{"not_picked":["Reprogram","Go for the Eyes"],"picked":"Barrage","floor":4},{"not_picked":["Compile Driver","Barrage"],"picked":"All For One","floor":7},{"not_picked":["Tempest","Static Discharge"],"picked":"Beam Cell","floor":8},{"not_picked":["Tempest+1","Ball Lightning"],"picked":"Chill+1","floor":10},{"not_picked":["Cold Snap","Conserve Battery+1"],"picked":"Sweeping Beam","floor":11},{"not_picked":["Steam+1","Capacitor"],"picked":"Cold Snap","floor":14}],"player_experience":1814638,"relics_obtained":[{"floor":9,"key":"Toxic Egg 2"},{"floor":10,"key":"Du-Vu Doll"}],"event_choices":[{"damage_healed":0,"gold_gain":75,"player_choice":"Gather Gold","damage_taken":11,"max_hp_gain":0,"max_hp_loss":0,"event_name":"World of Goop","floor":3,"gold_loss":0},{"damage_healed":0,"gold_gain":0,"player_choice":"Success","damage_taken":5,"relics_obtained":["Boot"],"max_hp_gain":0,"max_hp_loss":0,"event_name":"Scrap Ooze","floor":5,"gold_loss":0},{"damage_healed":0,"gold_gain":61,"player_choice":"Gained Gold","damage_taken":0,"max_hp_gain":0,"max_hp_loss":0,"event_name":"Golden Wing","floor":13,"gold_loss":0}],"is_beta":false,"boss_relics":[],"items_purged_floors":[],"is_endless":false,"potions_floor_spawned":[2,7,8],"killed_by":"Hexaghost","ascension_level":19}}