{"host":"l4jj3li0klahglqo","time":1607463315,"event":{"gold_per_floor":[110,123,134,134,134,134,152,152,152,152,152,183,195,227,227,324,324,241,241,16,16,52,89,111,111,111],"floor_reached":25,"playtime":1559,"items_purged":["CommonCold"],"score":286,"play_id":"c8d738e4-e809-4f7e-90fa-c6a2f09dde7f","local_time":"20201208153515","is_ascension_mode":true,"campfire_choices":[{"data":"ReplayTheSpireMod:Private Reserves","floor":6,"key":"SMITH"},{"data":"Masterful Stab","floor":8,"key":"SMITH"},{"data":"Glass Knife","floor":11,"key":"SMITH"}],"neow_cost":"NONE","seed_source_timestamp":622033453773400,"circlet_count":0,"master_deck":["Strike_G+1","Strike_G","Strike_G","Strike_G","Defend_G","Defend_G","Defend_G","Defend_G","Defend_G","Survivor","Neutralize","Poisoned Stab","Poisoned Stab","Masterful Stab+1","hubris:Counter","Skewer+1","Glass Knife+1","ReplayTheSpireMod:Private Reserves+1","Concentrate","Flying Knee","animator:Envy","animator:LeleiLaLalena","Poison Darts","Adrenaline","Hallucinations","ReplayTheSpireMod:Necrosis","Flash of Steel","Replay:Sssssssssshield","Mind Blast","hubris:Insight","Draining Mist","animator:Mitsurugi"],"relics":["Ring of the Snake","hubris:DisguiseKit","Letter Opener","Chameleon Ring","Replay:Ancient Bell","Snake Skull","infinitespire:ShieldingShard","FossilizedHelix","ReplayTheSpireMod:Ring of Exchange","ReplayTheSpireMod:Ring of Challenge","CeramicFish","Darkstone Periapt"],"potions_floor_usage":[7,14,16,18,23,23],"damage_taken":[{"damage":10,"enemies":"infinitespire:Voidling","floor":1,"turns":4},{"damage":7,"enemies":"Jaw Worm","floor":2,"turns":4},{"damage":3,"enemies":"conspire:RoseBush","floor":3,"turns":3},{"damage":8,"enemies":"Exordium Thugs","floor":7,"turns":3},{"damage":8,"enemies":"Gremlin Nob","floor":12,"turns":3},{"damage":2,"enemies":"Large Slime","floor":13,"turns":4},{"damage":12,"enemies":"3 Sentries","floor":14,"turns":6},{"damage":3,"enemies":"Hexaghost","floor":16,"turns":7},{"damage":0,"enemies":"3 Byrds","floor":18,"turns":5},{"damage":6,"enemies":"Nightmare","floor":23,"turns":5},{"damage":0,"enemies":"2 Thieves","floor":24,"turns":3},{"damage":25,"enemies":"Slavers","floor":25,"turns":2}],"seed_played":"-35040049285656200","potions_obtained":[{"floor":3,"key":"ColorlessPotion"},{"floor":13,"key":"SkillPotion"},{"floor":15,"key":"CultistPotion"},{"floor":15,"key":"conspire:TimeTravelPotion"},{"floor":16,"key":"ColorlessPotion"}],"is_trial":false,"path_per_floor":["M","M","M","?","?","R","M","R","T","?","R","E","M","E","R","B",null,"M","?","$","?","?","NM","M","E"],"character_chosen":"THE_SILENT","items_purchased":["CeramicFish"],"campfire_rested":0,"item_purchase_floors":[20],"current_hp_per_floor":[69,62,59,59,59,59,51,51,51,51,51,43,41,29,29,26,59,59,59,59,59,17,17,17,0,0],"gold":111,"neow_bonus":"THREE_CARDS","is_prod":false,"is_daily":false,"chose_seed":false,"campfire_upgraded":3,"win_rate":0,"timestamp":1607463315,"path_taken":["M","M","?","?","?","R","?","R","T","?","R","E","M","E","R","BOSS","M","?","$","?","?","NM","M","E"],"build_version":"2020-11-30","purchased_purges":1,"victory":false,"max_hp_per_floor":[70,70,70,70,70,70,70,70,70,70,70,70,70,70,70,70,70,70,70,70,70,70,70,70,70,70],"card_choices":[{"not_picked":["Deadly Poison","Dodge and Roll"],"picked":"Poisoned Stab","floor":0},{"not_picked":["Backflip","Heel Hook"],"picked":"Poisoned Stab","floor":1},{"not_picked":["Choke","Fluid Movement"],"picked":"Masterful Stab","floor":2},{"not_picked":["Underhanded Strike","Cloak And Dagger"],"picked":"hubris:Counter","floor":3},{"not_picked":["Prepared","Hidden Blade"],"picked":"Flying Knee","floor":7},{"not_picked":["Hidden Blade","Calculated Gamble","Backflip"],"picked":"animator:Envy","floor":12},{"not_picked":["Hidden Blade","conspire:DoublingDagger","Tactician"],"picked":"animator:LeleiLaLalena","floor":13},{"not_picked":["Choke","ReplayTheSpireMod:The Works","animator:EmiyaShirou"],"picked":"Poison Darts","floor":14},{"not_picked":["Phantasmal Killer","infinitespire:Neurotoxin","animator:MadokaKaname"],"picked":"Adrenaline","floor":16},{"not_picked":["infinitespire:Pacifist","Injury","Spreading Infection"],"picked":"Hallucinations","floor":17},{"not_picked":["ReplayTheSpireMod:Restless Dread","Decay","hubris:Envy"],"picked":"ReplayTheSpireMod:IOU","floor":17},{"not_picked":["conspire:Blindness","Parasite","hubris:Lust"],"picked":"CommonCold","floor":17},{"not_picked":["Quick Slash","conspire:DoublingDagger","animator:FielNirvalen"],"picked":"ReplayTheSpireMod:Necrosis","floor":18},{"not_picked":["Flying Knee+1","Accuracy","animator:YuiTsuruno"],"picked":"Draining Mist","floor":23},{"not_picked":["Blade Dance","Dagger Spray","Deadly Poison"],"picked":"animator:Mitsurugi","floor":24}],"player_experience":1143648,"relics_obtained":[{"floor":9,"key":"hubris:DisguiseKit"},{"floor":12,"key":"Letter Opener"},{"floor":14,"key":"Chameleon Ring"},{"floor":19,"key":"ReplayTheSpireMod:Ring of Exchange"},{"floor":19,"key":"ReplayTheSpireMod:Ring of Challenge"},{"floor":23,"key":"Darkstone Periapt"}],"event_choices":[{"damage_healed":0,"gold_gain":0,"player_choice":"3 cards matched","damage_taken":0,"max_hp_gain":0,"max_hp_loss":0,"event_name":"Match and Keep!","floor":5,"gold_loss":0,"cards_obtained":["Glass Knife","ReplayTheSpireMod:Private Reserves","Concentrate"]},{"damage_healed":0,"gold_gain":0,"player_choice":"CARD CARD CARD CARD POTION ","damage_taken":42,"max_hp_gain":0,"max_hp_loss":0,"event_name":"Knowing Skull","floor":22,"potions_obtained":["Strength Potion"],"gold_loss":0,"cards_obtained":["Flash of Steel","Replay:Sssssssssshield","Mind Blast","hubris:Insight"]}],"is_beta":false,"boss_relics":[{"not_picked":["Ectoplasm","Velvet Choker"],"picked":"Replay:Ancient Bell"},{"not_picked":["Dream Catcher","hubris:AncientText"],"picked":"Snake Skull"},{"not_picked":["hubris:BottledRain","conspire:BottledYoYo"],"picked":"infinitespire:ShieldingShard"},{"not_picked":["infinitespire:Joker Card","Thread and Needle"],"picked":"FossilizedHelix"}],"items_purged_floors":[20],"is_endless":false,"potions_floor_spawned":[3,13,16],"killed_by":"Slavers","ascension_level":5}}