{"host":"a484oiac96svwyi6","time":1607467576,"event":{"gold_per_floor":[189,189,256,323,323,407,407,407,487,504,571,588,588,588,588,689,689,689],"floor_reached":17,"playtime":1665,"items_purged":[],"score":157,"play_id":"af6017b2-50ad-4bf4-ba26-7b0507745707","local_time":"20201208174616","is_ascension_mode":false,"campfire_choices":[{"data":"theDuelist:PowerKaishin","floor":7,"key":"SMITH"},{"data":"theDuelist:SwordDeepSeated","floor":13,"key":"SMITH"},{"floor":15,"key":"REST"}],"neow_cost":"NONE","seed_source_timestamp":751475676066400,"circlet_count":0,"master_deck":["theDuelist:BeaverWarrior","theDuelist:BeaverWarrior","theDuelist:CastleWalls","theDuelist:CastleWalls","theDuelist:FinalFlame","theDuelist:GiantSoldier","theDuelist:GiantSoldier","theDuelist:GoldenSparks","theDuelist:ScrapFactory","theDuelist:Sparks","theDuelist:MeteorDestruction","theDuelist:PowerKaishin+1","theDuelist:GravityAxe","theDuelist:SwordDeepSeated+1","theDuelist:SwordsConcealing","theDuelist:ElectromagneticShield","theDuelist:Terraforming","theDuelist:GridRod","relicPack:ZaWorld"],"relics":["theDuelist:MillenniumPuzzle","theDuelist:CardPoolRelic","theDuelist:CardPoolBasicRelic","theDuelist:BoosterPackPoolRelic","theDuelist:CardPoolAddRelic","theDuelist:CardPoolMinusRelic","theDuelist:CardPoolSaveRelic","theDuelist:CardPoolOptionsRelic","HowToJump","Ancient Tea Set","Replay:WaspNest","theDuelist:MetronomeRelicB","relicPack:StarArrow"],"potions_floor_usage":[],"damage_taken":[{"damage":0,"enemies":"2 Louse","floor":1,"turns":4},{"damage":0,"enemies":"Jaw Worm","floor":3,"turns":5},{"damage":0,"enemies":"conspire:RoseBush","floor":4,"turns":2},{"damage":18,"enemies":"3 Sentries","floor":6,"turns":8},{"damage":11,"enemies":"conspire:2 RoseBushes","floor":10,"turns":4},{"damage":0,"enemies":"Gremlin Gang","floor":11,"turns":4},{"damage":6,"enemies":"Red Slaver","floor":12,"turns":4},{"damage":21,"enemies":"Slime Boss","floor":16,"turns":8}],"seed_played":"-667438846939812893","potions_obtained":[{"floor":3,"key":"theDuelist:WhiteBottle"},{"floor":10,"key":"AttackPotion"},{"floor":11,"key":"Strength Potion"}],"is_trial":false,"path_per_floor":["M","?","M","M","$","E","R","$","T","M","M","M","R","?","R_BF","B",null],"character_chosen":"THE_DUELIST","items_purchased":[],"campfire_rested":1,"item_purchase_floors":[],"current_hp_per_floor":[88,88,88,88,88,70,70,70,70,59,59,53,53,47,73,52,88,88],"gold":689,"neow_bonus":"TEN_PERCENT_HP_BONUS","is_prod":false,"is_daily":false,"chose_seed":false,"campfire_upgraded":2,"win_rate":0.0,"timestamp":1607467576,"path_taken":["M","?","M","M","$","E","R","?","T","?","M","M","R","?","R_BF","BOSS"],"build_version":"2020-11-30","purchased_purges":0,"victory":false,"max_hp_per_floor":[88,88,88,88,88,88,88,88,88,88,88,88,88,88,88,88,88,88],"relic_stats":{"counters":[8,39],"obtain_stats":[{"HowToJump":0,"relicPack:StarArrow":17,"Replay:WaspNest":6,"theDuelist:MillenniumPuzzle":0,"theDuelist:CardPoolSaveRelic":0,"Ancient Tea Set":2,"theDuelist:BoosterPackPoolRelic":0,"theDuelist:CardPoolMinusRelic":0,"theDuelist:CardPoolBasicRelic":0,"theDuelist:CardPoolAddRelic":0,"theDuelist:CardPoolOptionsRelic":0,"theDuelist:MetronomeRelicB":14,"theDuelist:CardPoolRelic":0},{"HowToJump":0,"relicPack:StarArrow":8,"Replay:WaspNest":4,"theDuelist:MillenniumPuzzle":0,"theDuelist:CardPoolSaveRelic":0,"Ancient Tea Set":1,"theDuelist:BoosterPackPoolRelic":0,"theDuelist:CardPoolMinusRelic":0,"theDuelist:CardPoolBasicRelic":0,"theDuelist:CardPoolAddRelic":0,"theDuelist:CardPoolOptionsRelic":0,"theDuelist:MetronomeRelicB":7,"theDuelist:CardPoolRelic":0},{"HowToJump":0,"relicPack:StarArrow":39,"Replay:WaspNest":19,"theDuelist:MillenniumPuzzle":0,"theDuelist:CardPoolSaveRelic":0,"Ancient Tea Set":4,"theDuelist:BoosterPackPoolRelic":0,"theDuelist:CardPoolMinusRelic":0,"theDuelist:CardPoolBasicRelic":0,"theDuelist:CardPoolAddRelic":0,"theDuelist:CardPoolOptionsRelic":0,"theDuelist:MetronomeRelicB":31,"theDuelist:CardPoolRelic":0}]},"card_choices":[{"not_picked":["theDuelist:Hinotama","theDuelist:DoubleTool","theDuelist:RainbowNeos","theDuelist:LegendarySword"],"picked":"theDuelist:MeteorDestruction","floor":1},{"not_picked":["theDuelist:CoreBlaster","theDuelist:AfterTheStorm","theDuelist:SpiritHarp","theDuelist:SpellShatteringArrow"],"picked":"theDuelist:PowerKaishin","floor":3},{"not_picked":["theDuelist:Hinotama","theDuelist:CombinationAttack","theDuelist:PowerKaishin","theDuelist:Downbeat"],"picked":"theDuelist:GravityAxe","floor":4},{"not_picked":["theDuelist:MeteorDestruction","theDuelist:Tuningware","theDuelist:SpiritHarp","theDuelist:AssaultArmor"],"picked":"theDuelist:SwordDeepSeated","floor":6},{"not_picked":["theDuelist:SevenCompleted","theDuelist:InstantFusion"],"picked":"theDuelist:SwordsConcealing","floor":10},{"not_picked":["theDuelist:FusionWeapon","theDuelist:CircleFireKings","theDuelist:FrontierWiseman","theDuelist:GravityAxe"],"picked":"theDuelist:ElectromagneticShield","floor":11},{"not_picked":["theDuelist:WormWarlord","theDuelist:GemArmadillo","theDuelist:WeepingIdol","theDuelist:OneForOne"],"picked":"theDuelist:Terraforming","floor":12},{"not_picked":["theDuelist:SwordsConcealing","theDuelist:LightLaser","theDuelist:AmuletAmbition","theDuelist:Mathematician"],"picked":"theDuelist:GridRod","floor":16}],"player_experience":239311,"relics_obtained":[{"floor":2,"key":"Ancient Tea Set"},{"floor":6,"key":"Replay:WaspNest"}],"event_choices":[{"damage_healed":0,"gold_gain":0,"player_choice":"Dig - random Duelist relic","duelist":true,"damage_taken":0,"max_hp_gain":0,"max_hp_loss":0,"event_name":"Aknamkanon\u0027s Tomb","floor":14,"gold_loss":0}],"is_beta":false,"boss_relics":[{"not_picked":["vexMod:EndlessSickness","hubris:TerracottaHorce"],"picked":"relicPack:StarArrow"}],"items_purged_floors":[],"is_endless":false,"potions_floor_spawned":[3,10,11],"ascension_level":0}}