{"host":"m6aaltr68g9tvoay","time":1607470557,"event":{"gold_per_floor":[111,111,36,51,69,69,81,108,108,108,108,4,4,36,36,113,113,124,124,35,85,100,127,127,127,127],"floor_reached":25,"playtime":920,"items_purged":["Strike_G"],"score":431,"play_id":"c8873899-415c-46e6-a4f7-43056d43ff76","local_time":"20201208153557","is_ascension_mode":true,"campfire_choices":[{"floor":6,"key":"REST"},{"floor":10,"key":"REST"},{"floor":13,"key":"REST"},{"data":"Neutralize","floor":15,"key":"SMITH"},{"floor":24,"key":"REST"}],"neow_cost":"NONE","seed_source_timestamp":249917348484200,"circlet_count":0,"master_deck":["AscendersBane","Strike_G","Strike_G","Strike_G","Strike_G","Defend_G","Defend_G","Defend_G","Defend_G","Defend_G","Survivor","Neutralize+1","Blur","Deflect","Heel Hook","All Out Attack","Reflex","Dagger Throw","PiercingWail","A Thousand Cuts","Sucker Punch","Blind","Dagger Spray+1"],"relics":["Ring of the Snake","Bronze Scales","Letter Opener","Centennial Puzzle","Bottled Lightning","StoneCalendar","Philosopher\u0027s Stone","MutagenicStrength","FossilizedHelix"],"potions_floor_usage":[8,14,16,22,23,25],"damage_taken":[{"damage":2,"enemies":"Small Slimes","floor":1,"turns":4},{"damage":0,"enemies":"2 Louse","floor":4,"turns":3},{"damage":0,"enemies":"Jaw Worm","floor":5,"turns":4},{"damage":6,"enemies":"Exordium Wildlife","floor":7,"turns":5},{"damage":38,"enemies":"Lagavulin","floor":8,"turns":8},{"damage":8,"enemies":"Gremlin Nob","floor":14,"turns":3},{"damage":21,"enemies":"Hexaghost","floor":16,"turns":12},{"damage":22,"enemies":"Spheric Guardian","floor":18,"turns":5},{"damage":6,"enemies":"2 Thieves","floor":22,"turns":3},{"damage":12,"enemies":"Gremlin Leader","floor":23,"turns":7},{"damage":38,"enemies":"Book of Stabbing","floor":25,"turns":5}],"seed_played":"-7108792194658604296","potions_obtained":[{"floor":4,"key":"CunningPotion"},{"floor":8,"key":"FearPotion"},{"floor":14,"key":"Weak Potion"},{"floor":16,"key":"Strength Potion"},{"floor":18,"key":"SkillPotion"},{"floor":23,"key":"DuplicationPotion"}],"is_trial":false,"path_per_floor":["M","?","?","M","M","R","M","E","T","R","?","$","R","E","R","B",null,"M","?","$","?","M","E","R","E"],"character_chosen":"THE_SILENT","items_purchased":["Dagger Throw","Blind"],"campfire_rested":4,"item_purchase_floors":[12,20],"current_hp_per_floor":[57,39,39,39,39,58,52,14,14,33,33,33,52,44,44,23,55,33,33,33,33,27,15,34,0,0],"gold":127,"neow_bonus":"RANDOM_COMMON_RELIC","is_prod":false,"is_daily":false,"chose_seed":false,"campfire_upgraded":1,"win_rate":0,"timestamp":1607470557,"path_taken":["M","?","?","M","M","R","M","E","T","R","?","$","R","E","R","BOSS","M","?","$","?","M","E","R","E"],"build_version":"2020-11-30","purchased_purges":1,"victory":false,"max_hp_per_floor":[66,66,66,66,66,66,66,66,66,66,66,66,66,66,66,66,66,66,66,66,66,66,66,66,66,66],"card_choices":[{"not_picked":["Poisoned Stab","Outmaneuver"],"picked":"Blur","floor":1},{"not_picked":["Outmaneuver","Eviscerate"],"picked":"Deflect","floor":4},{"not_picked":["Expertise","Choke"],"picked":"Heel Hook","floor":5},{"not_picked":["Night Terror","Footwork"],"picked":"All Out Attack","floor":7},{"not_picked":["Concentrate","Riddle With Holes"],"picked":"Reflex","floor":8},{"not_picked":["Crippling Poison","Cloak And Dagger"],"picked":"PiercingWail","floor":14},{"not_picked":["Venomology","Tools of the Trade"],"picked":"A Thousand Cuts","floor":16},{"not_picked":["Prepared+1","Bane"],"picked":"Sucker Punch","floor":18},{"not_picked":["Dagger Throw","Deadly Poison"],"picked":"Dagger Spray+1","floor":22},{"not_picked":["Dagger Throw+1","Bane","Endless Agony"],"picked":"SKIP","floor":23}],"player_experience":1199375,"relics_obtained":[{"floor":8,"key":"Centennial Puzzle"},{"floor":9,"key":"Bottled Lightning"},{"floor":14,"key":"StoneCalendar"},{"floor":23,"key":"FossilizedHelix"}],"event_choices":[{"damage_healed":0,"gold_gain":0,"player_choice":"Success","damage_taken":18,"relics_obtained":["Letter Opener"],"max_hp_gain":0,"max_hp_loss":0,"event_name":"Scrap Ooze","floor":2,"gold_loss":0},{"damage_healed":0,"gold_gain":0,"player_choice":"Left Gold","damage_taken":0,"max_hp_gain":0,"max_hp_loss":0,"event_name":"World of Goop","floor":3,"gold_loss":75},{"damage_healed":0,"gold_gain":0,"player_choice":"Ignored","damage_taken":0,"max_hp_gain":0,"max_hp_loss":0,"event_name":"Shining Light","floor":11,"gold_loss":0},{"damage_healed":0,"gold_gain":0,"player_choice":"Inject Mutagens","damage_taken":0,"relics_obtained":["MutagenicStrength"],"max_hp_gain":0,"max_hp_loss":0,"event_name":"Drug Dealer","floor":19,"gold_loss":0},{"damage_healed":0,"gold_gain":50,"player_choice":"Stole From Cult","damage_taken":0,"max_hp_gain":0,"max_hp_loss":0,"event_name":"Nest","floor":21,"gold_loss":0}],"is_beta":false,"boss_relics":[{"not_picked":["Fusion Hammer","Velvet Choker"],"picked":"Philosopher\u0027s Stone"}],"items_purged_floors":[12],"is_endless":false,"potions_floor_spawned":[4,8,14,16,18,23],"killed_by":"Book of Stabbing","ascension_level":18}}