{"host":"pt1z5qzak3tiw32n","time":1607471169,"event":{"gold_per_floor":[117,117,117,267,288,328,328,366,393,393,65,65,65,78,78,78,78],"floor_reached":16,"playtime":626,"items_purged":["Doubt"],"score":248,"play_id":"b95e6126-8ade-4aac-a7d5-28936b11f685","local_time":"20201208184609","is_ascension_mode":true,"campfire_choices":[{"data":"Fission","floor":7.0,"key":"SMITH"},{"floor":12.0,"key":"REST"},{"data":"Zap","floor":15,"key":"SMITH"}],"neow_cost":"NONE","seed_source_timestamp":375848910151500,"circlet_count":0,"master_deck":["AscendersBane","Strike_B","Strike_B","Strike_B","Strike_B","Defend_B","Defend_B","Defend_B","Defend_B","Zap+1","Dualcast","Ball Lightning","Go for the Eyes","Fission+1","Coolheaded","Turbo","Hologram","Coolheaded","Parasite","Self Repair"],"special_seed":0,"relics":["Cracked Core","NeowsBlessing","Dream Catcher","Golden Idol","Gremlin Horn","Bag of Preparation","Potion Belt","Spirit Poop","Sling"],"potions_floor_usage":[16],"damage_taken":[{"damage":0.0,"enemies":"Jaw Worm","floor":1.0,"turns":1.0},{"damage":0.0,"enemies":"2 Louse","floor":5.0,"turns":1.0},{"damage":0.0,"enemies":"3 Sentries","floor":6.0,"turns":1.0},{"damage":33.0,"enemies":"Lagavulin","floor":8.0,"turns":7.0},{"damage":0,"enemies":"Small Slimes","floor":14,"turns":3},{"damage":47,"enemies":"Slime Boss","floor":16,"turns":8}],"seed_played":"-8142115568249222723","potions_obtained":[{"floor":8.0,"key":"FocusPotion"},{"floor":14,"key":"Regen Potion"}],"is_trial":false,"path_per_floor":["M","?","?","?","M","E","R","E","T","?","$","R","?","M","R","B"],"character_chosen":"DEFECT","items_purchased":["Sling","Turbo","Hologram"],"campfire_rested":1,"item_purchase_floors":[11,11,11],"current_hp_per_floor":[64,64,40,40,40,40,40,7,7,7,7,28,45,45,45,0,0],"gold":78,"neow_bonus":"THREE_ENEMY_KILL","is_prod":false,"is_daily":false,"chose_seed":false,"campfire_upgraded":2,"win_rate":0,"timestamp":1607471169,"path_taken":["M","?","?","?","?","E","R","E","T","?","?","R","?","M","R","BOSS"],"build_version":"2020-11-30","purchased_purges":1,"victory":false,"max_hp_per_floor":[71,71,71,71,71,71,71,71,71,71,71,71,71,71,71,71,71],"card_choices":[{"not_picked":["Rebound","FTL"],"picked":"Ball Lightning","floor":1.0},{"not_picked":["Compile Driver","Sweeping Beam"],"picked":"Go for the Eyes","floor":5.0},{"not_picked":["Conserve Battery","Sweeping Beam"],"picked":"Fission","floor":6.0},{"not_picked":["Beam Cell","Biased Cognition"],"picked":"Coolheaded","floor":8.0},{"not_picked":["Stack","Barrage"],"picked":"Coolheaded","floor":12.0},{"not_picked":["Aggregate","Leap"],"picked":"Self Repair","floor":14}],"player_experience":613038,"relics_obtained":[{"floor":6.0,"key":"Gremlin Horn"},{"floor":8.0,"key":"Bag of Preparation"},{"floor":9.0,"key":"Potion Belt"}],"event_choices":[{"damage_healed":0.0,"max_hp_gain":0.0,"max_hp_loss":0.0,"gold_gain":0.0,"event_name":"Big Fish","player_choice":"Box","floor":2.0,"gold_loss":0.0,"damage_taken":0.0,"relics_obtained":["Dream Catcher"],"cards_obtained":["Regret"]},{"damage_healed":0.0,"max_hp_gain":0.0,"max_hp_loss":0.0,"gold_gain":0.0,"event_name":"Golden Idol","player_choice":"Take Damage","floor":3.0,"gold_loss":0.0,"damage_taken":24.0,"relics_obtained":["Golden Idol"]},{"damage_healed":0.0,"max_hp_gain":0.0,"max_hp_loss":0.0,"gold_gain":150.0,"event_name":"Liars Game","player_choice":"AGREE","floor":4.0,"gold_loss":0.0,"damage_taken":0.0,"cards_obtained":["Doubt"]},{"cards_removed":["Regret"],"damage_healed":0.0,"max_hp_gain":0.0,"max_hp_loss":0.0,"gold_gain":0.0,"event_name":"Bonfire Elementals","player_choice":"Offered Curse","floor":10.0,"gold_loss":0.0,"damage_taken":0.0,"relics_obtained":["Spirit Poop"]},{"damage_healed":17,"gold_gain":0,"player_choice":"Healed and dodged fight","damage_taken":0,"max_hp_gain":0,"max_hp_loss":0,"event_name":"Mushrooms","floor":13,"gold_loss":0,"cards_obtained":["Parasite"]}],"is_beta":false,"boss_relics":[],"items_purged_floors":[11],"is_endless":false,"potions_floor_spawned":[8,14],"killed_by":"Slime Boss","ascension_level":18}}