{"host":"mcmecz6ns48biz64","time":1607468656,"event":{"gold_per_floor":[116,131,81,97,97,97,127,127,197,197,214,214,225,225,225,225,225],"floor_reached":16,"playtime":292,"items_purged":["Strike_R","Strike_R"],"score":200,"play_id":"20bae426-a9a8-4580-9a66-a000c62fc9ea","local_time":"20201208180416","is_ascension_mode":true,"campfire_choices":[{"data":"DDmod:EasePowerCard","floor":6,"key":"SMITH"},{"data":"DDmod:PlatedThornsSkill","floor":8,"key":"SMITH"},{"data":"Rage","floor":10,"key":"SMITH"},{"floor":15,"key":"REST"}],"neow_cost":"","seed_source_timestamp":140118157937699,"circlet_count":0,"master_deck":["AscendersBane","Strike_R","Strike_R+1","Defend_R","Defend_R","Defend_R","Defend_R","Bash","DDmod:SpikeMailSkill","ReplayTheSpireMod:Strike From Hell","Cleave","Havoc","DDmod:EasePowerCard+1","Havoc","Rage+1","DDmod:PlatedThornsSkill+1","StuffTheSpire:Incineration","DDmod:EasePowerCard"],"special_seed":0,"relics":["Burning Blood","StuffTheSpire:DarkSteelAnvil","conspire:InfiniteJournal","Membership Card","conspire:Dentures","Art of War","conspire:Boomerang","infinitespire:Lucky Rock","StuffTheSpire:PointBlank"],"potions_floor_usage":[7,7,16],"damage_taken":[{"damage":14,"enemies":"Jaw Worm","floor":1,"turns":4},{"damage":15,"enemies":"Small Slimes","floor":2,"turns":3},{"damage":0,"enemies":"Cultist","floor":4,"turns":3},{"damage":28,"enemies":"Gremlin Nob","floor":7,"turns":4},{"damage":24,"enemies":"Blue Slaver","floor":11,"turns":4},{"damage":16,"enemies":"Looter","floor":13,"turns":2},{"damage":105,"enemies":"Fading Forest","floor":16,"turns":8}],"seed_played":"3829934290036185111","potions_obtained":[{"floor":1,"key":"Adrenaline Potion"},{"floor":2,"key":"Guardian:BlockOnCardUsePotion"},{"floor":7,"key":"sneckomod:MuddlingPotion"},{"floor":13,"key":"Weak Potion"}],"is_trial":false,"path_per_floor":["M","M","$","M","?","R","E","R","T","R","M","?","M","?","R","B"],"character_chosen":"IRONCLAD","items_purchased":["Membership Card","conspire:Dentures","Art of War","DDmod:SpikeMailSkill","ReplayTheSpireMod:Strike From Hell","Cleave","conspire:Boomerang","Havoc","DDmod:EasePowerCard"],"campfire_rested":1,"item_purchase_floors":[0,0,0,0,0,0,0,0,0],"current_hp_per_floor":[60,51,51,57,57,57,41,41,41,41,23,23,13,17,39,0,0],"gold":225,"neow_bonus":"","is_prod":false,"is_daily":false,"chose_seed":false,"campfire_upgraded":3,"win_rate":0,"timestamp":1607468656,"path_taken":["M","M","$","M","?","R","E","R","T","R","M","?","?","?","R","BOSS"],"build_version":"2020-11-30","purchased_purges":2,"victory":false,"max_hp_per_floor":[75,75,75,75,75,75,75,75,75,75,75,75,75,75,75,75,75],"card_choices":[{"not_picked":["Twin Strike","Body Slam","Perfected Strike"],"picked":"SKIP","floor":1},{"not_picked":["Dual Wield","Body Slam"],"picked":"Havoc","floor":2},{"not_picked":["Shrug It Off","Cleave"],"picked":"Rage","floor":4},{"not_picked":["Intimidate","True Grit"],"picked":"DDmod:PlatedThornsSkill","floor":7},{"not_picked":["Heavy Blade","Uppercut"],"picked":"StuffTheSpire:Incineration","floor":11},{"not_picked":["Clothesline","Havoc"],"picked":"DDmod:EasePowerCard","floor":13}],"player_experience":935450,"relics_obtained":[{"floor":7,"key":"infinitespire:Lucky Rock"},{"floor":9,"key":"StuffTheSpire:PointBlank"}],"event_choices":[{"cards_removed":["Strike_R"],"damage_healed":0,"gold_gain":0,"player_choice":"Purged","damage_taken":0,"max_hp_gain":0,"max_hp_loss":0,"event_name":"Purifier","floor":12,"gold_loss":0}],"is_beta":false,"boss_relics":[],"items_purged_floors":[0,3],"is_endless":false,"potions_floor_spawned":[1,2,7,13],"killed_by":"Fading Forest","ascension_level":20}}