{"host":"yqbx5gvhs96t62h0","time":1607464624,"event":{"gold_per_floor":[114,132,132,145,155,155,167,177,177,195,214,243,259,278,278,377,427,440,457,457,467,102,102,120,137,164,164,164,195,195,214,214,309,309,324,344,344,394,394,394,394,394,394,394,411,24,72,72,72],"floor_reached":48,"playtime":2659,"items_purged":["Strike_B","Strike_B"],"score":460,"play_id":"6459c910-2633-43f5-85cf-3f6e037fb9c7","local_time":"20201208165704","is_ascension_mode":false,"campfire_choices":[{"data":"Zap","floor":6,"key":"SMITH"},{"floor":15,"key":"REST"},{"floor":23,"key":"RECALL"},{"floor":27,"key":"REST"},{"floor":30,"key":"REST"},{"floor":32,"key":"REST"},{"floor":40,"key":"REST"},{"floor":42,"key":"REST"},{"data":"Creative AI","floor":44,"key":"SMITH"}],"neow_cost":"NONE","seed_source_timestamp":30711726916000,"circlet_count":0,"master_deck":["Defend_B","Defend_B+1","Defend_B","Defend_B","Zap+1","Dualcast","Redo","Leap","Darkness","Capacitor","Redo","Glacier","Creative AI+1","Ball Lightning","Electrodynamics","Storm","Consume","Coolheaded","Mayhem","Amplify","Static Discharge","Fusion","Machine Learning","CurseOfTheBell","BootSequence+1","Writhe"],"relics":["Cracked Core","NeowsBlessing","Oddly Smooth Stone","Tiny House","Lantern","Question Card","Calling Bell","MealTicket","White Beast Statue","Lizard Tail","FossilizedHelix","Ornamental Fan","TungstenRod","Gambling Chip"],"potions_floor_usage":[12,12,12,16,18,29,33,38,39,39,48],"damage_taken":[{"damage":0,"enemies":"2 Louse","floor":1,"turns":1},{"damage":0,"enemies":"Cultist","floor":2,"turns":1},{"damage":0,"enemies":"Jaw Worm","floor":4,"turns":1},{"damage":2,"enemies":"Blue Slaver","floor":5,"turns":3},{"damage":5,"enemies":"Large Slime","floor":7,"turns":6},{"damage":11,"enemies":"2 Fungi Beasts","floor":8,"turns":4},{"damage":9,"enemies":"Blue Slaver","floor":10,"turns":4},{"damage":0,"enemies":"Exordium Wildlife","floor":11,"turns":2},{"damage":29,"enemies":"Gremlin Nob","floor":12,"turns":4},{"damage":0,"enemies":"3 Louse","floor":13,"turns":5},{"damage":13,"enemies":"Lots of Slimes","floor":14,"turns":6},{"damage":18,"enemies":"Hexaghost","floor":16,"turns":10},{"damage":2,"enemies":"Shell Parasite","floor":18,"turns":9},{"damage":11,"enemies":"Spheric Guardian","floor":19,"turns":6},{"damage":29,"enemies":"Centurion and Healer","floor":21,"turns":9},{"damage":9,"enemies":"3 Cultists","floor":24,"turns":3},{"damage":1,"enemies":"Cultist and Chosen","floor":25,"turns":6},{"damage":27,"enemies":"Slavers","floor":29,"turns":2},{"damage":34,"enemies":"Chosen and Byrds","floor":31,"turns":5},{"damage":70,"enemies":"Collector","floor":33,"turns":9},{"damage":8,"enemies":"3 Shapes","floor":35,"turns":6},{"damage":25,"enemies":"3 Darklings","floor":36,"turns":3},{"damage":36,"enemies":"Mind Bloom Boss Battle","floor":38,"turns":12},{"damage":4,"enemies":"4 Shapes","floor":39,"turns":3},{"damage":109,"enemies":"Writhing Mass","floor":45,"turns":8},{"damage":84,"enemies":"2 Orb Walkers","floor":47,"turns":8},{"damage":36,"enemies":"Nemesis","floor":48,"turns":8}],"seed_played":"-7025494198233612081","potions_obtained":[{"floor":2,"key":"DuplicationPotion"},{"floor":5,"key":"ColorlessPotion"},{"floor":10,"key":"Fire Potion"},{"floor":14,"key":"BlessingOfTheForge"},{"floor":17,"key":"Weak Potion"},{"floor":19,"key":"FairyPotion"},{"floor":21,"key":"FocusPotion"},{"floor":29,"key":"BlessingOfTheForge"},{"floor":35,"key":"SmokeBomb"},{"floor":36,"key":"EssenceOfDarkness"},{"floor":38,"key":"AttackPotion"},{"floor":45,"key":"FairyPotion"},{"floor":47,"key":"Dexterity Potion"}],"is_trial":false,"path_per_floor":["M","M","?","M","M","R","M","M","T","M","M","E","M","M","R","B",null,"M","M","?","M","$","R","M","M","T","R","?","E","R","M","R","B",null,"M","M","?","?","M","R","?","R","T","R","M","$","?","E"],"character_chosen":"DEFECT","items_purchased":["Mayhem","FairyPotion","TungstenRod"],"campfire_rested":6,"item_purchase_floors":[22,22,46],"current_hp_per_floor":[75,75,75,75,73,73,68,57,57,48,48,19,19,6,28,10,80,78,67,67,38,38,38,29,28,28,52,37,10,35,1,26,2,85,77,52,73,37,33,58,58,83,83,83,19,34,31,0,0],"gold":72,"neow_bonus":"THREE_ENEMY_KILL","is_prod":false,"is_daily":false,"chose_seed":false,"campfire_upgraded":2,"win_rate":0,"timestamp":1607464624,"path_taken":["M","M","?","?","M","R","?","M","T","M","M","E","M","M","R","BOSS","M","M","?","M","$","R","M","M","T","R","?","E","R","M","R","BOSS","M","M","?","?","M","R","?","R","T","R","M","$","?","E"],"build_version":"2020-11-30","purchased_purges":2,"victory":false,"max_hp_per_floor":[75,75,75,75,75,75,75,75,75,75,75,75,75,75,75,75,80,80,80,80,80,80,80,80,80,80,80,85,85,85,85,85,85,85,85,85,85,85,85,85,85,85,85,85,85,85,85,85,85],"card_choices":[{"not_picked":["Sweeping Beam","Stack"],"picked":"Redo","floor":1},{"not_picked":["Lockon","Hologram","Undo"],"picked":"SKIP","floor":2},{"not_picked":["Reinforced Body","Hologram"],"picked":"Leap","floor":4},{"not_picked":["Sweeping Beam","Ball Lightning","Go for the Eyes"],"picked":"SKIP","floor":5},{"not_picked":["Steam","Go for the Eyes"],"picked":"Darkness","floor":7},{"not_picked":["Doom and Gloom","Sweeping Beam"],"picked":"Capacitor","floor":8},{"not_picked":["Auto Shields","Steam Power"],"picked":"Redo","floor":10},{"not_picked":["Barrage","FTL"],"picked":"Glacier","floor":11},{"not_picked":["Hologram","Barrage"],"picked":"Creative AI","floor":12},{"not_picked":["Sweeping Beam","Melter","Conserve Battery"],"picked":"SKIP","floor":13},{"not_picked":["Sunder","Sweeping Beam"],"picked":"Ball Lightning","floor":14},{"not_picked":["Rainbow","Buffer"],"picked":"Electrodynamics","floor":16},{"not_picked":["Reinforced Body","Go for the Eyes"],"picked":"Storm","floor":17},{"not_picked":["Blizzard","Steam Power+1"],"picked":"Consume","floor":18},{"not_picked":["Genetic Algorithm","Sweeping Beam+1"],"picked":"Coolheaded","floor":19},{"not_picked":["Heatsinks","Go for the Eyes","Barrage"],"picked":"SKIP","floor":21},{"not_picked":["Scrape","Turbo","Compile Driver"],"picked":"SKIP","floor":24},{"not_picked":["Compile Driver+1","Streamline"],"picked":"Amplify","floor":25},{"not_picked":["Leap","Hyperbeam"],"picked":"Static Discharge","floor":29},{"not_picked":["Hologram","Beam Cell","Tempest"],"picked":"Fusion","floor":31},{"not_picked":["Electrodynamics","Thunder Strike","All For One"],"picked":"Machine Learning","floor":33},{"not_picked":["Coolheaded","Reprogram+1","Leap"],"picked":"BootSequence+1","floor":35},{"not_picked":["Rebound","Cold Snap","Scrape","Gash"],"picked":"SKIP","floor":36},{"not_picked":["Hologram","Beam Cell+1","Rebound+1","Cold Snap+1"],"picked":"SKIP","floor":45}],"player_experience":433985,"relics_obtained":[{"floor":12,"key":"Oddly Smooth Stone"},{"floor":26,"key":"Lantern"},{"floor":29,"key":"Question Card"},{"floor":34,"key":"MealTicket"},{"floor":34,"key":"White Beast Statue"},{"floor":34,"key":"Lizard Tail"},{"floor":38,"key":"FossilizedHelix"},{"floor":43,"key":"Ornamental Fan"},{"floor":47,"key":"Gambling Chip"}],"event_choices":[{"cards_removed":["Strike_B"],"damage_healed":0,"gold_gain":0,"player_choice":"Offered Basic","damage_taken":0,"max_hp_gain":0,"max_hp_loss":0,"event_name":"Bonfire Elementals","floor":3,"gold_loss":0},{"damage_healed":0,"gold_gain":0,"player_choice":"Ignored","damage_taken":0,"max_hp_gain":0,"max_hp_loss":0,"event_name":"Vampires","floor":20,"gold_loss":0},{"damage_healed":0,"gold_gain":0,"player_choice":"Shed Blood","damage_taken":20,"max_hp_gain":5,"max_hp_loss":0,"event_name":"Forgotten Altar","floor":28,"gold_loss":0},{"damage_healed":21,"gold_gain":0,"player_choice":"Writhe","damage_taken":0,"max_hp_gain":0,"max_hp_loss":0,"event_name":"Winding Halls","floor":37,"gold_loss":0,"cards_obtained":["Writhe"]},{"damage_healed":0,"gold_gain":0,"player_choice":"Fight","damage_taken":0,"max_hp_gain":0,"max_hp_loss":0,"event_name":"MindBloom","floor":38,"gold_loss":0},{"cards_removed":["Strike_B"],"damage_healed":0,"gold_gain":0,"player_choice":"Removed Attack","damage_taken":0,"max_hp_gain":0,"max_hp_loss":0,"event_name":"Falling","floor":41,"gold_loss":0},{"damage_healed":0,"gold_gain":0,"player_choice":"Fight","damage_taken":0,"max_hp_gain":0,"max_hp_loss":0,"event_name":"Mysterious Sphere","floor":47,"gold_loss":0}],"is_beta":false,"boss_relics":[{"not_picked":["Runic Pyramid","Ectoplasm"],"picked":"Tiny House"},{"not_picked":["Pandora\u0027s Box","Snecko Eye"],"picked":"Calling Bell"}],"items_purged_floors":[22,46],"is_endless":false,"potions_floor_spawned":[2,5,10,11,14,19,21,25,29,31,35,36,38,39,45,47],"killed_by":"Nemesis","ascension_level":0}}