{"host":"07ljfmttuzqopd7f","time":1607469845,"event":{"gold_per_floor":[114,114,114,125,138,138,155,155,179,279,312,329,360,370,370,471,471,486,175,196,212,2,38,55,76,76,94,118,33,33,58,58,162,162,175,175,175,190,208,208,232,232,257,302,314,8,8,44,44,44],"floor_reached":51,"playtime":2868,"items_purged":["hermit:HighNoon","hermit:Spite","hermit:Adapt"],"score":896,"play_id":"f8e8fc52-6b13-4ec9-abe5-f2b235f1e67c","local_time":"20201208182405","is_ascension_mode":true,"campfire_choices":[{"data":"hermit:Feint","floor":6,"key":"SMITH"},{"floor":15,"key":"REST"},{"floor":30,"key":"REST"},{"floor":32,"key":"REST"},{"floor":42,"key":"REST"},{"floor":45,"key":"REST"},{"data":"hermit:Combo","floor":47,"key":"SMITH"},{"floor":49,"key":"REST"}],"neow_cost":"PERCENT_DAMAGE","seed_source_timestamp":2011908038893200,"circlet_count":0,"master_deck":["hermit:Covet","hermit:BlackWind","hermit:RoundhouseKick","hermit:Enervate","hermit:Gestalt","hermit:Feint+1","hermit:Combo+1","hermit:EyeOfTheStorm","hermit:Manifest","hermit:RoundhouseKick","hermit:Scavenge","hermit:RoundhouseKick","hermit:Coalescence","hermit:Vantage","hermit:GhostlyPresence","hermit:BigShot","hermit:Ricochet+1","hermit:Gestalt","hermit:CursedWeapon","hermit:FlashPowder+1","hermit:Deadeye+1","hermit:Glare+1","hermit:TakeAim"],"relics":["hermit:Momento","Smiling Mask","hermit:RyeStalk","Darkstone Periapt","Orichalcum","Pandora\u0027s Box","Happy Flower","Membership Card","Turnip","Ornamental Fan","Blood Vial","hermit:DentedPlate","MawBank","hermit:Horseshoe","Lizard Tail","Strange Spoon","Shuriken"],"potions_floor_usage":[3,16,16,27,35,35,40,40],"damage_taken":[{"damage":0,"enemies":"2 Louse","floor":1,"turns":2},{"damage":12,"enemies":"Small Slimes","floor":4,"turns":2},{"damage":0,"enemies":"Cultist","floor":5,"turns":1},{"damage":0,"enemies":"Blue Slaver","floor":7,"turns":1},{"damage":12,"enemies":"Lagavulin","floor":11,"turns":6},{"damage":1,"enemies":"Looter","floor":12,"turns":2},{"damage":21,"enemies":"3 Sentries","floor":13,"turns":10},{"damage":0,"enemies":"Lots of Slimes","floor":14,"turns":1},{"damage":22,"enemies":"The Guardian","floor":16,"turns":10},{"damage":13,"enemies":"Spheric Guardian","floor":18,"turns":6},{"damage":2,"enemies":"Shell Parasite","floor":20,"turns":4},{"damage":15,"enemies":"Snake Plant","floor":21,"turns":5},{"damage":13,"enemies":"Book of Stabbing","floor":23,"turns":5},{"damage":15,"enemies":"Centurion and Healer","floor":24,"turns":6},{"damage":2,"enemies":"Chosen and Byrds","floor":25,"turns":6},{"damage":16,"enemies":"Shelled Parasite and Fungi","floor":27,"turns":5},{"damage":2,"enemies":"Centurion and Healer","floor":28,"turns":4},{"damage":6,"enemies":"Sentry and Sphere","floor":31,"turns":8},{"damage":13,"enemies":"Collector","floor":33,"turns":15},{"damage":10,"enemies":"3 Shapes","floor":35,"turns":5},{"damage":6,"enemies":"3 Darklings","floor":38,"turns":6},{"damage":4,"enemies":"Jaw Worm Horde","floor":39,"turns":5},{"damage":50,"enemies":"Reptomancer","floor":40,"turns":6},{"damage":4,"enemies":"Transient","floor":41,"turns":5},{"damage":3,"enemies":"Giant Head","floor":44,"turns":9},{"damage":64,"enemies":"Reptomancer","floor":48,"turns":8},{"damage":9,"enemies":"Time Eater","floor":50,"turns":15}],"seed_played":"5089152055926176864","potions_obtained":[{"floor":3,"key":"Dexterity Potion"},{"floor":3,"key":"Fruit Juice"},{"floor":3,"key":"LiquidBronze"},{"floor":4,"key":"Dexterity Potion"},{"floor":5,"key":"SmokeBomb"},{"floor":13,"key":"hermit:Eclipse"},{"floor":21,"key":"LiquidBronze"},{"floor":24,"key":"Swift Potion"},{"floor":28,"key":"Strength Potion"},{"floor":33,"key":"Fire Potion"},{"floor":35,"key":"Fruit Juice"},{"floor":39,"key":"LiquidMemories"}],"is_trial":false,"path_per_floor":["M","?","?","M","M","R","M","?","T","?","E","M","E","M","R","B",null,"M","$","M","M","$","E","M","M","T","M","M","?","R","M","R","B",null,"M","?","?","M","M","E","M","R","T","E","R","$","R","E","R","B",null],"character_chosen":"HERMIT","items_purchased":["hermit:GhostlyPresence","hermit:BigShot","Happy Flower","Membership Card","hermit:CursedWeapon","Lizard Tail","Strange Spoon","hermit:TakeAim"],"campfire_rested":6,"item_purchase_floors":[19,19,19,22,22,46,46,46],"current_hp_per_floor":[54,47,52,40,40,40,40,40,40,40,28,27,6,6,30,8,80,67,67,65,50,50,37,22,20,20,4,2,2,26,22,46,35,67,64,64,64,60,58,10,8,41,41,40,73,73,73,11,44,37],"gold":44,"neow_bonus":"TRANSFORM_TWO_CARDS","is_prod":false,"is_daily":false,"chose_seed":false,"campfire_upgraded":2,"win_rate":0,"timestamp":1607469845,"path_taken":["M","?","?","?","M","R","M","?","T","?","E","M","E","M","R","BOSS","M","$","M","M","$","E","?","M","T","M","M","?","R","M","R","BOSS","M","?","?","M","M","E","M","R","T","E","R","$","R","E","R","BOSS"],"build_version":"2020-11-30","purchased_purges":3,"victory":true,"max_hp_per_floor":[75,75,80,80,80,80,80,80,80,80,80,80,80,80,80,80,80,80,80,80,80,80,80,80,80,80,80,80,80,80,80,80,80,112,117,111,111,111,111,111,111,111,111,111,111,111,111,111,111,111],"relic_stats":{"Darkstone Periapt":0,"Happy Flower":[39],"counters":[27,158],"Orichalcum":[192],"Smiling Mask":38,"MawBank":36,"Blood Vial":20,"Strange Spoon":[16],"Lizard Tail":0,"Ornamental Fan":[88],"Shuriken":[4],"Pandora\u0027s Box":["hermit:Scavenge","hermit:RoundhouseKick","hermit:Coalescence","hermit:Spite","hermit:HighNoon","hermit:Vantage"],"Turnip":[16],"obtain_stats":[{"Darkstone Periapt":11,"Happy Flower":19,"hermit:DentedPlate":34,"Orichalcum":13,"Smiling Mask":2,"MawBank":43,"Blood Vial":29,"hermit:RyeStalk":9,"Strange Spoon":46,"Lizard Tail":46,"Ornamental Fan":26,"Shuriken":48,"Pandora\u0027s Box":17,"Turnip":23,"Membership Card":22,"hermit:Horseshoe":44,"hermit:Momento":0},{"Darkstone Periapt":5,"Happy Flower":10,"hermit:DentedPlate":19,"Orichalcum":7,"Smiling Mask":1,"MawBank":24,"Blood Vial":17,"hermit:RyeStalk":4,"Strange Spoon":25,"Lizard Tail":25,"Ornamental Fan":15,"Shuriken":26,"Pandora\u0027s Box":9,"Turnip":13,"Membership Card":12,"hermit:Horseshoe":25,"hermit:Momento":0},{"Darkstone Periapt":12,"Happy Flower":41,"hermit:DentedPlate":99,"Orichalcum":24,"Smiling Mask":2,"MawBank":126,"Blood Vial":76,"hermit:RyeStalk":6,"Strange Spoon":135,"Lizard Tail":135,"Ornamental Fan":67,"Shuriken":143,"Pandora\u0027s Box":35,"Turnip":55,"Membership Card":50,"hermit:Horseshoe":135,"hermit:Momento":0}]},"card_choices":[{"not_picked":["hermit:Roulette","hermit:TakeAim"],"picked":"hermit:Enervate","floor":1},{"not_picked":["hermit:Dive","hermit:Brawl"],"picked":"hermit:Gestalt","floor":4},{"not_picked":["hermit:Coalescence","hermit:TrackingShot"],"picked":"hermit:Feint","floor":5},{"not_picked":["hermit:BodyArmor","hermit:LuckOfTheDraw"],"picked":"hermit:Combo","floor":7},{"not_picked":["hermit:Combo","hermit:Shortfuse","hermit:HighCaliber"],"picked":"SKIP","floor":11},{"not_picked":["hermit:CursedWeapon","hermit:Shortfuse"],"picked":"hermit:EyeOfTheStorm","floor":12},{"not_picked":["hermit:Determination","hermit:ItchyTrigger","hermit:HoleUp"],"picked":"SKIP","floor":13},{"not_picked":["hermit:NoHoldsBarred","hermit:ItchyTrigger"],"picked":"hermit:Manifest","floor":14},{"not_picked":["hermit:DeadOrAlive","hermit:Purgatory"],"picked":"hermit:RoundhouseKick","floor":16},{"not_picked":["hermit:Maintenance","hermit:Glare","hermit:Headshot"],"picked":"SKIP","floor":18},{"not_picked":["hermit:Desperado","hermit:HighCaliber"],"picked":"hermit:Ricochet+1","floor":20},{"not_picked":["hermit:CalledShot+1","hermit:Vantage"],"picked":"hermit:Gestalt","floor":21},{"not_picked":["hermit:Cheat+1","hermit:Vantage"],"picked":"hermit:FlashPowder+1","floor":23},{"not_picked":["hermit:Manifest","hermit:Roulette","hermit:WideOpen"],"picked":"SKIP","floor":24},{"not_picked":["hermit:Manifest+1","hermit:Snipe","hermit:SprayPray"],"picked":"SKIP","floor":25},{"not_picked":["hermit:Quickdraw","hermit:Desperado","hermit:ItchyTrigger"],"picked":"SKIP","floor":27},{"not_picked":["hermit:ShadowCloak","hermit:DeadOrAlive","hermit:ItchyTrigger"],"picked":"SKIP","floor":28},{"not_picked":["hermit:Showdown","hermit:NoHoldsBarred","hermit:HighCaliber+1"],"picked":"SKIP","floor":31},{"not_picked":["hermit:OverwhelmingPower","hermit:Reprieve"],"picked":"hermit:Adapt","floor":33},{"not_picked":["hermit:Desperado","hermit:Misfire","hermit:BodyArmor+1"],"picked":"SKIP","floor":35},{"not_picked":["hermit:Grudge","hermit:HoleUp+1","hermit:BodyArmor"],"picked":"SKIP","floor":38},{"not_picked":["hermit:Feint","hermit:Adapt"],"picked":"hermit:Deadeye+1","floor":39},{"not_picked":["hermit:LowProfile","hermit:Roulette"],"picked":"hermit:Glare+1","floor":41},{"not_picked":["hermit:HighCaliber+1","hermit:Coalescence","hermit:Headshot+1"],"picked":"SKIP","floor":44},{"not_picked":["hermit:Grudge","hermit:ItchyTrigger+1","hermit:GoldenBullet+1"],"picked":"SKIP","floor":48}],"player_experience":348183,"relics_obtained":[{"floor":9,"key":"hermit:RyeStalk"},{"floor":11,"key":"Darkstone Periapt"},{"floor":13,"key":"Orichalcum"},{"floor":23,"key":"Turnip"},{"floor":26,"key":"Ornamental Fan"},{"floor":43,"key":"MawBank"},{"floor":44,"key":"hermit:Horseshoe"},{"floor":48,"key":"Shuriken"}],"event_choices":[{"damage_healed":0,"gold_gain":0,"player_choice":"Success","damage_taken":7,"relics_obtained":["Smiling Mask"],"max_hp_gain":0,"max_hp_loss":0,"event_name":"Scrap Ooze","floor":2,"gold_loss":0},{"damage_healed":0,"gold_gain":0,"player_choice":"Got Potions","damage_taken":0,"max_hp_gain":0,"max_hp_loss":0,"event_name":"Lab","floor":3,"gold_loss":0},{"damage_healed":0,"gold_gain":0,"player_choice":"Ignored","damage_taken":0,"max_hp_gain":0,"max_hp_loss":0,"event_name":"Liars Game","floor":8,"gold_loss":0},{"damage_healed":0,"gold_gain":100,"player_choice":"Pray","damage_taken":0,"max_hp_gain":0,"max_hp_loss":0,"event_name":"Golden Shrine","floor":10,"gold_loss":0},{"damage_healed":0,"gold_gain":0,"player_choice":"Obtained Relic","damage_taken":0,"relics_obtained":["Blood Vial"],"max_hp_gain":0,"max_hp_loss":0,"event_name":"Addict","floor":29,"gold_loss":85},{"damage_healed":0,"gold_gain":0,"player_choice":"Max HP","damage_taken":0,"max_hp_gain":0,"max_hp_loss":6,"event_name":"Winding Halls","floor":36,"gold_loss":0},{"cards_removed":["hermit:Snapshot"],"damage_healed":0,"gold_gain":0,"player_choice":"Removed Attack","damage_taken":0,"max_hp_gain":0,"max_hp_loss":0,"event_name":"Falling","floor":37,"gold_loss":0}],"is_beta":false,"boss_relics":[{"not_picked":["SacredBark","Runic Dome"],"picked":"Pandora\u0027s Box"},{"not_picked":["SlaversCollar","Black Star"],"picked":"hermit:DentedPlate"}],"items_purged_floors":[19,22,46],"is_endless":false,"potions_floor_spawned":[4,5,13,21,24,25,28,33,35,39],"ascension_level":2}}