{"host":"5kadl7uu83y136u3","time":1607470237,"event":{"gold_per_floor":[31010,31010,31010,29698,29716,29716,29734,29734,29815,29831,28387,28415,28442,28476,28476,28586,28636,28652,28662,28682,28682,28682,28718,28735,28752,28752,27352,27352,27366,27366,25993,25993,26098,26098,26115,24670,24685,24704,24721,24749,24749,24749,24749],"floor_reached":42,"playtime":2086,"items_purged":["Defend_G","Defend_G","Strike_G","Strike_G","Defend_G","Strike_G","Strike_G+1"],"score":708,"play_id":"31a174d8-000c-4bc5-9ee8-0a5271955df1","local_time":"20201208183037","is_ascension_mode":false,"campfire_choices":[{"data":"Dagger Spray","floor":6.0,"key":"SMITH"},{"data":"Dagger Spray","floor":8.0,"key":"SMITH"},{"data":"A Thousand Cuts","floor":15.0,"key":"SMITH"},{"data":"Accuracy","floor":28.0,"key":"SMITH"},{"data":"Accuracy","floor":30.0,"key":"SMITH"},{"data":"Blade Dance","floor":32.0,"key":"SMITH"},{"data":"After Image","floor":41,"key":"SMITH"}],"neow_cost":"NONE","seed_source_timestamp":0,"circlet_count":0,"master_deck":["Defend_G","Defend_G","Survivor","Neutralize+1","Dagger Spray+1","ReplayTheSpireMod:Exploit Weakness+1","Dagger Spray+1","Dagger Spray+1","A Thousand Cuts+1","Bullet Time","Mind Blast+1","Blade Dance+1","Demon Form+1","All Out Attack+1","Accuracy+1","Accuracy+1","Panache+1","Footwork","Finesse","After Image+1","Infinite Blades","Panache","Panache","Infinite Blades"],"special_seed":0,"relics":["Ring of the Snake","infinitespire:Eraser","Mango","Boot","hubris:Reverence","TheAbacus","Replay:Lucky Slots","Eternal Feather","Lee\u0027s Waffle","InkBottle","Strawberry","Blue Doll","ReplayFunnel","Odd Mushroom","infinitespire:EmpoweringShard","Tiny House","BrokenLever","hubris:EmptyBottle","TungstenRod","Tiny Chest","Quantum Egg","RoseTintedShades","MerchantsRug","infinitespire:FocusingShard","Strange Spoon","PreservedInsect","Bag of Preparation","Happy Flower","hubris:ScarierMask","infinitespire:Beetle Shell","Whetstone","StoneCalendar","infinitespire:BottledMercury","PrismaticShard","Nunchaku"],"potions_floor_usage":[],"damage_taken":[{"damage":2.0,"enemies":"Small Slimes","floor":1.0,"turns":4.0},{"damage":0.0,"enemies":"2 Louse","floor":5.0,"turns":2.0},{"damage":0.0,"enemies":"Cultist","floor":7.0,"turns":3.0},{"damage":9.0,"enemies":"2 Fungi Beasts","floor":10.0,"turns":2.0},{"damage":0.0,"enemies":"Gremlin Nob","floor":12.0,"turns":3.0},{"damage":9.0,"enemies":"The Mushroom Lair","floor":13.0,"turns":3.0},{"damage":4.0,"enemies":"3 Sentries","floor":14.0,"turns":2.0},{"damage":0.0,"enemies":"Slime Boss","floor":16.0,"turns":4.0},{"damage":5.0,"enemies":"Spheric Guardian","floor":18.0,"turns":3.0},{"damage":3.0,"enemies":"3 Byrds","floor":19.0,"turns":3.0},{"damage":0.0,"enemies":"Cultist and Chosen","floor":20.0,"turns":3.0},{"damage":0.0,"enemies":"Nightmare","floor":23.0,"turns":5.0},{"damage":12.0,"enemies":"Shelled Parasite and Fungi","floor":24.0,"turns":3.0},{"damage":0.0,"enemies":"3 Cultists","floor":25.0,"turns":2.0},{"damage":0.0,"enemies":"Snake Plant","floor":29.0,"turns":3.0},{"damage":0.0,"enemies":"Collector","floor":33.0,"turns":4.0},{"damage":2.0,"enemies":"Orb Walker","floor":35.0,"turns":4.0},{"damage":0.0,"enemies":"3 Darklings","floor":37.0,"turns":2.0},{"damage":0.0,"enemies":"Maw","floor":38.0,"turns":5.0},{"damage":0.0,"enemies":"Transient","floor":39.0,"turns":5.0},{"damage":44,"enemies":"R_Hoarder","floor":40,"turns":7},{"damage":70,"enemies":"Nemesis","floor":42,"turns":8}],"seed_played":"-5276046469052982294","potions_obtained":[{"floor":12.0,"key":"Strength Potion"},{"floor":17.0,"key":"EntropicBrew"},{"floor":18.0,"key":"GamblersBrew"},{"floor":29.0,"key":"Dexterity Potion"}],"is_trial":false,"path_per_floor":["M","?","?","$","M","R","M","R","T","M","$","E","?","E","R","B",null,"M","M","M","AVR","?","NM","M","M","T","$","R","M","R","$","R","B",null,"M","$","M","M","M","E","R","E"],"character_chosen":"THE_SILENT","items_purchased":["infinitespire:Eraser","Mango","Boot","hubris:Reverence","TheAbacus","Replay:Lucky Slots","EntropicBrew","Dagger Spray","Lee\u0027s Waffle","InkBottle","Strawberry","Blue Doll","A Thousand Cuts","Bullet Time","Mind Blast","hubris:EmptyBottle","Accuracy","TungstenRod","Tiny Chest","Quantum Egg","RoseTintedShades","MerchantsRug","infinitespire:FocusingShard","Strange Spoon","PreservedInsect","Bag of Preparation","Happy Flower","Panache+1","Footwork","Finesse","infinitespire:Beetle Shell","Panache","Infinite Blades","Whetstone","StoneCalendar","infinitespire:BottledMercury","PrismaticShard"],"campfire_rested":0,"item_purchase_floors":[4,4,4,4,4,4,4,4,11,11,11,11,11,11,11,27,27,27,27,27,27,31,31,31,31,31,31,31,31,31,36,36,36,36,36,36,36],"current_hp_per_floor":[68,68,68,82,82,82,82,82,82,73,98,98,89,85,94,94,103,98,95,95,95,95,95,83,83,83,83,92,92,101,101,103,103,103,101,101,101,101,101,57,69,0,0],"gold":24749,"neow_bonus":"THREE_CARDS","is_prod":false,"is_daily":false,"chose_seed":false,"campfire_upgraded":7,"win_rate":0,"timestamp":1607470237,"path_taken":["M","?","?","$","M","R","M","R","T","M","$","E","?","E","R","BOSS","M","M","M","AVR","?","NM","M","M","T","$","R","M","R","$","R","BOSS","M","$","M","M","M","E","R","E"],"build_version":"2020-11-30","purchased_purges":7,"victory":false,"max_hp_per_floor":[70,70,70,84,84,84,84,84,84,84,98,98,98,98,98,98,103,103,103,103,103,103,103,103,103,103,103,103,103,103,103,103,103,103,103,103,103,103,103,103,103,103,103],"card_choices":[{"not_picked":["hubris:Sniper","Flying Knee"],"picked":"Dagger Spray","floor":1.0},{"not_picked":["InfectiousVector","Tactician","Hidden Blade"],"picked":"SKIP","floor":5.0},{"not_picked":["Bane","Backflip"],"picked":"Dagger Spray","floor":7.0},{"not_picked":["Distraction","Outmaneuver","Backflip"],"picked":"SKIP","floor":10.0},{"not_picked":["Underhanded Strike","ReplayTheSpireMod:Necrosis","Expertise"],"picked":"SKIP","floor":12.0},{"not_picked":["ReplayTheSpireMod:Scrap Shanks","Caltrops","Setup"],"picked":"SKIP","floor":14.0},{"not_picked":["hubris:SlightOfHand","PiercingWail+1"],"picked":"Blade Dance","floor":18.0},{"not_picked":["Bouncing Flask","Blur","PiercingWail"],"picked":"SKIP","floor":19.0},{"not_picked":["Bouncing Flask","Cloak And Dagger","ReplayTheSpireMod:Scrap Shanks"],"picked":"SKIP","floor":20.0},{"not_picked":["Calculated Gamble","Expertise"],"picked":"All Out Attack+1","floor":23.0},{"not_picked":["Poisoned Stab","Acrobatics+1","Blade Dance"],"picked":"SKIP","floor":24.0},{"not_picked":["PiercingWail","Concentrate"],"picked":"Accuracy","floor":25.0},{"not_picked":["ReplayTheSpireMod:Scrap Shanks+1","Expertise","Riddle With Holes"],"picked":"SKIP","floor":29.0},{"not_picked":["ReplayTheSpireMod:Necrosis","Malaise"],"picked":"After Image","floor":33.0},{"not_picked":["Backflip+1","Cloak And Dagger+1"],"picked":"Infinite Blades","floor":35.0},{"not_picked":["ReplayTheSpireMod:The Works","Blind","PanicButton"],"picked":"SKIP","floor":37.0},{"not_picked":["Deaths_Shadow","Replay:BluntJabs+1","True Grit+1"],"picked":"SKIP","floor":38.0},{"not_picked":["EmptyMind+1","Negative_Energy_Javelin","Luminous:Sympathy_Luminous+1"],"picked":"SKIP","floor":39.0},{"not_picked":["SpiritShield","Replay:Undeath\u0027s Touch","SashWhip"],"picked":"SKIP","floor":40}],"player_experience":1588783,"relics_obtained":[{"floor":9.0,"key":"Eternal Feather"},{"floor":12.0,"key":"ReplayFunnel"},{"floor":13.0,"key":"Odd Mushroom"},{"floor":14.0,"key":"infinitespire:EmpoweringShard"},{"floor":23.0,"key":"StrikeDummy"},{"floor":26.0,"key":"BrokenLever"},{"floor":40,"key":"Nunchaku"}],"event_choices":[{"damage_healed":0.0,"max_hp_gain":0.0,"max_hp_loss":0.0,"gold_gain":0.0,"event_name":"Mushrooms","player_choice":"Fought Mushrooms","floor":13.0,"gold_loss":0.0,"damage_taken":0.0},{"cards_removed":["Bullet Time"],"damage_healed":0.0,"max_hp_gain":0.0,"max_hp_loss":0.0,"gold_gain":0.0,"event_name":"betterNote:BetterNote","player_choice":"Take \u0026 Give","floor":22.0,"gold_loss":0.0,"damage_taken":0.0,"cards_obtained":["Demon Form"]}],"is_beta":false,"boss_relics":[{"not_picked":["Kintsugi","CosmicIsotope"],"picked":"Tiny House"},{"not_picked":["infinitespire:Cupcake","Black Star"],"picked":"hubris:ScarierMask"}],"items_purged_floors":[4,11,11,21,27,31,36],"is_endless":true,"potions_floor_spawned":[5,10,12,14,18,24,29,33,35,39],"killed_by":"Nemesis","ascension_level":0}}