{"host":"3q9keoo8j4hzgybw","time":1607471123,"event":{"gold_per_floor":[114,114,129,146,146,180,251,251,323,351,351,369,396,411,411,512,512,523,622,376,388,399,399,425,425,425,457,475,475,101,201,201,299,299,313,327,70,83,98,133,84,130,130,130,130,130,60,85,85,85],"floor_reached":51,"playtime":1958,"items_purged":["Strike_W","Defend_W","Defend_W"],"score":811,"play_id":"793f7805-c19f-47bb-8765-612ccf1a150e","local_time":"20201209004523","is_ascension_mode":false,"campfire_choices":[{"data":"Bone_Bullets","floor":8,"key":"SMITH"},{"floor":15,"key":"REST"},{"data":"Negative_Energy_Shield","floor":23,"key":"SMITH"},{"data":"Summon_Undead","floor":25,"key":"SMITH"},{"data":"Negative_Energy_Arrows","floor":29,"key":"SMITH"},{"data":"Bone_Shift","floor":32,"key":"SMITH"},{"data":"Good Instincts","floor":45,"key":"SMITH"},{"data":"Summon_Undead","floor":49,"key":"SMITH"}],"neow_cost":"NONE","seed_source_timestamp":45459333112300,"circlet_count":0,"master_deck":["Strike_W","Strike_W","Strike_W","Defend_W","Defend_W","Negative_Energy_Arrows+1","Bone_Wall+1","Finger_Of_Death+1","Bone_Bullets+1","Finger_Of_Death+1","Bone_Shift+1","Bone_Bullets+1","Negative_Energy_Shield+1","Summon_Undead+1","Negative_Energy_Javelin+1","Flash of Steel+1","Life_Drain+1","Negative_Energy_Sphere+1","Finger_Of_Death+1","Blood_Curse+1","Good Instincts+1","Negative_Energy_Shield","Blood_Curse+1","Summon_Undead+1"],"relics":["Vampire_Amulet","NeowsBlessing","Oddly Smooth Stone","Mercury Hourglass","Molten Egg 2","Shuriken","WingedGreaves","Busted Crown","Pen Nib","Centennial Puzzle","Meat on the Bone","Gambling Chip","Bronze Scales","StoneCalendar","Kunai","PreservedInsect","Calipers","Darkstone Periapt","Vajra"],"potions_floor_usage":[16,16,33,50,50,50],"damage_taken":[{"damage":0,"enemies":"2 Louse","floor":1,"turns":1},{"damage":0,"enemies":"Cultist","floor":3,"turns":1},{"damage":0,"enemies":"Jaw Worm","floor":4,"turns":1},{"damage":26,"enemies":"3 Sentries","floor":6,"turns":9},{"damage":18,"enemies":"Gremlin Nob","floor":10,"turns":4},{"damage":0,"enemies":"Exordium Wildlife","floor":12,"turns":3},{"damage":36,"enemies":"Lagavulin","floor":13,"turns":5},{"damage":0,"enemies":"2 Fungi Beasts","floor":14,"turns":2},{"damage":36,"enemies":"The Guardian","floor":16,"turns":9},{"damage":10,"enemies":"Spheric Guardian","floor":18,"turns":3},{"damage":3,"enemies":"Chosen","floor":21,"turns":5},{"damage":14,"enemies":"Centurion and Healer","floor":22,"turns":5},{"damage":15,"enemies":"Slavers","floor":24,"turns":4},{"damage":33,"enemies":"Gremlin Leader","floor":27,"turns":5},{"damage":5,"enemies":"3 Cultists","floor":28,"turns":3},{"damage":1,"enemies":"Colosseum Slavers","floor":31,"turns":3},{"damage":7,"enemies":"Colosseum Nobs","floor":31,"turns":3},{"damage":11,"enemies":"Collector","floor":33,"turns":6},{"damage":2,"enemies":"3 Darklings","floor":35,"turns":3},{"damage":18,"enemies":"3 Shapes","floor":36,"turns":3},{"damage":13,"enemies":"Jaw Worm Horde","floor":38,"turns":3},{"damage":19,"enemies":"Maw","floor":39,"turns":5},{"damage":1,"enemies":"Giant Head","floor":40,"turns":7},{"damage":40,"enemies":"2 Orb Walkers","floor":42,"turns":4},{"damage":13,"enemies":"Nemesis","floor":48,"turns":3},{"damage":32,"enemies":"Donu and Deca","floor":50,"turns":7}],"seed_played":"665346999013005600","potions_obtained":[{"floor":12,"key":"SteroidPotion"},{"floor":13,"key":"EssenceOfSteel"},{"floor":18,"key":"Dexterity Potion"},{"floor":27,"key":"Energy Potion"},{"floor":28,"key":"PowerPotion"},{"floor":33,"key":"Weak Potion"},{"floor":48,"key":"DuplicationPotion"}],"is_trial":false,"path_per_floor":["M","?","M","M","?","E","T","R","T","E","?","M","E","M","R","B",null,"M","?","$","M","M","R","E","R","T","E","M","R","$","?","R","B",null,"M","M","$","M","M","E","$","?","T","?","R","?","$","E","R","B",null],"character_chosen":"NECROMANCER","items_purchased":["Negative_Energy_Shield","Pen Nib","Flash of Steel+1","Bronze Scales","Life_Drain+1","Blood_Curse+1","Good Instincts","Negative_Energy_Shield","Summon_Undead"],"campfire_rested":1,"item_purchase_floors":[20,20,30,30,30,37,37,41,47],"current_hp_per_floor":[75,75,75,75,80,60,60,60,60,44,44,48,14,18,42,8,80,72,72,72,71,61,61,52,52,52,41,51,51,51,60,60,80,80,80,72,72,71,60,76,76,46,46,46,46,46,46,41,41,31],"gold":85,"neow_bonus":"THREE_ENEMY_KILL","is_prod":false,"is_daily":false,"chose_seed":false,"campfire_upgraded":7,"win_rate":0.0,"timestamp":1607471123,"path_taken":["M","?","M","?","?","E","?","R","T","E","?","M","E","?","R","BOSS","M","?","$","M","M","R","E","R","T","E","M","R","$","?","R","BOSS","M","M","$","M","M","E","$","?","T","?","R","?","?","E","R","BOSS"],"build_version":"2020-11-30","purchased_purges":3,"victory":true,"max_hp_per_floor":[75,75,75,75,80,80,80,80,80,80,80,80,80,80,80,80,80,80,80,80,80,80,80,80,80,80,80,80,80,80,80,80,80,80,80,80,80,80,80,80,80,80,80,76,76,76,76,76,76,76],"card_choices":[{"not_picked":["Negative_Energy_Mist","Vampiric_Strike","Death_March_Dance"],"picked":"SKIP","floor":1},{"not_picked":["Exploit","Blood_Whip"],"picked":"Finger_Of_Death","floor":3},{"not_picked":["Violent_Necrosis","Death_March_Dance","Flesh_Made_Foul"],"picked":"SKIP","floor":4},{"not_picked":["Death_Knell","Consume_Illness"],"picked":"Bone_Bullets","floor":6},{"not_picked":["Shackles_Of_Pain","Negative_Energy_Mist"],"picked":"Finger_Of_Death+1","floor":10},{"not_picked":["Death_March_Dance+1","Hellfire+1","Exploit+1"],"picked":"SKIP","floor":12},{"not_picked":["Shackles_Of_Pain","Blood_Whip+1"],"picked":"Bone_Shift","floor":13},{"not_picked":["Shackles_Of_Pain","Finger_Of_Death+1"],"picked":"Bone_Bullets+1","floor":14},{"not_picked":["Death_March_Dance+1"],"picked":"SKIP","floor":18},{"not_picked":["Blood_Whip+1"],"picked":"SKIP","floor":21},{"not_picked":["Death_Coil+1"],"picked":"SKIP","floor":22},{"not_picked":[],"picked":"Summon_Undead","floor":24},{"not_picked":[],"picked":"Negative_Energy_Javelin+1","floor":27},{"not_picked":["Whirlwind_of_Bones+1"],"picked":"SKIP","floor":28},{"not_picked":[],"picked":"Negative_Energy_Sphere+1","floor":31},{"not_picked":[],"picked":"Finger_Of_Death+1","floor":35},{"not_picked":["Flesh_Made_Foul+1"],"picked":"SKIP","floor":36},{"not_picked":["Shackles_Of_Pain+1"],"picked":"SKIP","floor":38},{"not_picked":[],"picked":"Negative_Energy_Javelin+1","floor":39},{"not_picked":["Death_March_Dance+1"],"picked":"SKIP","floor":40},{"not_picked":[],"picked":"Blood_Curse+1","floor":42},{"not_picked":["Consume_Illness"],"picked":"SKIP","floor":48}],"player_experience":30177,"relics_obtained":[{"floor":6,"key":"Oddly Smooth Stone"},{"floor":7,"key":"Mercury Hourglass"},{"floor":9,"key":"Molten Egg 2"},{"floor":10,"key":"Shuriken"},{"floor":13,"key":"WingedGreaves"},{"floor":24,"key":"Centennial Puzzle"},{"floor":26,"key":"Meat on the Bone"},{"floor":27,"key":"Gambling Chip"},{"floor":31,"key":"StoneCalendar"},{"floor":31,"key":"Kunai"},{"floor":40,"key":"PreservedInsect"},{"floor":42,"key":"Calipers"},{"floor":43,"key":"Darkstone Periapt"},{"floor":48,"key":"Vajra"}],"event_choices":[{"damage_healed":0,"gold_gain":0,"player_choice":"Forge","damage_taken":0,"max_hp_gain":0,"max_hp_loss":0,"event_name":"Accursed Blacksmith","floor":2,"gold_loss":0,"cards_upgraded":["Bone_Wall"]},{"damage_healed":0,"gold_gain":0,"player_choice":"Donut","damage_taken":0,"max_hp_gain":5,"max_hp_loss":0,"event_name":"Big Fish","floor":5,"gold_loss":0},{"damage_healed":0,"gold_gain":0,"player_choice":"Upgraded","damage_taken":0,"max_hp_gain":0,"max_hp_loss":0,"event_name":"Upgrade Shrine","floor":11,"gold_loss":0,"cards_upgraded":["Finger_Of_Death"]},{"damage_healed":0,"gold_gain":99,"player_choice":"Stole From Cult","damage_taken":0,"max_hp_gain":0,"max_hp_loss":0,"event_name":"Nest","floor":19,"gold_loss":0},{"damage_healed":0,"gold_gain":0,"player_choice":"Fight","damage_taken":0,"max_hp_gain":0,"max_hp_loss":0,"event_name":"Colosseum","floor":31,"gold_loss":0},{"damage_healed":0,"gold_gain":0,"player_choice":"Fought Nobs","damage_taken":0,"max_hp_gain":0,"max_hp_loss":0,"event_name":"Colosseum","floor":31,"gold_loss":0},{"damage_healed":0,"gold_gain":0,"player_choice":"Fight","damage_taken":0,"max_hp_gain":0,"max_hp_loss":0,"event_name":"Mysterious Sphere","floor":42,"gold_loss":0},{"damage_healed":0,"gold_gain":0,"player_choice":"Max HP","damage_taken":0,"max_hp_gain":0,"max_hp_loss":4,"event_name":"Winding Halls","floor":44,"gold_loss":0},{"cards_removed":["Negative_Energy_Javelin"],"damage_healed":0,"gold_gain":0,"player_choice":"Removed Attack","damage_taken":0,"max_hp_gain":0,"max_hp_loss":0,"event_name":"Falling","floor":46,"gold_loss":0}],"is_beta":false,"boss_relics":[{"not_picked":["Runic Dome","SlaversCollar"],"picked":"Busted Crown"},{"not_picked":["Snecko Eye","Runic Pyramid","Velvet Choker"]}],"items_purged_floors":[20,30,37],"is_endless":false,"potions_floor_spawned":[12,13,18,27,28,33,38,48],"ascension_level":0}}