{"host":"Erythema","time":1607460666,"event":{"gold_per_floor":[116,116,136,147,167,167,200,216,216,245,245,271,271,271,283,295,295],"floor_reached":16,"playtime":943,"items_purged":[],"score":290,"play_id":"a8b17553-403c-44bb-8076-128c5275cb42","local_time":"20201208155106","is_ascension_mode":true,"campfire_choices":[{"data":"Cloak And Dagger","floor":6,"key":"SMITH"},{"data":"Calculated Gamble","floor":11,"key":"SMITH"},{"data":"Neutralize","floor":13,"key":"SMITH"},{"data":"Cloak And Dagger","floor":15,"key":"SMITH"}],"neow_cost":"NONE","seed_source_timestamp":830349991589519,"circlet_count":0,"master_deck":["AscendersBane","Survivor","Neutralize+1","Terror","Night Terror","Acrobatics+1","Calculated Gamble+1","Accuracy","Acrobatics","Dash","Slice","Riddle With Holes","Flechettes+1","Cloak And Dagger+1","Cloak And Dagger+1","Flying Knee","Cloak And Dagger","Dagger Spray","Reflex","Doppelganger+1","Reflex+1","Regret"],"relics":["Pandora\u0027s Box","Blood Vial","Mango","Toxic Egg 2","Bird Faced Urn","MawBank"],"potions_floor_usage":[5,7,8,10,16],"damage_taken":[{"damage":4,"enemies":"Cultist","floor":1,"turns":4},{"damage":0,"enemies":"2 Louse","floor":3,"turns":3},{"damage":1,"enemies":"Small Slimes","floor":4,"turns":3},{"damage":10,"enemies":"Exordium Thugs","floor":5,"turns":3},{"damage":4,"enemies":"3 Sentries","floor":7,"turns":5},{"damage":0,"enemies":"Red Slaver","floor":8,"turns":3},{"damage":5,"enemies":"Gremlin Nob","floor":10,"turns":3},{"damage":0,"enemies":"Lagavulin","floor":12,"turns":3},{"damage":44,"enemies":"The Guardian","floor":16,"turns":9}],"seed_played":"2912315845062559475","potions_obtained":[{"floor":3,"key":"ColorlessPotion"},{"floor":4,"key":"Energy Potion"},{"floor":7,"key":"Swift Potion"},{"floor":8,"key":"Poison Potion"},{"floor":10,"key":"Energy Potion"}],"is_trial":false,"path_per_floor":["M","?","M","M","M","R","E","M","T","E","R","E","R","?","R","B"],"character_chosen":"THE_SILENT","items_purchased":[],"campfire_rested":0,"item_purchase_floors":[],"current_hp_per_floor":[55,35,35,34,24,24,20,22,36,33,33,35,35,35,35,0,0],"gold":295,"neow_bonus":"BOSS_RELIC","is_prod":false,"is_daily":false,"chose_seed":false,"campfire_upgraded":4,"win_rate":0,"timestamp":1607460666,"path_taken":["M","?","M","M","M","R","E","M","T","E","R","E","R","?","R","BOSS"],"build_version":"2020-12-07","purchased_purges":0,"victory":false,"max_hp_per_floor":[66,66,66,66,66,66,66,66,80,80,80,80,80,80,80,80,80],"card_choices":[{"not_picked":["Predator","Slice"],"picked":"Cloak And Dagger","floor":1},{"not_picked":["Dagger Throw","Choke"],"picked":"Cloak And Dagger","floor":3},{"not_picked":["Sucker Punch","Crippling Poison"],"picked":"Flying Knee","floor":4},{"not_picked":["Outmaneuver","Expertise"],"picked":"Cloak And Dagger","floor":5},{"not_picked":["Escape Plan","Terror"],"picked":"Dagger Spray","floor":7},{"not_picked":["Blade Dance","Poisoned Stab"],"picked":"Reflex","floor":8},{"not_picked":["PiercingWail+1","Sucker Punch"],"picked":"Doppelganger+1","floor":10},{"not_picked":["Deadly Poison+1","Predator"],"picked":"Reflex+1","floor":12}],"player_experience":2009118,"relics_obtained":[{"floor":7,"key":"Blood Vial"},{"floor":9,"key":"Mango"},{"floor":10,"key":"Toxic Egg 2"},{"floor":12,"key":"Bird Faced Urn"}],"event_choices":[{"damage_healed":0,"gold_gain":0,"player_choice":"Entered Light","damage_taken":20,"max_hp_gain":0,"max_hp_loss":0,"event_name":"Shining Light","floor":2,"gold_loss":0,"cards_upgraded":["Acrobatics","Flechettes"]},{"damage_healed":0,"gold_gain":0,"player_choice":"Box","damage_taken":0,"relics_obtained":["MawBank"],"max_hp_gain":0,"max_hp_loss":0,"event_name":"Big Fish","floor":14,"gold_loss":0,"cards_obtained":["Regret"]}],"is_beta":true,"boss_relics":[],"items_purged_floors":[],"is_endless":false,"potions_floor_spawned":[3,4,7,8,10],"killed_by":"The Guardian","ascension_level":20}}