{"host":"mcmecz6ns48biz64","time":1607468359,"event":{"gold_per_floor":[115,115,133,35,35,35,53,53,78,78,21,96,127,137,137,208,208,221,235,235,235,235],"floor_reached":21,"playtime":383,"items_purged":["Strike_R"],"score":354,"play_id":"e1e099a1-5743-40ba-b25f-8fb438e03185","local_time":"20201208175919","is_ascension_mode":true,"campfire_choices":[{"data":"Inflame","floor":6.0,"key":"SMITH"},{"data":"DDmod:PokeAttack","floor":8.0,"key":"SMITH"},{"data":"StuffTheSpire:Pyroclast","floor":10.0,"key":"SMITH"},{"data":"Armaments","floor":15.0,"key":"SMITH"}],"neow_cost":"","seed_source_timestamp":139719385275200,"circlet_count":0,"master_deck":["AscendersBane","Strike_R","Defend_R","Defend_R","Defend_R","Defend_R","Bash","Spot Weakness","Twin Strike","Inflame+1","StuffTheSpire:Pyroclast+1","Anger","Havoc+1","DDmod:PokeAttack+1","Uppercut","Armaments+1","Armaments","Invigoration","Double Tap","Entrench+1","conspire:HitWhereItHurts+1","Flex+1","StuffTheSpire:Slingshot+1","ReplayTheSpireMod:Strike From Hell"],"special_seed":0,"relics":["Burning Blood","conspire:InfiniteJournal","StuffTheSpire:DarkSteelAnvil","aspiration:HummingbirdHeart","MealTicket","Replay:Rubber Ducky","halation:PrussianBluePaint","Blue Candle","Astrolabe"],"potions_floor_usage":[19],"damage_taken":[{"damage":0.0,"enemies":"Small Slimes","floor":1.0,"turns":3.0},{"damage":3.0,"enemies":"2 Louse","floor":3.0,"turns":2.0},{"damage":0.0,"enemies":"Jaw Worm","floor":7.0,"turns":3.0},{"damage":7.0,"enemies":"3 Sentries","floor":13.0,"turns":4.0},{"damage":0.0,"enemies":"Looter","floor":14.0,"turns":2.0},{"damage":18.0,"enemies":"The Guardian","floor":16.0,"turns":7.0},{"damage":31,"enemies":"Shell Parasite","floor":18,"turns":4},{"damage":34,"enemies":"3 Byrds","floor":19,"turns":5},{"damage":54,"enemies":"Masked Bandits","floor":21,"turns":5}],"seed_played":"-3558800151220403435","potions_obtained":[{"floor":1.0,"key":"Weak Potion"},{"floor":7.0,"key":"Ancient Potion"},{"floor":19,"key":"BloodPotion"}],"is_trial":false,"path_per_floor":["M","?","M","$","?","R","M","R","T","R","$","?","E","M","R","B",null,"M","M","?","?"],"character_chosen":"IRONCLAD","items_purchased":["Spot Weakness","aspiration:HummingbirdHeart","Twin Strike","MealTicket","Inflame","Replay:Rubber Ducky","Havoc+1","DDmod:PokeAttack","Armaments"],"campfire_rested":0,"item_purchase_floors":[0,0,0,0,0,0,4,4,11],"current_hp_per_floor":[74,74,75,75,80,80,80,80,80,80,80,69,68,74,74,62,76,51,39,39,0,0],"gold":235,"neow_bonus":"","is_prod":false,"is_daily":false,"chose_seed":false,"campfire_upgraded":4,"win_rate":0,"timestamp":1607468359,"path_taken":["M","?","M","$","?","R","M","R","T","R","$","?","E","M","R","BOSS","M","M","?","?"],"build_version":"2020-11-30","purchased_purges":1,"victory":false,"max_hp_per_floor":[75,75,75,75,80,80,80,80,80,80,80,80,80,80,80,80,80,80,80,80,80,80],"card_choices":[{"not_picked":["Burning Pact","hubris:ReadiedAction"],"picked":"StuffTheSpire:Pyroclast","floor":1.0},{"not_picked":["Body Slam","Wild Strike"],"picked":"Anger","floor":3.0},{"not_picked":["hubris:CleavingFinish","Pommel Strike"],"picked":"Uppercut","floor":7.0},{"not_picked":["True Grit","conspire:ExplosiveBarrier"],"picked":"Armaments","floor":13.0},{"not_picked":["Clothesline","Absolvement"],"picked":"Invigoration","floor":14.0},{"not_picked":["conspire:Purge","DDmod:GrandUltimatumAttack"],"picked":"Double Tap","floor":16.0},{"not_picked":["Evolve","StuffTheSpire:RockThrow"],"picked":"StuffTheSpire:Slingshot+1","floor":18},{"not_picked":["Sever Soul","Bloodletting"],"picked":"ReplayTheSpireMod:Strike From Hell","floor":19}],"player_experience":935450,"relics_obtained":[{"floor":9.0,"key":"halation:PrussianBluePaint"},{"floor":13.0,"key":"Blue Candle"}],"event_choices":[{"damage_healed":0.0,"max_hp_gain":5.0,"max_hp_loss":0.0,"gold_gain":0.0,"event_name":"Big Fish","player_choice":"Donut","floor":5.0,"gold_loss":0.0,"damage_taken":0.0},{"damage_healed":0.0,"max_hp_gain":0.0,"max_hp_loss":0.0,"gold_gain":75.0,"event_name":"betterThird:BetterGoop","player_choice":"Gold","floor":12.0,"gold_loss":0.0,"damage_taken":11.0},{"damage_healed":0,"gold_gain":0,"player_choice":"Fought Bandits","damage_taken":0,"max_hp_gain":0,"max_hp_loss":0,"event_name":"Masked Bandits","floor":21,"gold_loss":0}],"is_beta":false,"boss_relics":[{"not_picked":["Tiny House","StuffTheSpire:ModemDavis"],"picked":"Astrolabe"}],"items_purged_floors":[0],"is_endless":false,"potions_floor_spawned":[1,7,19],"killed_by":"Masked Bandits","ascension_level":20}}