{"host":"guyab0tlx1bjcpcr","time":1607464826,"event":{"gold_per_floor":[117,133,133,149,163,189,189,189,189,217,74,74,74,109,109,213,213,199,295,311,328,328,328,359,359,359,359,359,359,378,378,378],"floor_reached":31,"playtime":1211,"items_purged":[],"score":337,"play_id":"f90dd26a-a223-4524-af2e-69d2f295e67b","local_time":"20201208160026","is_ascension_mode":true,"campfire_choices":[{"floor":8,"key":"REST"},{"floor":12,"key":"REST"},{"floor":15,"key":"REST"},{"floor":23,"key":"REST"},{"floor":25,"key":"REST"},{"data":"beaked:Foresight","floor":27,"key":"SMITH"}],"neow_cost":"NONE","seed_source_timestamp":163896097376100,"circlet_count":0,"master_deck":["beaked:Strike_Y","beaked:Strike_Y","beaked:Strike_Y","beaked:Defend_Y","beaked:Defend_Y","beaked:Defend_Y","beaked:Defend_Y","beaked:Ceremony","beaked:Ceremony","beaked:Ceremony","beaked:Insight","beaked:Foresight+1","Atom Bomb","Underhanded Strike","StuffTheSpire:BumpUp","beaked:SacrificialScars+1","Swift Strike","beaked:WarriorEssence","beaked:KnowThyFoe+1","beaked:RuinSticks+1","ReplayTheSpireMod:Splinters","Writhe","StuffTheSpire:WarGroove","beaked:Foresight"],"relics":["beaked:MendingPlumage","hubris:TenFootPole","hubris:Towel","BrokenLever","Replay:Baseball","Juzu Bracelet","SacredBark","halation:AfternoonTea","aspiration:EmptySkull","Gremlin Horn","GiantMaggot"],"potions_floor_usage":[10,14,16,16,18,24,31],"damage_taken":[{"damage":11,"enemies":"2 Louse","floor":1,"turns":3},{"damage":6,"enemies":"Jaw Worm","floor":2,"turns":6},{"damage":8,"enemies":"conspire:RoseBush","floor":4,"turns":4},{"damage":18,"enemies":"3 Louse","floor":5,"turns":4},{"damage":35,"enemies":"Lagavulin","floor":6,"turns":6},{"damage":32,"enemies":"Gremlin Nob","floor":10,"turns":4},{"damage":17,"enemies":"Lagavulin","floor":14,"turns":5},{"damage":19,"enemies":"Hexaghost","floor":16,"turns":8},{"damage":38,"enemies":"2 Thieves","floor":18,"turns":5},{"damage":20,"enemies":"3 Byrds","floor":20,"turns":4},{"damage":47,"enemies":"Snake Plant","floor":21,"turns":8},{"damage":47,"enemies":"conspire:SneckoGhost","floor":24,"turns":10},{"damage":43,"enemies":"conspire:HollyBat","floor":30,"turns":9},{"damage":39,"enemies":"Colosseum Slavers","floor":31,"turns":3}],"seed_played":"-560827795784522759","potions_obtained":[{"floor":2,"key":"Adrenaline Potion"},{"floor":4,"key":"SmokeBomb"},{"floor":6,"key":"DuplicationPotion"},{"floor":14,"key":"Fire Potion"},{"floor":21,"key":"SpeedPotion"},{"floor":24,"key":"Energy Potion"},{"floor":30,"key":"Milkshake"}],"is_trial":false,"path_per_floor":["M","M","?","M","M","E","?","R","T","E","$","R","?","E","R","B",null,"M","?","M","M","?","R","E","R","T","R","?","?","M","?"],"character_chosen":"BEAKED_THE_CULTIST","items_purchased":["Swift Strike","Block Potion"],"campfire_rested":5,"item_purchase_floors":[11,11],"current_hp_per_floor":[49,55,55,50,40,12,12,29,29,3,3,20,20,10,28,40,63,34,34,26,7,7,27,22,43,43,43,43,34,27,0,0],"gold":378,"neow_bonus":"TEN_PERCENT_HP_BONUS","is_prod":false,"is_daily":false,"chose_seed":false,"campfire_upgraded":1,"win_rate":0,"timestamp":1607464826,"path_taken":["M","M","?","M","M","E","?","R","T","E","?","R","?","E","R","BOSS","M","?","M","M","?","R","E","R","T","R","?","?","M","?"],"build_version":"2020-11-30","purchased_purges":0,"victory":false,"max_hp_per_floor":[55,55,55,55,55,57,57,57,57,57,57,57,57,60,60,63,63,66,66,69,69,69,69,72,72,72,72,72,72,75,75,75],"card_choices":[{"not_picked":["beaked:DigDeep","beaked:Cower"],"picked":"beaked:Insight","floor":1},{"not_picked":["beaked:Insight","beaked:FeelMyPain"],"picked":"beaked:Foresight","floor":2},{"not_picked":["beaked:Devastation","beaked:Insight","beaked:DigDeep"],"picked":"SKIP","floor":4},{"not_picked":["beaked:Tradeoff","beaked:Negation"],"picked":"beaked:SacrificialScars","floor":5},{"not_picked":["beaked:WarriorEssence","beaked:Foresight","beaked:BounceBack"],"picked":"SKIP","floor":6},{"not_picked":["beaked:BraceForImpact","beaked:Overexert","beaked:SacrificialDive"],"picked":"SKIP","floor":10},{"not_picked":["beaked:CursingBlood","beaked:VolatileMisfortune"],"picked":"beaked:WarriorEssence","floor":14},{"not_picked":["beaked:DarkPact","beaked:FullHouse"],"picked":"beaked:KnowThyFoe","floor":16},{"not_picked":["beaked:SurvivalInstinct","beaked:Redirect+1"],"picked":"beaked:RuinSticks+1","floor":18},{"not_picked":["beaked:DigDeeper","beaked:Overpower","beaked:CrazyRituals+1"],"picked":"SKIP","floor":20},{"not_picked":["beaked:Caw","beaked:DigDeep+1","beaked:Flinch"],"picked":"SKIP","floor":21},{"not_picked":["ReplayTheSpireMod:RavenHex","beaked:Windmill","beaked:Hexing"],"picked":"SKIP","floor":24},{"not_picked":["beaked:MimicMachine","beaked:CursingBlood+1"],"picked":"beaked:Foresight","floor":30}],"player_experience":1725405,"relics_obtained":[{"floor":6,"key":"hubris:TenFootPole"},{"floor":9,"key":"BrokenLever"},{"floor":10,"key":"Replay:Baseball"},{"floor":14,"key":"Juzu Bracelet"},{"floor":19,"key":"halation:AfternoonTea"},{"floor":24,"key":"aspiration:EmptySkull"},{"floor":26,"key":"Gremlin Horn"}],"event_choices":[{"damage_healed":0,"gold_gain":0,"player_choice":"Grow","damage_taken":0,"max_hp_gain":0,"max_hp_loss":0,"event_name":"Living Wall","floor":13,"gold_loss":0,"cards_upgraded":["beaked:SacrificialScars"]},{"damage_healed":0,"gold_gain":0,"player_choice":"Forge","damage_taken":0,"max_hp_gain":0,"max_hp_loss":0,"event_name":"Accursed Blacksmith","floor":22,"gold_loss":0,"cards_upgraded":["beaked:KnowThyFoe"]},{"damage_healed":0,"gold_gain":0,"player_choice":"Opened","damage_taken":0,"relics_obtained":["GiantMaggot"],"max_hp_gain":0,"max_hp_loss":0,"event_name":"The Mausoleum","floor":28,"gold_loss":0,"cards_obtained":["Writhe"]},{"damage_healed":0,"gold_gain":0,"player_choice":"Fight","damage_taken":0,"max_hp_gain":0,"max_hp_loss":0,"event_name":"Colosseum","floor":31,"gold_loss":0}],"is_beta":false,"boss_relics":[{"not_picked":["Fusion Hammer","CosmicIsotope"],"picked":"SacredBark"}],"items_purged_floors":[],"is_endless":false,"potions_floor_spawned":[2,4,6,14,21,24,30],"killed_by":"Colosseum Slavers","ascension_level":3}}