{"host":"og6lam4kt3nibbw0","time":1607471513,"event":{"gold_per_floor":[109,125,0,19,19,19,39,39,39,39,39],"floor_reached":10,"playtime":274,"items_purged":["Decay"],"score":116,"play_id":"49a5e2d1-8d7f-4623-abb3-bb0e2f2bcc9e","local_time":"20201209085153","is_ascension_mode":true,"campfire_choices":[{"data":"Catalyst","floor":6.0,"key":"SMITH"},{"floor":8.0,"key":"REST"}],"neow_cost":"CURSE","seed_source_timestamp":0,"circlet_count":0,"master_deck":["AscendersBane","Strike_G","Strike_G","Strike_G","Strike_G","Defend_G","Defend_G","Defend_G","Defend_G","Survivor","Neutralize","Blur","Catalyst+1","Acrobatics","Dodge and Roll","Poisoned Stab","Bane","Dagger Spray"],"special_seed":0,"relics":["Ring of the Snake","Ornamental Fan"],"potions_floor_usage":[],"damage_taken":[{"damage":8.0,"enemies":"Cultist","floor":1.0,"turns":5.0},{"damage":8.0,"enemies":"Small Slimes","floor":2.0,"turns":6.0},{"damage":5.0,"enemies":"2 Louse","floor":4.0,"turns":3.0},{"damage":28.0,"enemies":"Gremlin Gang","floor":7.0,"turns":11.0},{"damage":0,"enemies":"Gremlin Nob","floor":10,"turns":1}],"seed_played":"1577369589666112410","potions_obtained":[{"floor":1.0,"key":"Swift Potion"}],"is_trial":false,"path_per_floor":["M","M","$","M","?","R","M","R","T","E"],"character_chosen":"THE_SILENT","items_purchased":["Poisoned Stab"],"campfire_rested":1,"item_purchase_floors":[3],"current_hp_per_floor":[51,43,43,38,38,38,10,29,29,29,29],"gold":39,"neow_bonus":"TRANSFORM_TWO_CARDS","is_prod":false,"is_daily":false,"chose_seed":false,"campfire_upgraded":1,"win_rate":0,"timestamp":1607471513,"path_taken":["M","?","$","M","?","R","M","R","T","E"],"build_version":"2020-11-30","purchased_purges":1,"victory":false,"max_hp_per_floor":[66,66,66,66,66,66,66,66,66,66,66],"card_choices":[{"not_picked":["Blade Dance","Underhanded Strike"],"picked":"Acrobatics","floor":1.0},{"not_picked":["Deflect","Outmaneuver"],"picked":"Dodge and Roll","floor":2.0},{"not_picked":["Acrobatics","Underhanded Strike"],"picked":"Bane","floor":4.0},{"not_picked":["Calculated Gamble","Cloak And Dagger"],"picked":"Dagger Spray","floor":7.0}],"player_experience":748606,"relics_obtained":[{"floor":9.0,"key":"Ornamental Fan"}],"event_choices":[{"damage_healed":0.0,"max_hp_gain":0.0,"max_hp_loss":0.0,"gold_gain":0.0,"event_name":"Liars Game","player_choice":"Ignored","floor":5.0,"gold_loss":0.0,"damage_taken":0.0}],"is_beta":false,"boss_relics":[],"items_purged_floors":[3],"is_endless":false,"potions_floor_spawned":[1],"killed_by":"Gremlin Nob","ascension_level":20}}