{"host":"am0cr9xwekqmrere","time":1607467789,"event":{"gold_per_floor":[110,110,127,58,8,37,37,74,101,101,111,111,142,142,142,261,311,330,348,318,328,352,409,409,409,409,16,25,42,62,95,95,197,197,215,215,139,176,193,193,193,193,493,493,522,522,557,572,572,593],"floor_reached":51,"playtime":2143,"items_purged":[],"score":1031,"play_id":"4c4e1940-7b3e-42e6-b68f-a5f2b70f7b4d","local_time":"20201208164949","is_ascension_mode":false,"campfire_choices":[{"floor":7.0,"key":"REST"},{"data":"RobotSpaceExplorer:MiniBoosters","floor":12.0,"key":"SMITH"},{"floor":15,"key":"REST"},{"floor":24,"key":"REST"},{"floor":32,"key":"REST"},{"floor":40,"key":"REST"},{"data":"RobotSpaceExplorer:Autoloader","floor":42,"key":"SMITH"},{"data":"RobotSpaceExplorer:Exploration","floor":44,"key":"SMITH"},{"floor":49,"key":"REST"}],"neow_cost":"","seed_source_timestamp":966356158701900,"circlet_count":0,"master_deck":["RobotSpaceExplorer:Strike","RobotSpaceExplorer:Strike","RobotSpaceExplorer:Strike","RobotSpaceExplorer:Defend","RobotSpaceExplorer:Defend","RobotSpaceExplorer:Defend","RobotSpaceExplorer:Scan","RobotSpaceExplorer:MiniLasers","RobotSpaceExplorer:MetalStrike","RobotSpaceExplorer:SurgingShield","RobotSpaceExplorer:FranticSearch+1","RobotSpaceExplorer:MiniDrones","RobotSpaceExplorer:ScrapToss","conspire:SpireCoStock","RobotSpaceExplorer:MiniBoosters+1","RobotSpaceExplorer:SurgingShield","RobotSpaceExplorer:FreezeRay","RobotSpaceExplorer:Probe","RobotSpaceExplorer:Blaster","RobotSpaceExplorer:Autoloader+1","RobotSpaceExplorer:MiniDrones","RobotSpaceExplorer:Pulsar+1","RobotSpaceExplorer:DualCore","RobotSpaceExplorer:Probe","RobotSpaceExplorer:PowerCollector","RobotSpaceExplorer:Probe","RobotSpaceExplorer:PlasmaMissile","RobotSpaceExplorer:PowerCollector+1","RobotSpaceExplorer:FreezeRay","RobotSpaceExplorer:Probe","RobotSpaceExplorer:Asteroid","RobotSpaceExplorer:StarLightning+1","RobotSpaceExplorer:MiniBoosters+1","CurseOfTheBell","RobotSpaceExplorer:Multitool","RobotSpaceExplorer:RigExplosive+1","RobotSpaceExplorer:SurgingShield+1"],"special_seed":0,"relics":["RobotSpaceExplorer:RoboCore","CultistMask","Question Card","Orichalcum","Lantern","Tiny House","Bag of Marbles","MealTicket","Bag of Preparation","Bottled Tornado","Membership Card","Gremlin Horn","Bronze Scales","hubris:Backtick","Mummified Hand","RobotSpaceExplorer:ClockworkSextant","Calling Bell","infinitespire:PuzzleCube","infinitespire:BottledMercury","hubris:Spice","Old Coin","infinitespire:Bottled Soul"],"potions_floor_usage":[16,19,21,23,23,28,29,31,38,48,50],"damage_taken":[{"damage":3.0,"enemies":"Small Slimes","floor":1.0,"turns":4.0},{"damage":2.0,"enemies":"Cultist","floor":3.0,"turns":4.0},{"damage":10.0,"enemies":"Gremlin Nob","floor":6.0,"turns":5.0},{"damage":8.0,"enemies":"2 Louse","floor":8.0,"turns":4.0},{"damage":4.0,"enemies":"Large Slime","floor":11.0,"turns":4.0},{"damage":9.0,"enemies":"3 Sentries","floor":13.0,"turns":6.0},{"damage":26,"enemies":"Hexaghost","floor":16,"turns":12},{"damage":0,"enemies":"Chosen","floor":18,"turns":5},{"damage":13,"enemies":"3 Byrds","floor":19,"turns":5},{"damage":13,"enemies":"Snake Plant","floor":21,"turns":6},{"damage":7,"enemies":"Centurion and Healer","floor":22,"turns":7},{"damage":12,"enemies":"conspire:SneckoGhost","floor":23,"turns":7},{"damage":11,"enemies":"3 Cultists","floor":28,"turns":4},{"damage":21,"enemies":"Sentry and Sphere","floor":29,"turns":4},{"damage":0,"enemies":"Snecko","floor":30,"turns":3},{"damage":4,"enemies":"Snake Plant","floor":31,"turns":4},{"damage":0,"enemies":"Champ","floor":33,"turns":5},{"damage":17,"enemies":"3 Shapes","floor":35,"turns":3},{"damage":0,"enemies":"3 Darklings","floor":38,"turns":2},{"damage":28,"enemies":"Writhing Mass","floor":39,"turns":4},{"damage":0,"enemies":"Transient","floor":45,"turns":5},{"damage":1,"enemies":"4 Shapes","floor":47,"turns":3},{"damage":0,"enemies":"Writhing Mass","floor":48,"turns":2},{"damage":40,"enemies":"Donu and Deca","floor":50,"turns":6}],"seed_played":"502675820895667043","potions_obtained":[{"floor":3.0,"key":"PowerPotion"},{"floor":8.0,"key":"Swift Potion"},{"floor":13.0,"key":"LiquidMemories"},{"floor":16,"key":"RobotSpaceExplorer:PlasmaFlask"},{"floor":17,"key":"FairyPotion"},{"floor":20,"key":"BlessingOfTheForge"},{"floor":21,"key":"EssenceOfSteel"},{"floor":23,"key":"RobotSpaceExplorer:PlasmaFlask"},{"floor":28,"key":"Regen Potion"},{"floor":29,"key":"DistilledChaos"},{"floor":30,"key":"CultistPotion"},{"floor":35,"key":"DistilledChaos"},{"floor":47,"key":"FearPotion"}],"is_trial":false,"path_per_floor":["M","?","M","$","?","E","R","M","T","?","M","R","E","?","R","B",null,"M","M","?","M","M","E","R","?","T","$","M","M","M","M","R","B",null,"M","?","$","M","M","R","AVR","R","T","R","M","?","M","M","R","B",null],"character_chosen":"RobotSpaceExplorer","items_purchased":["RobotSpaceExplorer:MetalStrike","RobotSpaceExplorer:SurgingShield","RobotSpaceExplorer:FranticSearch","RobotSpaceExplorer:DualCore","Membership Card","Gremlin Horn","Bronze Scales","RobotSpaceExplorer:PlasmaMissile","RobotSpaceExplorer:ClockworkSextant"],"campfire_rested":6,"item_purchase_floors":[0,0,0,4,27,27,27,27,37],"current_hp_per_floor":[66,66,64,64,64,54,75,67,67,67,63,63,54,57,78,52,83,83,70,70,57,50,38,62,23,23,38,27,18,18,14,38,38,83,66,66,81,81,53,77,85,85,85,85,85,85,84,84,91,51],"gold":593,"neow_bonus":"","is_prod":false,"is_daily":false,"chose_seed":false,"campfire_upgraded":3,"win_rate":0,"timestamp":1607467789,"path_taken":["M","?","?","$","?","E","R","M","T","?","?","R","E","?","R","BOSS","M","M","?","M","M","E","R","?","T","$","M","M","?","M","R","BOSS","M","?","$","M","M","R","AVR","R","T","R","M","?","M","M","R","BOSS"],"build_version":"2020-11-30","purchased_purges":0,"victory":true,"max_hp_per_floor":[75,75,75,75,75,75,75,75,75,75,75,75,75,78,78,78,83,83,83,83,83,83,83,83,83,83,83,83,83,83,83,83,83,83,83,83,83,83,83,83,91,91,91,91,91,91,91,91,91,91],"card_choices":[{"not_picked":["RobotSpaceExplorer:SurgingShield","RobotSpaceExplorer:FranticSearch"],"picked":"RobotSpaceExplorer:MiniDrones","floor":1.0},{"not_picked":["RobotSpaceExplorer:ShockKick","RobotSpaceExplorer:SurgingStrike"],"picked":"RobotSpaceExplorer:ScrapToss","floor":3.0},{"not_picked":["RobotSpaceExplorer:Asteroid","RobotSpaceExplorer:SwiftStep"],"picked":"RobotSpaceExplorer:MiniBoosters","floor":6.0},{"not_picked":["RobotSpaceExplorer:Ammunition","RobotSpaceExplorer:FranticSearch","RobotSpaceExplorer:ShockKick"],"picked":"RobotSpaceExplorer:SurgingShield","floor":8.0},{"not_picked":["RobotSpaceExplorer:Pulsar","RobotSpaceExplorer:Ammunition","RobotSpaceExplorer:SwiftStep"],"picked":"RobotSpaceExplorer:Probe","floor":11.0},{"not_picked":["RobotSpaceExplorer:Probe","RobotSpaceExplorer:LuckyStrike","RobotSpaceExplorer:Pulsar"],"picked":"RobotSpaceExplorer:Blaster","floor":13.0},{"not_picked":["RobotSpaceExplorer:Asteroid","RobotSpaceExplorer:Exploration","RobotSpaceExplorer:Wormhole"],"picked":"RobotSpaceExplorer:Autoloader","floor":16},{"not_picked":["RobotSpaceExplorer:Calculate","RobotSpaceExplorer:Probe","RobotSpaceExplorer:MetalStrike"],"picked":"RobotSpaceExplorer:MiniDrones","floor":17},{"not_picked":["RobotSpaceExplorer:IronShell","RobotSpaceExplorer:ShovelStrike","RobotSpaceExplorer:DoubleBlock+1"],"picked":"RobotSpaceExplorer:Pulsar+1","floor":18},{"not_picked":["RobotSpaceExplorer:FrostMissile","RobotSpaceExplorer:FreezingShield","RobotSpaceExplorer:FranticSearch+1"],"picked":"RobotSpaceExplorer:DualCore","floor":19},{"not_picked":["RobotSpaceExplorer:SlimeMissile+1","RobotSpaceExplorer:Pulsar","RobotSpaceExplorer:Asteroid"],"picked":"RobotSpaceExplorer:Probe","floor":21},{"not_picked":["RobotSpaceExplorer:ShovelStrike","RobotSpaceExplorer:Pulsar","RobotSpaceExplorer:DoubleBlock"],"picked":"RobotSpaceExplorer:PowerCollector","floor":22},{"not_picked":["RobotSpaceExplorer:GlueShot","RobotSpaceExplorer:ImprovisedAttack","RobotSpaceExplorer:Explosion"],"picked":"RobotSpaceExplorer:Probe","floor":23},{"not_picked":["RobotSpaceExplorer:Discharger+1","RobotSpaceExplorer:DoubleFind","RobotSpaceExplorer:SwiftStep"],"picked":"RobotSpaceExplorer:PowerCollector+1","floor":28},{"not_picked":["RobotSpaceExplorer:TurboDodge","RobotSpaceExplorer:SwiftStep","RobotSpaceExplorer:SurgingShield"],"picked":"RobotSpaceExplorer:Wormhole","floor":29},{"not_picked":["RobotSpaceExplorer:ShovelStrike+1","RobotSpaceExplorer:DoubleBlock+1","RobotSpaceExplorer:ToxicBomb"],"picked":"RobotSpaceExplorer:FreezeRay","floor":30},{"not_picked":["RobotSpaceExplorer:MetalStrike","RobotSpaceExplorer:ShovelStrike","RobotSpaceExplorer:ScrapToss"],"picked":"RobotSpaceExplorer:Probe","floor":31},{"not_picked":["RobotSpaceExplorer:Accelerator","RobotSpaceExplorer:ChargingLaser","RobotSpaceExplorer:BlastShield"],"picked":"RobotSpaceExplorer:Asteroid","floor":33},{"not_picked":["RobotSpaceExplorer:Counterblock","RobotSpaceExplorer:Electroshield+1","RobotSpaceExplorer:ImprovisedAttack+1"],"picked":"RobotSpaceExplorer:StarLightning+1","floor":35},{"not_picked":["RobotSpaceExplorer:ShockKick+1","RobotSpaceExplorer:MetalStrike+1","RobotSpaceExplorer:SurgingStrike"],"picked":"RobotSpaceExplorer:MiniBoosters+1","floor":38},{"not_picked":["RobotSpaceExplorer:Pulsar+1","RobotSpaceExplorer:ShovelStrike+1","RobotSpaceExplorer:ScrapMissile"],"picked":"RobotSpaceExplorer:Exploration","floor":39},{"not_picked":["RobotSpaceExplorer:SurgingShield+1","RobotSpaceExplorer:GlueShot+1","RobotSpaceExplorer:DoubleFind+1"],"picked":"RobotSpaceExplorer:Multitool","floor":45},{"not_picked":["RobotSpaceExplorer:ScrapMissile+1","RobotSpaceExplorer:MetalStrike+1","RobotSpaceExplorer:MiniDrones"],"picked":"RobotSpaceExplorer:RigExplosive+1","floor":47},{"not_picked":["RobotSpaceExplorer:Jetpack+1","RobotSpaceExplorer:StunGrenade+1","RobotSpaceExplorer:Pulsar"],"picked":"RobotSpaceExplorer:SurgingShield+1","floor":48}],"player_experience":2324990,"relics_obtained":[{"floor":6.0,"key":"Question Card"},{"floor":9.0,"key":"Orichalcum"},{"floor":13.0,"key":"Lantern"},{"floor":23,"key":"Bag of Marbles"},{"floor":26,"key":"Bottled Tornado"},{"floor":41,"key":"infinitespire:PuzzleCube"},{"floor":41,"key":"infinitespire:BottledMercury"},{"floor":41,"key":"hubris:Spice"},{"floor":43,"key":"Old Coin"},{"floor":45,"key":"infinitespire:Bottled Soul"}],"event_choices":[{"damage_healed":0.0,"max_hp_gain":0.0,"max_hp_loss":0.0,"gold_gain":0.0,"event_name":"FaceTrader","player_choice":"Trade","floor":2.0,"gold_loss":0.0,"damage_taken":0.0,"relics_obtained":["CultistMask"]},{"damage_healed":0.0,"max_hp_gain":0.0,"max_hp_loss":0.0,"gold_gain":0.0,"event_name":"conspire:Investor","player_choice":"Invest 1","floor":5.0,"gold_loss":0.0,"damage_taken":0.0},{"damage_healed":0.0,"max_hp_gain":0.0,"max_hp_loss":0.0,"gold_gain":0.0,"cards_transformed":["RobotSpaceExplorer:Strike"],"event_name":"Transmorgrifier","player_choice":"Transformed","floor":10.0,"gold_loss":0.0,"damage_taken":0.0,"cards_obtained":["RobotSpaceExplorer:FreezeRay"]},{"damage_healed":0,"gold_gain":0,"player_choice":"Bought 2 Potions","damage_taken":0,"max_hp_gain":0,"max_hp_loss":0,"event_name":"The Woman in Blue","floor":20,"gold_loss":0},{"damage_healed":0,"gold_gain":0,"player_choice":"RE RE ","damage_taken":43,"relics_obtained":["MealTicket","Bag of Preparation"],"max_hp_gain":0,"max_hp_loss":0,"event_name":"betterSkull:BetterSkull","floor":25,"gold_loss":0,"cards_upgraded":[]},{"cards_removed":["RobotSpaceExplorer:DualCore"],"damage_healed":0,"gold_gain":0,"player_choice":"Removed Power","damage_taken":0,"max_hp_gain":0,"max_hp_loss":0,"event_name":"Falling","floor":36,"gold_loss":0}],"is_beta":false,"boss_relics":[{"not_picked":["infinitespire:Cupcake","Busted Crown"],"picked":"Tiny House"},{"not_picked":["SlaversCollar","hubris:CrackedHourglass"],"picked":"hubris:Backtick"}],"items_purged_floors":[],"is_endless":false,"potions_floor_spawned":[3,8,13,16,21,23,28,29,30,35,47],"ascension_level":0}}