{"host":"fhq3k2nq5elnbks3","time":1607469970,"event":{"gold_per_floor":[219,240,107,107,131,131,169,169,169,169,214,214,224,224],"floor_reached":13,"playtime":1072,"items_purged":[],"score":91,"play_id":"90d5a1a2-62f5-4726-81d9-1f2426d8881d","local_time":"20201208172610","is_ascension_mode":false,"campfire_choices":[{"data":"thethorton:CreditCard","floor":6,"key":"SMITH"},{"data":"thethorton:Heckle","floor":12,"key":"SMITH"}],"neow_cost":"NONE","seed_source_timestamp":45275414937700,"circlet_count":0,"master_deck":["thethorton:Strike","thethorton:Strike","thethorton:Strike","thethorton:Strike","thethorton:Defend+1","thethorton:Defend","thethorton:Defend","thethorton:Defend","thethorton:Heckle+1","thethorton:CreditCard+1","Normality","thethorton:BusinessBash","thethorton:HitAhead","thethorton:ThickSkin","thethorton:SnowDay","thethorton:ScalingIsWin"],"relics":["thethorton:CouragePotion","MerchantsRug","Orichalcum","BlackRope","Pen Nib"],"potions_floor_usage":[7],"damage_taken":[{"damage":6,"enemies":"Hallownest:2_Baldur","floor":1,"turns":7},{"damage":8,"enemies":"Hallownest:monsterHuskWarrior","floor":2,"turns":12},{"damage":6,"enemies":"Hallownest:monsterHuskGuard","floor":5,"turns":5},{"damage":6,"enemies":"Hallownest:eliteVengeflyKing","floor":7,"turns":10},{"damage":29,"enemies":"Hallownest:eliteMossKnight","floor":11,"turns":12},{"damage":13,"enemies":"Hallownest:eliteCrystalGuardian","floor":13,"turns":5}],"seed_played":"5314713079638341239","potions_obtained":[{"floor":1,"key":"EssenceOfSteel"},{"floor":5,"key":"DistilledChaos"}],"is_trial":false,"path_per_floor":["M","M","$","?","M","R","E","?","T","?","E","R","E"],"character_chosen":"THE_THORT","items_purchased":["MerchantsRug"],"campfire_rested":0,"item_purchase_floors":[3],"current_hp_per_floor":[62,54,54,45,39,39,33,40,40,40,11,11,0,0],"gold":224,"neow_bonus":"HUNDRED_GOLD","is_prod":false,"is_daily":false,"chose_seed":false,"campfire_upgraded":2,"win_rate":0.0,"timestamp":1607469970,"path_taken":["M","M","$","?","M","R","E","?","T","?","E","R","E"],"build_version":"2020-11-30","purchased_purges":0,"victory":false,"max_hp_per_floor":[68,68,68,68,68,68,68,68,68,68,68,68,68,68],"card_choices":[{"not_picked":["thethorton:ChartProject","thethorton:SicklyRun"],"picked":"thethorton:BusinessBash","floor":1},{"not_picked":["thethorton:WhirlingBriefcase","thethorton:FearfulRun"],"picked":"thethorton:HitAhead","floor":2},{"not_picked":["thethorton:FocusStrength","thethorton:DoubleRun"],"picked":"thethorton:ThickSkin","floor":5},{"not_picked":["thethorton:TakeAccounts","thethorton:BattleTrash"],"picked":"thethorton:SnowDay","floor":7},{"not_picked":["thethorton:ElbowSmash","thethorton:TakeAccounts"],"picked":"thethorton:ScalingIsWin","floor":11}],"player_experience":474367,"relics_obtained":[{"floor":7,"key":"Orichalcum"},{"floor":9,"key":"BlackRope"},{"floor":11,"key":"Pen Nib"}],"event_choices":[],"is_beta":false,"boss_relics":[],"items_purged_floors":[],"is_endless":false,"potions_floor_spawned":[1,5],"killed_by":"Hallownest:eliteCrystalGuardian","ascension_level":0}}