{"host":"bg0cyinkrjnqf173","time":1607471042,"event":{"gold_per_floor":[111,124,124,124,90,133,76,76,101,146,174,208,208,232,232,364,364,393,318,350,350,379,379,478,478,533,533,580,580,607,637,637,770,870,960,960,960,983,992,1099,1099,1203,1228,1350,1472,1311,1418,1540,1540,1540],"floor_reached":51,"playtime":2693,"items_purged":["blademaster:Strike","blademaster:Sharpen+1"],"score":812,"play_id":"7d384703-3e0f-4c34-afb0-497b416ae78b","local_time":"20201208184402","is_ascension_mode":false,"campfire_choices":[{"data":"blademaster:Havoc","floor":13,"key":"SMITH"},{"floor":15,"key":"REST"},{"data":"blademaster:Quickstep","floor":23,"key":"SMITH"},{"data":"blademaster:CloudOfSteel","floor":25,"key":"SMITH"},{"floor":27,"key":"REST"},{"data":"blademaster:ColdBlood","floor":29,"key":"SMITH"},{"floor":32,"key":"REST"},{"data":"blademaster:Havoc","floor":41,"key":"SMITH"},{"data":"blademaster:SharpBlades","floor":49,"key":"SMITH"}],"neow_cost":"NONE","seed_source_timestamp":250368764617700,"circlet_count":0,"master_deck":["blademaster:Strike+1","blademaster:Defend+1","blademaster:Defend+1","blademaster:Defend+1","blademaster:Defend+1","blademaster:RagingBlow+1","blademaster:HighVoltage+1","blademaster:Safeguard","blademaster:DragonStrike+1","infinitespire:Oblivion+1","blademaster:DaggerAndCloak+1","blademaster:DaggerAndCloak+1","blademaster:LeechingStrike","blademaster:Havoc+1","blademaster:Havoc+1","blademaster:Flurry+1","blademaster:FuriousStrike+1","blademaster:CloudOfSteel+1","blademaster:Quickstep+1","blademaster:ColdBlood+1","blademaster:EyeOfTheStorm+1","blademaster:DaggerAndCloak+1","blademaster:Meditate","blademaster:AwakeningDefend+1","blademaster:FuryOfTheElements","blademaster:Thrust+1","blademaster:SharpBlades+1","blademaster:StanceMastery","blademaster:Havoc+1","blademaster:ColdBlood","blademaster:AirSlash","blademaster:CombatPrep+1","blademaster:AwakeningDefend+1","blademaster:SharpBlades+1"],"special_seed":0,"relics":["blademaster:DancersAmulet","Golden Idol","RollingBoulder","ReplayTheSpireMod:TigerMarble","CeramicFish","halation:HeavySnake","Replay:Rubber Ducky","aspiration:EmptySkull","Replay:Wanted Poster","infinitespire:EvilPickle","Replay:Ringing Soul","hubris:SlimyHat","infinitespire:PuzzleCube","PreservedInsect","infinitespire:Golems Mask"],"potions_floor_usage":[6,6,16,22,33,33,44,47,50],"damage_taken":[{"damage":4,"enemies":"2 Louse","floor":1,"turns":2},{"damage":0,"enemies":"Cultist","floor":2,"turns":3},{"damage":9,"enemies":"Lagavulin","floor":6,"turns":5},{"damage":0,"enemies":"Replay:BlueRogue","floor":10,"turns":3},{"damage":0,"enemies":"Small Slimes","floor":11,"turns":2},{"damage":0,"enemies":"Looter","floor":12,"turns":2},{"damage":4,"enemies":"conspire:2 RoseBushes","floor":14,"turns":2},{"damage":6,"enemies":"Slime Boss","floor":16,"turns":6},{"damage":0,"enemies":"Chosen","floor":18,"turns":3},{"damage":10,"enemies":"3 Byrds","floor":20,"turns":5},{"damage":19,"enemies":"Centurion and Healer","floor":22,"turns":5},{"damage":24,"enemies":"Gremlin Leader","floor":28,"turns":5},{"damage":11,"enemies":"Chosen and Byrds","floor":30,"turns":6},{"damage":10,"enemies":"Snake Plant","floor":31,"turns":3},{"damage":7,"enemies":"Pondfish","floor":33,"turns":8},{"damage":0,"enemies":"3 Darklings","floor":35,"turns":4},{"damage":0,"enemies":"3 Shapes","floor":38,"turns":3},{"damage":23,"enemies":"Giant Head","floor":40,"turns":7},{"damage":0,"enemies":"3 Darklings","floor":42,"turns":3},{"damage":20,"enemies":"Nightmare","floor":44,"turns":7},{"damage":0,"enemies":"Sphere and 2 Shapes","floor":45,"turns":3},{"damage":9,"enemies":"Jaw Worm Horde","floor":47,"turns":4},{"damage":7,"enemies":"Maw","floor":48,"turns":4},{"damage":44,"enemies":"infinitespire:MassOfShapes","floor":50,"turns":7}],"seed_played":"-2877917651023465728","potions_obtained":[{"floor":1,"key":"Strength Potion"},{"floor":2,"key":"LifebloodPotion"},{"floor":6,"key":"Adrenaline Potion"},{"floor":10,"key":"Swift Potion"},{"floor":22,"key":"Elixir"},{"floor":28,"key":"GamblersBrew"},{"floor":30,"key":"EssenceOfSteel"},{"floor":33,"key":"Explosive Potion"},{"floor":45,"key":"ColorlessPotion"},{"floor":48,"key":"Milkshake"}],"is_trial":false,"path_per_floor":["M","M","?","?","$","E","$","?","T","E","M","M","R","M","R","B",null,"M","?","M","?","M","R","?","R","T","R","E","R","M","M","R","B",null,"M","AVR","?","M","?","E","R","M","T","NM","M","$","M","M","R","B",null],"character_chosen":"THE_BLADEMASTER","items_purchased":["blademaster:DaggerAndCloak","blademaster:Havoc","infinitespire:Golems Mask"],"campfire_rested":3,"item_purchase_floors":[5,7,46],"current_hp_per_floor":[71,71,69,52,52,43,43,43,43,44,44,44,44,43,64,58,70,70,70,60,60,41,41,41,41,41,62,38,38,30,23,44,64,70,70,70,70,73,76,62,62,68,68,51,57,57,51,47,47,12],"gold":1540,"neow_bonus":"RANDOM_EVENT","is_prod":false,"is_daily":false,"chose_seed":false,"campfire_upgraded":6,"win_rate":0.0,"timestamp":1607471042,"path_taken":["M","M","?","?","$","E","$","?","T","E","?","M","R","M","R","BOSS","M","?","M","?","?","R","?","R","T","R","E","R","M","M","R","BOSS","M","AVR","?","M","?","E","R","M","T","NM","?","$","M","M","R","BOSS"],"build_version":"2020-11-30","purchased_purges":2,"victory":true,"max_hp_per_floor":[75,75,69,69,69,69,69,69,69,70,70,70,70,70,70,70,70,70,70,70,70,70,70,70,70,70,70,70,70,70,70,70,70,70,70,70,70,73,76,79,79,82,82,85,88,88,91,94,94,94],"card_choices":[{"not_picked":["blademaster:Frontflip","blademaster:Sunder"],"picked":"blademaster:Sharpen","floor":1},{"not_picked":["blademaster:Sharpen","blademaster:Cut"],"picked":"blademaster:DragonStrike","floor":2},{"not_picked":["ReplayTheSpireMod:Echoes of Time","infinitespire:Punishment"],"picked":"infinitespire:Oblivion","floor":4},{"not_picked":["blademaster:Sharpen","blademaster:Blindside"],"picked":"blademaster:LeechingStrike","floor":6},{"not_picked":["blademaster:AirSlash","blademaster:Momentum"],"picked":"blademaster:Flurry","floor":10},{"not_picked":["blademaster:AncestralHealing","blademaster:Breeze"],"picked":"blademaster:FuriousStrike","floor":11},{"not_picked":["blademaster:Stability","blademaster:Sharpen"],"picked":"blademaster:AwakeningStrike","floor":12},{"not_picked":["blademaster:AwakeningDefend","blademaster:Stability","blademaster:ParryingStrike"],"picked":"SKIP","floor":14},{"not_picked":["blademaster:ColdBlood","blademaster:StanceMastery"],"picked":"blademaster:CloudOfSteel","floor":16},{"not_picked":["blademaster:Sunder+1","blademaster:AwakeningDefend+1"],"picked":"blademaster:Quickstep","floor":18},{"not_picked":["blademaster:AspectOfLightning+1","blademaster:DragonStrike"],"picked":"blademaster:ColdBlood","floor":20},{"not_picked":["blademaster:DragonStrike+1","blademaster:Quickstep"],"picked":"blademaster:EyeOfTheStorm+1","floor":22},{"not_picked":["blademaster:SharpBlades","blademaster:Vortex"],"picked":"blademaster:DaggerAndCloak+1","floor":28},{"not_picked":["blademaster:Safeguard","blademaster:ChargingUp"],"picked":"blademaster:Meditate","floor":30},{"not_picked":["blademaster:Cut","blademaster:Meditate"],"picked":"blademaster:AwakeningDefend","floor":31},{"not_picked":["blademaster:StanceMastery","blademaster:RollingTyphoon"],"picked":"blademaster:FuryOfTheElements","floor":33},{"not_picked":["blademaster:AspectOfLightning","blademaster:ParryingStrike+1"],"picked":"blademaster:Thrust+1","floor":35},{"not_picked":["blademaster:Frenzy","blademaster:ThunderingOpener+1"],"picked":"blademaster:SharpBlades","floor":38},{"not_picked":["blademaster:BloodyBlow+1","blademaster:DeadlyDance+1"],"picked":"blademaster:Havoc","floor":40},{"not_picked":["blademaster:FuriousStrike+1","blademaster:BloodyBlow+1"],"picked":"blademaster:ColdBlood","floor":42},{"not_picked":["blademaster:ThunderingOpener+1","blademaster:Stormstrike"],"picked":"blademaster:AirSlash","floor":44},{"not_picked":["blademaster:ParryingStrike","blademaster:Thrust"],"picked":"blademaster:CombatPrep+1","floor":45},{"not_picked":["blademaster:DancingEdge","blademaster:BladeCross"],"picked":"blademaster:AwakeningDefend+1","floor":47},{"not_picked":["blademaster:Frontflip+1","blademaster:IcyWind"],"picked":"blademaster:SharpBlades+1","floor":48}],"player_experience":712973,"relics_obtained":[{"floor":6,"key":"RollingBoulder"},{"floor":6,"key":"blademaster:FuryEveryTurnPerk"},{"floor":9,"key":"ReplayTheSpireMod:TigerMarble"},{"floor":10,"key":"CeramicFish"},{"floor":10,"key":"blademaster:BleedingLaceratePerk"},{"floor":26,"key":"Replay:Rubber Ducky"},{"floor":28,"key":"aspiration:EmptySkull"},{"floor":28,"key":"blademaster:OnAttackedChargePerk"},{"floor":40,"key":"hubris:SlimyHat"},{"floor":40,"key":"blademaster:RandomBladePerk"},{"floor":43,"key":"infinitespire:PuzzleCube"},{"floor":44,"key":"PreservedInsect"},{"floor":44,"key":"blademaster:BonusFuryPerk"}],"event_choices":[{"damage_healed":0,"gold_gain":0,"player_choice":"Lose Max HP","damage_taken":0,"relics_obtained":["Golden Idol"],"max_hp_gain":0,"max_hp_loss":6,"event_name":"Golden Idol","floor":3,"gold_loss":0},{"damage_healed":0,"gold_gain":0,"player_choice":"Forge","damage_taken":0,"max_hp_gain":0,"max_hp_loss":0,"event_name":"Accursed Blacksmith","floor":8,"gold_loss":0,"cards_upgraded":["blademaster:Havoc"]},{"cards_removed":["blademaster:Strike"],"damage_healed":0,"gold_gain":0,"player_choice":"Gave Gold","damage_taken":0,"max_hp_gain":0,"max_hp_loss":0,"event_name":"Beggar","floor":19,"gold_loss":75},{"damage_healed":0,"gold_gain":0,"player_choice":"Leave","damage_taken":0,"max_hp_gain":0,"max_hp_loss":0,"event_name":"FaceTrader","floor":21,"gold_loss":0},{"damage_healed":0,"gold_gain":99,"player_choice":"Steal","damage_taken":0,"max_hp_gain":0,"max_hp_loss":0,"event_name":"betterThird:BetterNest","floor":24,"gold_loss":0},{"cards_removed":["blademaster:AwakeningStrike"],"damage_healed":0,"gold_gain":0,"player_choice":"Removed Attack","damage_taken":0,"max_hp_gain":0,"max_hp_loss":0,"event_name":"Falling","floor":37,"gold_loss":0},{"damage_healed":0,"gold_gain":0,"cards_transformed":["blademaster:Strike"],"player_choice":"Transformed","damage_taken":0,"max_hp_gain":0,"max_hp_loss":0,"event_name":"Transmorgrifier","floor":39,"gold_loss":0,"cards_obtained":["blademaster:StanceMastery"]}],"is_beta":false,"boss_relics":[{"not_picked":["aspiration:DefectSkillbook","halation:PlatinumPhoenix"],"picked":"halation:HeavySnake"},{"not_picked":["Kintsugi","halation:CatFaceCupcake"],"picked":"Replay:Wanted Poster"}],"items_purged_floors":[36,46],"is_endless":false,"potions_floor_spawned":[1,2,6,10,22,28,30,33,40,45,48],"ascension_level":0}}