{"host":"ixl9a8gzl87gveif","time":1607464464,"event":{"gold_per_floor":[112,37,7,307,318,318,336,364,389,407,407,426,436,446,446,446,446],"floor_reached":16,"playtime":534,"items_purged":[],"score":208,"play_id":"61445431-10f6-421e-b926-35f957bd539f","local_time":"20201208215424","is_ascension_mode":true,"campfire_choices":[{"data":"Chill","floor":6,"key":"SMITH"},{"floor":15,"key":"REST"}],"neow_cost":"TEN_PERCENT_HP_LOSS","seed_source_timestamp":277824848620000,"circlet_count":0,"master_deck":["AscendersBane","Strike_B","Strike_B","Strike_B","Defend_B","Defend_B","Defend_B","Defend_B","Zap","Dualcast","The Bomb","Chill+1","Sweeping Beam","FTL","Leap","Coolheaded","Compile Driver","Stack"],"relics":["Cracked Core","Old Coin","Orichalcum","Bag of Marbles"],"potions_floor_usage":[16],"damage_taken":[{"damage":0,"enemies":"Small Slimes","floor":1,"turns":4},{"damage":7,"enemies":"Jaw Worm","floor":5,"turns":3},{"damage":0,"enemies":"Cultist","floor":7,"turns":3},{"damage":40,"enemies":"Gremlin Nob","floor":8,"turns":4},{"damage":7,"enemies":"Lots of Slimes","floor":10,"turns":3},{"damage":5,"enemies":"Gremlin Gang","floor":12,"turns":6},{"damage":3,"enemies":"Blue Slaver","floor":13,"turns":4},{"damage":0,"enemies":"2 Fungi Beasts","floor":14,"turns":3},{"damage":25,"enemies":"Hexaghost","floor":16,"turns":11}],"seed_played":"693958924415357215","potions_obtained":[{"floor":7,"key":"BlessingOfTheForge"},{"floor":8,"key":"CultistPotion"}],"is_trial":false,"path_per_floor":["M","?","$","T","M","R","M","E","T","M","?","M","M","M","R","B"],"character_chosen":"DEFECT","items_purchased":["Sweeping Beam"],"campfire_rested":1,"item_purchase_floors":[3],"current_hp_per_floor":[64,64,64,64,57,57,57,17,17,10,10,5,2,2,21,0,0],"gold":446,"neow_bonus":"RANDOM_COLORLESS_2","is_prod":false,"is_daily":false,"chose_seed":false,"campfire_upgraded":1,"win_rate":0,"timestamp":1607464464,"path_taken":["M","?","?","?","M","R","M","E","T","M","?","M","M","?","R","BOSS"],"build_version":"2020-11-30","purchased_purges":0,"victory":false,"max_hp_per_floor":[64,64,64,64,64,64,64,64,64,64,64,64,64,64,64,64,64],"relic_stats":{"counters":[9,41],"Orichalcum":[60],"obtain_stats":[{"Bag of Marbles":9,"Orichalcum":8,"Cracked Core":0,"Old Coin":4},{"Bag of Marbles":4,"Orichalcum":4,"Cracked Core":0,"Old Coin":1},{"Bag of Marbles":14,"Orichalcum":14,"Cracked Core":0,"Old Coin":4}]},"card_choices":[{"not_picked":["Chrysalis","Master of Strategy"],"picked":"The Bomb","floor":0},{"not_picked":["Streamline","Lockon"],"picked":"Chill","floor":1},{"not_picked":["Sunder","Streamline"],"picked":"FTL","floor":5},{"not_picked":["Stack","Gash","Streamline"],"picked":"SKIP","floor":7},{"not_picked":["Go for the Eyes","Turbo"],"picked":"Leap","floor":8},{"not_picked":["Storm","Stack"],"picked":"Coolheaded","floor":10},{"not_picked":["Skim","Coolheaded"],"picked":"Compile Driver","floor":12},{"not_picked":["Cold Snap","Steam","Coolheaded"],"picked":"SKIP","floor":13},{"not_picked":["Coolheaded","Rip and Tear"],"picked":"Stack","floor":14}],"player_experience":334100,"relics_obtained":[{"floor":4,"key":"Old Coin"},{"floor":8,"key":"Orichalcum"},{"floor":9,"key":"Bag of Marbles"}],"event_choices":[{"cards_removed":["Strike_B"],"damage_healed":0,"gold_gain":0,"player_choice":"Card Removal","damage_taken":0,"max_hp_gain":0,"max_hp_loss":0,"event_name":"The Cleric","floor":2,"gold_loss":75},{"damage_healed":0,"gold_gain":0,"player_choice":"Leave","damage_taken":0,"max_hp_gain":0,"max_hp_loss":0,"event_name":"FaceTrader","floor":11,"gold_loss":0}],"is_beta":false,"boss_relics":[],"items_purged_floors":[],"is_endless":false,"potions_floor_spawned":[7,8,13],"killed_by":"Hexaghost","ascension_level":20}}