{"host":"08sn1703g14rasc1","time":1607470901,"event":{"gold_per_floor":[14,14,25,200,217,234,234,259,259,259,319,337,337,337,337,456,456,469,20,41,41,41,41,54,54,81,81,81,1,1,14,14,14,14],"floor_reached":33,"playtime":814,"items_purged":["Doubt"],"score":328,"play_id":"d785d304-5fe0-4e73-8e40-3b85f0a2d121","local_time":"20201208154141","is_ascension_mode":true,"campfire_choices":[{"data":"Bash","floor":7.0,"key":"SMITH"},{"floor":10.0,"key":"REST"},{"floor":15.0,"key":"REST"},{"floor":23,"key":"REST"},{"floor":25,"key":"REST"},{"floor":27,"key":"REST"},{"data":"Metallicize","floor":30,"key":"SMITH"},{"floor":32,"key":"REST"}],"neow_cost":"NO_GOLD","seed_source_timestamp":266226083688500,"circlet_count":0,"master_deck":["Strike_R","Strike_R","Defend_R","Defend_R+1","Bash+1","Anger+1","Exhume","Seeing Red","Wild Strike","Dropkick","Armaments","Pommel Strike","Rampage","Injury","Fiend Fire","Anger+1","Metallicize+1","Pommel Strike","Shame","Brutality","True Grit+1","Rage+1","Rage","Havoc+1"],"special_seed":0,"relics":["Burning Blood","Vajra","Nunchaku","Darkstone Periapt","Golden Idol","SacredBark","Paper Frog","Juzu Bracelet","War Paint","Kunai"],"potions_floor_usage":[16,20,24,33],"damage_taken":[{"damage":18.0,"enemies":"Cultist","floor":1.0,"turns":6.0},{"damage":0.0,"enemies":"2 Louse","floor":3.0,"turns":2.0},{"damage":9.0,"enemies":"Jaw Worm","floor":5.0,"turns":4.0},{"damage":8.0,"enemies":"Blue Slaver","floor":6.0,"turns":2.0},{"damage":45.0,"enemies":"3 Sentries","floor":8.0,"turns":9.0},{"damage":32.0,"enemies":"Gremlin Nob","floor":11.0,"turns":4.0},{"damage":6.0,"enemies":"Looter","floor":12.0,"turns":3.0},{"damage":27,"enemies":"Slime Boss","floor":16,"turns":8},{"damage":48,"enemies":"Spheric Guardian","floor":18,"turns":7},{"damage":17,"enemies":"2 Thieves","floor":20,"turns":4},{"damage":25,"enemies":"Snake Plant","floor":24,"turns":4},{"damage":52,"enemies":"Centurion and Healer","floor":31,"turns":7},{"damage":93,"enemies":"Champ","floor":33,"turns":11}],"seed_played":"-4816142040396706464","potions_obtained":[{"floor":3.0,"key":"Fire Potion"},{"floor":5.0,"key":"BloodPotion"},{"floor":11.0,"key":"Strength Potion"},{"floor":20,"key":"Swift Potion"},{"floor":31,"key":"Dexterity Potion"}],"is_trial":false,"path_per_floor":["M","?","M","?","M","M","R","E","T","R","?","M","?","?","R","B",null,"M","$","M","?","?","R","M","R","T","R","T","$","R","M","R","B"],"character_chosen":"IRONCLAD","items_purchased":["Paper Frog","Metallicize","SkillPotion","Rage"],"campfire_rested":6,"item_purchase_floors":[19,19,19,29],"current_hp_per_floor":[60,60,66,66,63,61,61,38,38,62,36,36,20,26,51,30,72,30,30,19,25,25,52,33,60,60,87,87,87,87,41,68,0,0],"gold":14,"neow_bonus":"REMOVE_TWO","is_prod":false,"is_daily":false,"chose_seed":false,"campfire_upgraded":2,"win_rate":0,"timestamp":1607470901,"path_taken":["M","?","M","?","?","M","R","E","T","R","?","M","?","?","R","BOSS","M","$","M","?","?","R","M","R","T","R","?","?","R","M","R","BOSS"],"build_version":"2020-11-30","purchased_purges":1,"victory":false,"max_hp_per_floor":[80,80,80,80,80,80,80,80,80,80,80,80,80,86,86,86,86,86,86,86,92,92,92,92,92,92,92,92,92,92,92,92,92,92],"card_choices":[{"not_picked":["Dark Embrace","Pummel"],"picked":"Anger","floor":1.0},{"not_picked":["Thunderclap","Wild Strike"],"picked":"Seeing Red","floor":3.0},{"not_picked":["Dark Embrace","Uppercut"],"picked":"Wild Strike","floor":5.0},{"not_picked":["True Grit","Warcry"],"picked":"Dropkick","floor":6.0},{"not_picked":["Perfected Strike","Anger"],"picked":"Armaments","floor":8.0},{"not_picked":["Clash","Warcry"],"picked":"Pommel Strike","floor":11.0},{"not_picked":["Dropkick","Immolate"],"picked":"Rampage","floor":12.0},{"not_picked":["Berserk","Bludgeon"],"picked":"Fiend Fire","floor":16},{"not_picked":["Uppercut+1","Iron Wave"],"picked":"Anger+1","floor":18},{"not_picked":["Wild Strike","Body Slam"],"picked":"Pommel Strike","floor":20},{"not_picked":["Fire Breathing","Flex"],"picked":"Rage","floor":24},{"not_picked":["Thunderclap","Headbutt"],"picked":"Havoc+1","floor":31}],"player_experience":384577,"relics_obtained":[{"floor":8.0,"key":"Vajra"},{"floor":9.0,"key":"Nunchaku"},{"floor":26,"key":"War Paint"},{"floor":28,"key":"Kunai"}],"event_choices":[{"damage_healed":0.0,"max_hp_gain":0.0,"max_hp_loss":0.0,"gold_gain":0.0,"cards_transformed":["Strike_R"],"event_name":"Living Wall","player_choice":"Change","floor":2.0,"gold_loss":0.0,"damage_taken":0.0,"cards_obtained":["Exhume"]},{"damage_healed":0.0,"max_hp_gain":0.0,"max_hp_loss":0.0,"gold_gain":175.0,"event_name":"Liars Game","player_choice":"AGREE","floor":4.0,"gold_loss":0.0,"damage_taken":0.0,"cards_obtained":["Doubt"]},{"damage_healed":0.0,"max_hp_gain":0.0,"max_hp_loss":0.0,"gold_gain":0.0,"event_name":"Dead Adventurer","player_choice":"Searched \u00272\u0027 times","floor":11.0,"gold_loss":0.0,"damage_taken":0.0,"relics_obtained":["Darkstone Periapt"]},{"damage_healed":0.0,"max_hp_gain":0.0,"max_hp_loss":0.0,"gold_gain":0.0,"event_name":"Shining Light","player_choice":"Entered Light","floor":13.0,"gold_loss":0.0,"damage_taken":16.0,"cards_upgraded":["Defend_R","Anger"]},{"damage_healed":0.0,"max_hp_gain":0.0,"max_hp_loss":0.0,"gold_gain":0.0,"event_name":"Golden Idol","player_choice":"Take Wound","floor":14.0,"gold_loss":0.0,"damage_taken":0.0,"relics_obtained":["Golden Idol"],"cards_obtained":["Injury"]},{"damage_healed":0,"gold_gain":0,"player_choice":"Stole Relic","damage_taken":0,"relics_obtained":["Juzu Bracelet"],"max_hp_gain":0,"max_hp_loss":0,"event_name":"Addict","floor":21,"gold_loss":0,"cards_obtained":["Shame"]},{"damage_healed":0,"gold_gain":0,"cards_transformed":["Strike_R","Defend_R"],"player_choice":"Became Test Subject","damage_taken":0,"max_hp_gain":0,"max_hp_loss":0,"event_name":"Drug Dealer","floor":22,"gold_loss":0,"cards_obtained":["Brutality","True Grit"]}],"is_beta":false,"boss_relics":[{"not_picked":["Ectoplasm","Coffee Dripper"],"picked":"SacredBark"}],"items_purged_floors":[19],"is_endless":false,"potions_floor_spawned":[3,5,11,20,31],"killed_by":"Champ","ascension_level":7}}