{"host":"4wa3ho6pk3pud1fu","time":1607468515,"event":{"gold_per_floor":[114,114,127,139,58,92,108,108,108,122,122,147,210,210,210,309,309,320,99,118,218,43,43,72,72,96,96,96,96,109,159,159,159,159,262,262,273,285,285,285,285],"floor_reached":40,"playtime":1861,"items_purged":["Pain","Strike_B","Defend_B"],"score":460,"play_id":"4a9b1d67-c844-43ad-bbe1-0c98d9d657e1","local_time":"20201208170155","is_ascension_mode":false,"campfire_choices":[{"floor":8.0,"key":"REST"},{"floor":15.0,"key":"REST"},{"floor":23,"key":"REST"},{"data":"Storm","floor":25,"key":"SMITH"},{"floor":27,"key":"REST"},{"data":"infinitespire:Oblivion","floor":34,"key":"SMITH"}],"neow_cost":"NONE","seed_source_timestamp":0,"circlet_count":0,"master_deck":["Strike_B","Strike_B","Defend_B","Defend_B","Defend_B","Zap","Dualcast","Swift Strike","Storm+1","Crystallizer","ReplayGash","Storm","Go for the Eyes","ReplaySort","Self Repair","Cold Snap","Storm","ReplayRNGCard","Doom and Gloom+1","Storm+1","Compile Driver","Darkness+1","Storm+1","ReachHeaven","Turbo","Heatsinks","Contraction+1","infinitespire:Oblivion+1","FlawlessForm","Finesse+1","Epidemic+1","Chill+1","BestPractice+1"],"special_seed":0,"relics":["Cracked Core","WarpedTongs","Peace Pipe","Incense Burner","Prayer Wheel","Tiny Chest","Bottled Lightning","Runic Pyramid","PrismaticShard","Bag of Marbles","Blue Doll","Tiny House","Mango","Geode","Nuclear Battery"],"potions_floor_usage":[20,35,35],"damage_taken":[{"damage":2.0,"enemies":"Small Slimes","floor":1.0,"turns":3.0},{"damage":3.0,"enemies":"Cultist","floor":3.0,"turns":3.0},{"damage":7.0,"enemies":"infinitespire:Voidling","floor":4.0,"turns":3.0},{"damage":28.0,"enemies":"3 Sentries","floor":6.0,"turns":5.0},{"damage":12.0,"enemies":"3 Louse","floor":7.0,"turns":4.0},{"damage":11.0,"enemies":"Blue Slaver","floor":10.0,"turns":3.0},{"damage":10.0,"enemies":"Gremlin Nob","floor":12.0,"turns":4.0},{"damage":30.0,"enemies":"3 Sentries","floor":13.0,"turns":5.0},{"damage":48.0,"enemies":"Fading Forest","floor":16.0,"turns":11.0},{"damage":34,"enemies":"2 Thieves","floor":18,"turns":4},{"damage":43,"enemies":"Shell Parasite","floor":20,"turns":6},{"damage":19,"enemies":"Replay:Snechameleon","floor":24,"turns":4},{"damage":16,"enemies":"Cultist and Chosen","floor":30,"turns":4},{"damage":29,"enemies":"Collector","floor":35,"turns":9},{"damage":54,"enemies":"3 Darklings","floor":37,"turns":3},{"damage":6,"enemies":"Orb Walker","floor":38,"turns":3},{"damage":48,"enemies":"Writhing Mass","floor":40,"turns":2}],"seed_played":"443981389264667087","potions_obtained":[{"floor":1.0,"key":"LiquidBronze"},{"floor":6.0,"key":"PowerPotion"},{"floor":10.0,"key":"Weak Potion"},{"floor":12.0,"key":"Strength Potion"},{"floor":18,"key":"SneckoOil"},{"floor":24,"key":"Cursed Concoction"},{"floor":31,"key":"Elixir"}],"is_trial":false,"path_per_floor":["M","?","M","M","$","E","M","R","T","M","?","E","?","T","R","B",null,"M","$","M","?","$","R","E","R","T","R","PTL","PTL","M","AVR","T","?","R","B",null,"M","M","?","M"],"character_chosen":"DEFECT","items_purchased":["Storm","PrismaticShard","Storm"],"campfire_rested":4,"item_purchase_floors":[5,19,22],"current_hp_per_floor":[73,73,70,63,63,35,23,45,45,34,39,36,13,13,37,21,80,56,56,23,23,23,47,35,35,35,59,59,59,53,72,72,72,72,50,99,45,39,39,0,0],"gold":285,"neow_bonus":"RANDOM_COLORLESS","is_prod":false,"is_daily":false,"chose_seed":false,"campfire_upgraded":2,"win_rate":0,"timestamp":1607468515,"path_taken":["M","?","?","M","$","E","M","R","T","?","?","E","?","?","R","BOSS","M","$","M","?","?","R","E","R","T","R","PTL","PTL","M","AVR","?","?","R","BOSS","M","M","?","M"],"build_version":"2020-11-30","purchased_purges":3,"victory":false,"max_hp_per_floor":[75,75,75,75,75,75,75,75,75,75,80,80,80,80,80,80,80,80,80,80,80,80,80,80,80,80,80,80,80,80,99,99,99,99,99,99,99,99,99,99,99],"card_choices":[{"not_picked":["Replay:Sssssssssstrike","Jack Of All Trades"],"picked":"Swift Strike","floor":0.0},{"not_picked":["Conserve Battery","Stack"],"picked":"Storm","floor":1.0},{"not_picked":["Darkness","Coolheaded"],"picked":"Crystallizer","floor":3.0},{"not_picked":["Turbo","Compile Driver"],"picked":"ReplayGash","floor":4.0},{"not_picked":["Steam","Hologram"],"picked":"Go for the Eyes","floor":6.0},{"not_picked":["Turbo","Leap"],"picked":"ReplaySort","floor":7.0},{"not_picked":["Glacier","Barrage"],"picked":"Self Repair","floor":10.0},{"not_picked":["Reinforced Body","Redo"],"picked":"Cold Snap","floor":12.0},{"not_picked":["Sweeping Beam","Conserve Battery"],"picked":"Storm","floor":13.0},{"not_picked":["Meteor Strike","All For One"],"picked":"ReplayRNGCard","floor":16.0},{"not_picked":["ReplayTheSpireMod:Calculation Training","Glacier"],"picked":"Doom and Gloom+1","floor":18},{"not_picked":["Tempest+1","Beam Cell+1"],"picked":"Storm+1","floor":18},{"not_picked":["Go for the Eyes","Pray"],"picked":"Compile Driver","floor":20},{"not_picked":["Disarm","yuri:yuriQuickStrike"],"picked":"Darkness+1","floor":20},{"not_picked":["Runesmith:Firewall","Runesmith:ChiselStab"],"picked":"ReachHeaven","floor":24},{"not_picked":["Thunderclap","Dodge and Roll"],"picked":"Turbo","floor":30},{"not_picked":["Conserve Battery","Slay_Living+1"],"picked":"Heatsinks","floor":30},{"not_picked":["Alleviate+1","yuri:Skip+1"],"picked":"Contraction+1","floor":31},{"not_picked":["Adrenaline","yuri:MagneticKnives"],"picked":"FlawlessForm","floor":35},{"not_picked":["Negative_Energy_Mist+1","Replay:BluntJabs+1"],"picked":"Finesse+1","floor":37},{"not_picked":["TheCursedMod:RavingStaff","ThirdEye+1"],"picked":"Epidemic+1","floor":37},{"not_picked":["Worship","Ricochet"],"picked":"Chill+1","floor":38},{"not_picked":["All Out Attack+1","Protect+1"],"picked":"BestPractice+1","floor":38}],"player_experience":83400,"relics_obtained":[{"floor":6.0,"key":"Peace Pipe"},{"floor":9.0,"key":"Incense Burner"},{"floor":12.0,"key":"Prayer Wheel"},{"floor":14.0,"key":"Bottled Lightning"},{"floor":24,"key":"Bag of Marbles"},{"floor":26,"key":"Blue Doll"},{"floor":32,"key":"Geode"}],"event_choices":[{"damage_healed":0.0,"max_hp_gain":0.0,"max_hp_loss":0.0,"gold_gain":0.0,"event_name":"Accursed Blacksmith","player_choice":"Rummage","floor":2.0,"gold_loss":0.0,"damage_taken":0.0,"relics_obtained":["WarpedTongs"],"cards_obtained":["Pain"]},{"damage_healed":0.0,"max_hp_gain":5.0,"max_hp_loss":0.0,"gold_gain":0.0,"event_name":"Big Fish","player_choice":"Donut","floor":11.0,"gold_loss":0.0,"damage_taken":0.0},{"damage_healed":0.0,"max_hp_gain":0.0,"max_hp_loss":0.0,"gold_gain":0.0,"event_name":"Dead Adventurer","player_choice":"Searched \u00272\u0027 times","floor":13.0,"gold_loss":0.0,"damage_taken":0.0,"relics_obtained":["Tiny Chest"]},{"damage_healed":0,"gold_gain":100,"player_choice":"Pray","damage_taken":0,"max_hp_gain":0,"max_hp_loss":0,"event_name":"Golden Shrine","floor":21,"gold_loss":0},{"cards_removed":["Strike_B"],"damage_healed":0,"gold_gain":0,"player_choice":"Elegance","damage_taken":0,"max_hp_gain":0,"max_hp_loss":0,"event_name":"Back to Basics","floor":33,"gold_loss":0}],"is_beta":false,"boss_relics":[{"not_picked":["Velvet Choker","Replay:Wanted Poster"],"picked":"Runic Pyramid"},{"not_picked":["Calling Bell","ReplayTheSpireMod:SealedPack"],"picked":"Nuclear Battery"}],"items_purged_floors":[19,22,31],"is_endless":false,"potions_floor_spawned":[1,6,10,12,18,24],"killed_by":"Writhing Mass","ascension_level":0}}