{"host":"kvh5342rl0c7vxi5","time":1607464649,"event":{"gold_per_floor":[117,134,134,134,134,134,153,38,71,71,71,71,20,36,36,134,134,187,200,200,217,217,217,252,252,252,252,270,323,378,411,426,426,436,436,436],"floor_reached":35,"playtime":1519,"items_purged":["Injury"],"score":269,"play_id":"b99daec0-9739-4ff5-87d3-d69ec335bfeb","local_time":"20201208165729","is_ascension_mode":false,"campfire_choices":[{"data":"DemoMod:CombinedRifle","floor":6.0,"key":"SMITH"},{"data":"hermit:Brawl","floor":10.0,"key":"SMITH"},{"data":"hexamod:Hexaguard","floor":12.0,"key":"SMITH"},{"data":"DemoMod:TeaPot","floor":15.0,"key":"SMITH"},{"floor":23.0,"key":"REST"},{"data":"DemoMod:SkilledReload","floor":27.0,"key":"SMITH"},{"data":"DemoMod:GunslingerForm","floor":27.0,"key":"SMITH"},{"floor":33.0,"key":"REST"}],"neow_cost":"NONE","seed_source_timestamp":0,"circlet_count":0,"master_deck":["DemoMod:Roll","DemoMod:ManualReload","DemoMod:RustySidearm","DemoMod:CrossBow","DemoMod:GunstockTap","DemoMod:CombinedRifle+1","hexamod:Hexaguard+1","hermit:Brawl+1","DemoMod:TeaPot+1","HandOfGreed","DemoMod:GunstockTap","DemoMod:CursedBullets","DemoMod:StickyCrossBow","DemoMod:GunslingerForm+1","DemoMod:TableSutra+1","DemoMod:SkilledReload+1","PokerPlayerMod:DartThrow","infinitespire:Starlight","CutThroughFate"],"special_seed":0,"relics":["DemoMod:Dog","NeowsBlessing","PrismaticShard","Pandora\u0027s Box","Replay:Baseball","Replay:Arrowhead","infinitespire:Cupcake","Onion Ring"],"potions_floor_usage":[35],"damage_taken":[{"damage":0.0,"enemies":"2 Louse","floor":1.0,"turns":1.0},{"damage":0.0,"enemies":"Jaw Worm","floor":2.0,"turns":1.0},{"damage":0.0,"enemies":"Small Slimes","floor":7.0,"turns":1.0},{"damage":1.0,"enemies":"Exordium Wildlife","floor":9.0,"turns":5.0},{"damage":8.0,"enemies":"Exordium Wildlife","floor":14.0,"turns":4.0},{"damage":39.0,"enemies":"The Guardian","floor":16.0,"turns":9.0},{"damage":20.0,"enemies":"3 Byrds","floor":18.0,"turns":6.0},{"damage":11.0,"enemies":"Shell Parasite","floor":19.0,"turns":5.0},{"damage":18.0,"enemies":"3 Cultists","floor":21.0,"turns":4.0},{"damage":36.0,"enemies":"Slavers","floor":24.0,"turns":4.0},{"damage":21.0,"enemies":"DemoMod:Red_and_blue_shotgun_kin","floor":28.0,"turns":4.0},{"damage":2.0,"enemies":"DemoMod:2_Veteran_bullet_kins_and_red_shotgun_kin","floor":29.0,"turns":3.0},{"damage":24.0,"enemies":"DemoMod:Veteran_shot_gun_kin_and_blue_shotgun_kin_with_gunsinger","floor":30.0,"turns":5.0},{"damage":8.0,"enemies":"DemoMod:Red_and_blue_shotgun_kin_with_gunsinger","floor":31.0,"turns":3.0},{"damage":37.0,"enemies":"DemoMod:Veteran_shot_gun_kin_and_blue_shotgun_kin","floor":32.0,"turns":3.0},{"damage":44,"enemies":"DemoMod:ResourcefulRat","floor":35,"turns":4}],"seed_played":"217606492326225646","potions_obtained":[{"floor":1.0,"key":"Toxic Potion"},{"floor":2.0,"key":"SneckoOil"},{"floor":14.0,"key":"Guardian:BlockOnCardUsePotion"},{"floor":21.0,"key":"Reflective Coating"},{"floor":28.0,"key":"Dexterity Potion"},{"floor":30.0,"key":"Guardian:BlockOnCardUsePotion"},{"floor":31.0,"key":"ColorlessPotion"}],"is_trial":false,"path_per_floor":["M","M","?","?","?","R","M","$","T","R","?","R","$","M","R","B",null,"M","M","?","M","?","R","E","AVR","T","R","M","M","M","M","M","R","B","B"],"character_chosen":"HUNTRESS","items_purchased":["DemoMod:GnawedKey","DemoMod:TeaPot"],"campfire_rested":2,"item_purchase_floors":[8,13],"current_hp_per_floor":[70,70,70,56,56,56,56,56,55,55,55,55,55,47,47,8,70,50,39,39,21,21,42,6,6,70,70,59,57,43,45,18,39,29,0,0],"gold":436,"neow_bonus":"THREE_ENEMY_KILL","is_prod":false,"is_daily":false,"chose_seed":false,"campfire_upgraded":6,"win_rate":0.0,"timestamp":1607464649,"path_taken":["M","M","?","?","?","R","?","$","T","R","?","R","?","M","R","BOSS","M","M","?","?","?","R","E","AVR","T","R","M","M","M","M","M","R","BOSS","BOSS"],"build_version":"2020-11-30","purchased_purges":1,"victory":false,"max_hp_per_floor":[70,70,70,70,70,70,70,70,70,70,70,70,70,70,70,70,70,70,70,70,70,70,70,70,70,70,70,70,70,70,70,70,70,70,70,70],"card_choices":[{"not_picked":["DemoMod:Ejector","DemoMod:StickyCrossBow"],"picked":"DemoMod:GunstockTap","floor":1.0},{"not_picked":["DemoMod:FeignSurrender","DemoMod:HungryBullets"],"picked":"DemoMod:CombinedRifle","floor":2.0},{"not_picked":["Evaluate","Quick Slash"],"picked":"hexamod:Hexaguard","floor":7.0},{"not_picked":["Guardian:StasisStrike","stsjorbsmod:LocateObject"],"picked":"hermit:Brawl","floor":9.0},{"not_picked":["hexamod:GhostLash","stsjorbsmod:Aid","Guardian:Gem_Blue"],"picked":"SKIP","floor":14.0},{"not_picked":["DemoMod:DarkMarker","Slimebound:DuplicatedForm"],"picked":"HandOfGreed","floor":16.0},{"not_picked":["DemoMod:DoubleSwitch","Slimebound:FinishingTackle"],"picked":"PokerPlayerMod:DartThrow","floor":18.0},{"not_picked":["Replay:SS_forest_2","Rupture+1","Cloak And Dagger"],"picked":"SKIP","floor":19.0},{"not_picked":["Barrage","Guardian:HyperBeam_Guardian","Slimebound:GoopSpray"],"picked":"SKIP","floor":21.0},{"not_picked":["Slimebound:FinishingTackle","stsjorbsmod:Cyclone","stsjorbsmod:Damnation"],"picked":"SKIP","floor":24.0},{"not_picked":["DemoMod:BoxingGlove+1","hermit:TrackingShot","hermit:Misfire+1"],"picked":"SKIP","floor":28.0},{"not_picked":["Shrug It Off","stsjorbsmod:PartingBlow","Armaments+1"],"picked":"SKIP","floor":29.0},{"not_picked":["Cold Snap+1","Slimebound:LevelUp"],"picked":"CutThroughFate","floor":30.0},{"not_picked":["Quick Slash","Flying Knee+1","hermit:HoleUp"],"picked":"SKIP","floor":31.0},{"not_picked":["hermit:ItchyTrigger","stsjorbsmod:Prepare+1","All Out Attack"],"picked":"SKIP","floor":32.0}],"player_experience":523594,"relics_obtained":[{"floor":24.0,"key":"Replay:Arrowhead"}],"event_choices":[{"damage_healed":0.0,"max_hp_gain":0.0,"max_hp_loss":0.0,"gold_gain":0.0,"event_name":"Shining Light","player_choice":"Entered Light","floor":4.0,"gold_loss":0.0,"damage_taken":14.0,"cards_upgraded":["DemoMod:Strike_Huntress","DemoMod:Strike_Huntress"]},{"damage_healed":0.0,"max_hp_gain":0.0,"max_hp_loss":0.0,"gold_gain":0.0,"event_name":"Accursed Blacksmith","player_choice":"Forge","floor":22.0,"gold_loss":0.0,"damage_taken":0.0,"cards_upgraded":["DemoMod:TableSutra"]}],"is_beta":false,"boss_relics":[{"not_picked":["DemoMod:Test1","ReplayTheSpireMod:SealedPack"],"picked":"Pandora\u0027s Box"}],"items_purged_floors":[25],"is_endless":false,"potions_floor_spawned":[1,2,14,16,21,28,30,31],"killed_by":"DemoMod:ResourcefulRat","ascension_level":0}}