{"host":"watonwak","time":1607467785,"event":{"gold_per_floor":[17,17,29,44,44,44,75,75,102,27,52,52,70,80,80,80,80],"floor_reached":16,"playtime":1171,"items_purged":["Strike_G"],"score":220,"play_id":"ba82ad6b-0647-4346-9f45-65d921ae766d","local_time":"20201208224945","is_ascension_mode":true,"campfire_choices":[{"data":"Dagger Spray","floor":6,"key":"SMITH"},{"floor":8,"key":"REST"},{"data":"Crippling Poison","floor":12,"key":"SMITH"},{"data":"Predator","floor":15,"key":"SMITH"}],"neow_cost":"NO_GOLD","seed_source_timestamp":991887796701800,"circlet_count":0,"master_deck":["AscendersBane","Strike_G","Strike_G","Strike_G","Defend_G","Defend_G","Defend_G","Defend_G","Defend_G","Survivor","Neutralize","Adrenaline","Slice","Crippling Poison+1","Dagger Spray+1","Predator+1","Backflip"],"relics":["Ring of the Snake","Singing Bowl","MealTicket","Lantern","Vajra"],"potions_floor_usage":[16],"damage_taken":[{"damage":6,"enemies":"Cultist","floor":1,"turns":5},{"damage":0,"enemies":"Small Slimes","floor":3,"turns":4},{"damage":0,"enemies":"2 Louse","floor":4,"turns":2},{"damage":44,"enemies":"Gremlin Nob","floor":7,"turns":6},{"damage":17,"enemies":"3 Sentries","floor":11,"turns":6},{"damage":1,"enemies":"Red Slaver","floor":13,"turns":4},{"damage":0,"enemies":"Blue Slaver","floor":14,"turns":1},{"damage":48,"enemies":"Slime Boss","floor":16,"turns":9}],"seed_played":"-3149816005342729054","potions_obtained":[{"floor":7,"key":"SmokeBomb"},{"floor":14,"key":"Regen Potion"}],"is_trial":false,"path_per_floor":["M","T","M","M","?","R","E","R","T","$","E","R","M","M","R","B"],"character_chosen":"THE_SILENT","items_purchased":[],"campfire_rested":1,"item_purchase_floors":[],"current_hp_per_floor":[53,53,53,53,46,46,2,21,21,36,21,21,20,22,22,0,0],"gold":80,"neow_bonus":"THREE_RARE_CARDS","is_prod":false,"is_daily":false,"chose_seed":false,"campfire_upgraded":3,"win_rate":0,"timestamp":1607467785,"path_taken":["M","?","M","M","?","R","E","R","T","$","E","R","M","M","R","BOSS"],"build_version":"2020-12-07","purchased_purges":1,"victory":false,"max_hp_per_floor":[66,66,66,66,66,66,66,66,66,66,68,68,68,70,70,70,70],"relic_stats":{"Singing Bowl":4,"counters":[8,37],"MealTicket":15,"obtain_stats":[{"Lantern":9,"Singing Bowl":2,"Vajra":11,"MealTicket":7,"Ring of the Snake":0},{"Lantern":4,"Singing Bowl":1,"Vajra":5,"MealTicket":4,"Ring of the Snake":0},{"Lantern":17,"Singing Bowl":5,"Vajra":23,"MealTicket":17,"Ring of the Snake":0}],"Ring of the Snake":[16]},"card_choices":[{"not_picked":["Doppelganger","Burst"],"picked":"Adrenaline","floor":0},{"not_picked":["Underhanded Strike","Deflect"],"picked":"Slice","floor":1},{"not_picked":["Distraction","Dodge and Roll"],"picked":"Crippling Poison","floor":3},{"not_picked":["Flying Knee","Endless Agony"],"picked":"Dagger Spray","floor":4},{"not_picked":["Grand Finale","Tactician"],"picked":"Predator","floor":7},{"not_picked":["Dagger Throw","Slice","Choke"],"picked":"Singing Bowl","floor":11},{"not_picked":["Endless Agony","Acrobatics"],"picked":"Backflip","floor":13},{"not_picked":["Backflip","Acrobatics","Dagger Throw"],"picked":"Singing Bowl","floor":14}],"player_experience":1207839,"relics_obtained":[{"floor":2,"key":"Singing Bowl"},{"floor":7,"key":"MealTicket"},{"floor":9,"key":"Lantern"},{"floor":11,"key":"Vajra"}],"event_choices":[{"cards_removed":["Strike_G"],"damage_healed":0,"gold_gain":0,"player_choice":"Card Removal","damage_taken":7,"max_hp_gain":0,"max_hp_loss":0,"event_name":"Golden Wing","floor":5,"gold_loss":0}],"is_beta":true,"boss_relics":[],"items_purged_floors":[10],"is_endless":false,"potions_floor_spawned":[7,14],"killed_by":"Slime Boss","ascension_level":20}}