{"host":"kvh5342rl0c7vxi5","time":1607468143,"event":{"gold_per_floor":[215,235,235,250,55,55,65,65,65,14,46,46,64,64,64,209,209,226,226,243,291,291,291,317,333,333,333,346,366,386,400,421,421,421,421],"floor_reached":34,"playtime":951,"items_purged":["DemoMod:Strike_Huntress"],"score":353,"play_id":"bf46d882-2d15-4ae9-92a7-770da9d213fe","local_time":"20201208175543","is_ascension_mode":false,"campfire_choices":[{"data":"DemoMod:HuntsMan","floor":6,"key":"SMITH"},{"data":"DemoMod:AWP","floor":8,"key":"SMITH"},{"data":"DemoMod:CrossBow","floor":15,"key":"SMITH"},{"data":"DemoMod:GunShield","floor":23,"key":"SMITH"},{"data":"infinitespire:Collect","floor":27,"key":"SMITH"},{"floor":33,"key":"REST"}],"neow_cost":"NONE","seed_source_timestamp":20016265844900,"circlet_count":0,"master_deck":["DemoMod:Strike_Huntress","DemoMod:Strike_Huntress","DemoMod:Defend_Huntress","DemoMod:Defend_Huntress","DemoMod:Defend_Huntress","DemoMod:Defend_Huntress","DemoMod:Roll","DemoMod:ManualReload+1","DemoMod:RustySidearm","DemoMod:CrossBow+1","DemoMod:HuntsMan+1","DemoMod:GunstockTap","DemoMod:AWP+1","Pot Of Greed","Pot Of Greed","DemoMod:EasyReloadBullets+1","DemoMod:SuppressiveFire","DemoMod:PotionOfGunFriendShip","Writhe","DemoMod:GunShield+1","DemoMod:BattleInHaste+1","infinitespire:Collect+1","DemoMod:SkilledReload+1","DemoMod:HardPowerCard+1","Pot Of Greed","DemoMod:HardPowerCard+1"],"special_seed":0,"relics":["DemoMod:Dog","DemoMod:GundromedaStrain","Grinning Jar","Shuriken","Velvet Choker","infinitespire:Joker Card","DemoMod:ElasticCartridgeClip","Frozen Egg 2","Akabeko"],"potions_floor_usage":[11,25,31,31],"damage_taken":[{"damage":2,"enemies":"2 Louse","floor":1,"turns":4},{"damage":0,"enemies":"Small Slimes","floor":2,"turns":4},{"damage":0,"enemies":"Cultist","floor":4,"turns":3},{"damage":2,"enemies":"3 Louse","floor":7,"turns":3},{"damage":8,"enemies":"Lagavulin","floor":11,"turns":5},{"damage":0,"enemies":"Blue Slaver","floor":13,"turns":1},{"damage":0,"enemies":"Slime Boss","floor":16,"turns":3},{"damage":0,"enemies":"2 Thieves","floor":18,"turns":1},{"damage":1,"enemies":"Chosen","floor":20,"turns":2},{"damage":0,"enemies":"Snecko","floor":21,"turns":2},{"damage":0,"enemies":"Gremlin Leader","floor":24,"turns":4},{"damage":8,"enemies":"Snake Plant","floor":25,"turns":2},{"damage":0,"enemies":"DemoMod:4_Bullet_Kins_with_one_veteran","floor":28,"turns":1},{"damage":6,"enemies":"DemoMod:Red_and_blue_shotgun_kin","floor":29,"turns":1},{"damage":0,"enemies":"DemoMod:Veteran_shot_gun_kin_and_red_shotgun_kin_with_gunsinger","floor":30,"turns":2},{"damage":34,"enemies":"DemoMod:Veteran_shot_gun_kin_and_blue_shotgun_kin_with_gunsinger","floor":31,"turns":4},{"damage":0,"enemies":"DemoMod:Veteran_shot_gun_kin_and_blue_shotgun_kin","floor":32,"turns":2},{"damage":54,"enemies":"DemoMod:ResourcefulRat","floor":34,"turns":8}],"seed_played":"-9055027359252305506","potions_obtained":[{"floor":2,"key":"Swift Potion"},{"floor":7,"key":"Venom Potion"},{"floor":16,"key":"Elixir"},{"floor":18,"key":"LiquidBronze"},{"floor":21,"key":"DemoMod:LeadSkinPotion"},{"floor":29,"key":"SkillPotion"}],"is_trial":false,"path_per_floor":["M","M","?","M","$","R","M","R","T","$","E","?","M","?","R","B",null,"M","?","M","M","AVR","R","E","M","T","R","M","M","M","M","M","R","B"],"character_chosen":"HUNTRESS","items_purchased":["DemoMod:GnawedKey","DemoMod:AWP","DemoMod:DirectionalPad"],"campfire_rested":1,"item_purchase_floors":[5,5,10],"current_hp_per_floor":[68,68,68,68,68,68,66,66,66,66,58,58,58,40,40,40,70,70,70,69,69,69,69,69,61,70,70,70,64,64,30,30,51,0,0],"gold":421,"neow_bonus":"HUNDRED_GOLD","is_prod":false,"is_daily":false,"chose_seed":false,"campfire_upgraded":5,"win_rate":0.0,"timestamp":1607468143,"path_taken":["M","M","?","M","$","R","M","R","T","$","E","?","?","?","R","BOSS","M","?","M","M","AVR","R","E","M","T","R","M","M","M","M","M","R","BOSS"],"build_version":"2020-11-30","purchased_purges":1,"victory":false,"max_hp_per_floor":[70,70,70,70,70,70,70,70,70,70,70,70,70,70,70,70,70,70,70,70,70,70,70,70,70,70,70,70,70,70,70,70,70,70,70],"card_choices":[{"not_picked":["DemoMod:Unmoved","DemoMod:Ejector","DemoMod:ProbeStrike"],"picked":"SKIP","floor":1},{"not_picked":["DemoMod:MachoBrace","DemoMod:FastSwitch"],"picked":"DemoMod:HuntsMan","floor":2},{"not_picked":["DemoMod:AC15","DemoMod:SkilledReload"],"picked":"DemoMod:GunstockTap","floor":4},{"not_picked":["DemoMod:CursedBullets","DemoMod:StickyCrossBow","DemoMod:EasyReloadBullets"],"picked":"SKIP","floor":7},{"not_picked":["DemoMod:Unity","DemoMod:Rummage"],"picked":"DemoMod:EasyReloadBullets","floor":11},{"not_picked":["DemoMod:SniperShot","DemoMod:AbyssalTentacle","DemoMod:HardPowerCard"],"picked":"SKIP","floor":13},{"not_picked":["DemoMod:FightSabre","DemoMod:ThirdPartyController"],"picked":"DemoMod:SuppressiveFire","floor":16},{"not_picked":["DemoMod:AWP","DemoMod:JK47"],"picked":"DemoMod:PotionOfGunFriendShip","floor":18},{"not_picked":["DemoMod:FastSwitch","DemoMod:BoxingGlove"],"picked":"DemoMod:GunShield","floor":20},{"not_picked":["DemoMod:HuntsMan","DemoMod:BoxingGlove"],"picked":"DemoMod:BattleInHaste+1","floor":21},{"not_picked":["DemoMod:TeaPot","DemoMod:LifeOrb+1"],"picked":"DemoMod:SkilledReload+1","floor":24},{"not_picked":["DemoMod:FeignSurrender","DemoMod:RadGun"],"picked":"DemoMod:HardPowerCard+1","floor":25},{"not_picked":["DemoMod:CombinedRifle","DemoMod:ZorGun","DemoMod:AC15"],"picked":"SKIP","floor":28},{"not_picked":["DemoMod:ConditionalReflex+1","DemoMod:ThirdPartyController","DemoMod:FeignSurrender"],"picked":"SKIP","floor":29},{"not_picked":["DemoMod:FortunesFavor+1","DemoMod:SAA","DemoMod:MachoBrace"],"picked":"SKIP","floor":30},{"not_picked":["DemoMod:SAA","DemoMod:Camera+1","DemoMod:Ejector+1"],"picked":"SKIP","floor":31},{"not_picked":["DemoMod:ZorGun","DemoMod:TripleGun"],"picked":"DemoMod:HardPowerCard+1","floor":32}],"player_experience":525113,"relics_obtained":[{"floor":9,"key":"DemoMod:GundromedaStrain"},{"floor":11,"key":"Grinning Jar"},{"floor":24,"key":"Akabeko"}],"event_choices":[{"damage_healed":0,"gold_gain":0,"player_choice":"Upgraded","damage_taken":0,"max_hp_gain":0,"max_hp_loss":0,"event_name":"Upgrade Shrine","floor":12,"gold_loss":0,"cards_upgraded":["DemoMod:EasyReloadBullets"]},{"damage_healed":0,"gold_gain":0,"player_choice":"Success","damage_taken":18,"relics_obtained":["Shuriken"],"max_hp_gain":0,"max_hp_loss":0,"event_name":"Scrap Ooze","floor":14,"gold_loss":0},{"damage_healed":0,"gold_gain":0,"player_choice":"Opened","damage_taken":0,"relics_obtained":["infinitespire:Joker Card"],"max_hp_gain":0,"max_hp_loss":0,"event_name":"The Mausoleum","floor":19,"gold_loss":0,"cards_obtained":["Writhe"]}],"is_beta":false,"boss_relics":[{"not_picked":["ChewingGum","Abe\u0027s Treasure"],"picked":"Velvet Choker"}],"items_purged_floors":[22],"is_endless":false,"potions_floor_spawned":[2,7,16,18,21,24,24,29,30,30],"killed_by":"DemoMod:ResourcefulRat","ascension_level":0}}