{"host":"mcmecz6ns48biz64","time":1607467957,"event":{"gold_per_floor":[119,119,133,165,178,178,190,219,243,243,243],"floor_reached":10,"playtime":296,"items_purged":["Strike_R"],"score":136,"play_id":"f1c1b482-8547-4f15-8e02-485432e9fe06","local_time":"20201208175237","is_ascension_mode":true,"campfire_choices":[{"data":"ReplayTheSpireMod:Limb From Limb","floor":6.0,"key":"SMITH"}],"neow_cost":"","seed_source_timestamp":139408040200800,"circlet_count":0,"master_deck":["AscendersBane","Strike_R","Strike_R","Strike_R","Strike_R","Defend_R","Defend_R","Defend_R","Defend_R","Bash","Massacre","ReplayTheSpireMod:Limb From Limb+1","True Grit","Thunderclap","Self Repair+1","WeaponsOverheat","Cold Snap","Genetic Algorithm","Firewall"],"special_seed":0,"relics":["StuffTheSpire:DarkSteelAnvil","conspire:InfiniteJournal","vexMod:TimeEaterHat","Shuriken","halation:SelfBoilingWater","Iron Core","infinitespire:CheckeredPen","conspire:GiftBox","Pen Nib"],"potions_floor_usage":[10],"damage_taken":[{"damage":5.0,"enemies":"Cultist","floor":1.0,"turns":4.0},{"damage":1.0,"enemies":"2 Louse","floor":3.0,"turns":2.0},{"damage":23.0,"enemies":"conspire:MimicChest","floor":4.0,"turns":6.0},{"damage":17.0,"enemies":"Small Slimes","floor":5.0,"turns":3.0},{"damage":15,"enemies":"Exordium Thugs","floor":7,"turns":4},{"damage":47,"enemies":"Gremlin Nob","floor":8,"turns":5},{"damage":24,"enemies":"Lagavulin","floor":10,"turns":7}],"seed_played":"2644321048601397292","potions_obtained":[{"floor":7,"key":"SteroidPotion"}],"is_trial":false,"path_per_floor":["M","?","M","?","M","R","M","E","T","E"],"character_chosen":"IRONCLAD","items_purchased":["vexMod:TimeEaterHat","Shuriken","halation:SelfBoilingWater","Massacre","ReplayTheSpireMod:Limb From Limb","True Grit"],"campfire_rested":0,"item_purchase_floors":[0,0,0,0,0,0],"current_hp_per_floor":[69,69,75,63,57,57,53,16,16,0,0],"gold":243,"neow_bonus":"","is_prod":false,"is_daily":false,"chose_seed":false,"campfire_upgraded":1,"win_rate":0,"timestamp":1607467957,"path_taken":["M","?","M","?","M","R","M","E","T","E"],"build_version":"2020-11-30","purchased_purges":1,"victory":false,"max_hp_per_floor":[75,75,75,75,75,75,75,75,75,75,75],"card_choices":[{"not_picked":["ReplayTheSpireMod:Strike From Hell","conspire:ExplosiveBarrier"],"picked":"Thunderclap","floor":1.0},{"not_picked":["Pummel","Run Through"],"picked":"WeaponsOverheat","floor":3.0},{"not_picked":["StuffTheSpire:Slingshot","DDmod:EasePowerCard"],"picked":"Cold Snap","floor":4.0},{"not_picked":["Replay:Undeath\u0027s Touch","hubris:CleavingFinish"],"picked":"Genetic Algorithm","floor":5.0},{"not_picked":["Replay:Undeath\u0027s Touch","Warcry","Body Slam"],"picked":"SKIP","floor":7},{"not_picked":["Double Tap","StuffTheSpire:TitanForm"],"picked":"Firewall","floor":8},{"not_picked":["Bloodletting","Wild Strike","conspire:Purge"],"picked":"SKIP","floor":8}],"player_experience":935450,"relics_obtained":[{"floor":4.0,"key":"infinitespire:CheckeredPen"},{"floor":8,"key":"conspire:GiftBox"},{"floor":9,"key":"Pen Nib"}],"event_choices":[],"is_beta":false,"boss_relics":[],"items_purged_floors":[0],"is_endless":false,"potions_floor_spawned":[7],"killed_by":"Lagavulin","ascension_level":20}}