{"host":"3q9keoo8j4hzgybw","time":1607469143,"event":{"gold_per_floor":[111,123,140,140,140,173,185,185,185,225,225,225,225],"floor_reached":12,"playtime":474,"items_purged":[],"score":90,"play_id":"8e0d6bcd-c33e-4eb3-9919-ce1c02e479a1","local_time":"20201209001223","is_ascension_mode":false,"campfire_choices":[],"neow_cost":"NONE","seed_source_timestamp":44973618750500,"circlet_count":0,"master_deck":["Strike_W","Strike_W","Strike_W","Defend_W+1","Defend_W+1","Defend_W+1","Defend_W+1","Negative_Energy_Arrows","Bone_Wall","Bone_Shift","Bone_Bullets","Necrotic_Claws","Blood_for_Blood","Thousand_Bone_Knives"],"relics":["Vampire_Amulet","War Paint","Ancient Tea Set","Golden Idol","Centennial Puzzle","Mummified Hand"],"potions_floor_usage":[6,6,12],"damage_taken":[{"damage":0,"enemies":"Jaw Worm","floor":1,"turns":4},{"damage":0,"enemies":"2 Louse","floor":2,"turns":3},{"damage":0,"enemies":"Cultist","floor":3,"turns":4},{"damage":15,"enemies":"Gremlin Nob","floor":6,"turns":4},{"damage":11,"enemies":"Blue Slaver","floor":7,"turns":4},{"damage":30,"enemies":"3 Sentries","floor":10,"turns":10},{"damage":4,"enemies":"Large Slime","floor":11,"turns":7},{"damage":17,"enemies":"Lagavulin","floor":12,"turns":2}],"seed_played":"-4082650099425528886","potions_obtained":[{"floor":1,"key":"SteroidPotion"},{"floor":2,"key":"Block Potion"},{"floor":10,"key":"BlessingOfTheForge"}],"is_trial":false,"path_per_floor":["M","M","M","?","?","E","M","?","T","E","M","E"],"character_chosen":"NECROMANCER","items_purchased":[],"campfire_rested":0,"item_purchase_floors":[],"current_hp_per_floor":[75,75,75,60,60,47,38,38,38,14,14,0,0],"gold":225,"neow_bonus":"RANDOM_COMMON_RELIC","is_prod":false,"is_daily":false,"chose_seed":false,"campfire_upgraded":0,"win_rate":0.0,"timestamp":1607469143,"path_taken":["M","M","M","?","?","E","?","?","T","E","M","E"],"build_version":"2020-11-30","purchased_purges":0,"victory":false,"max_hp_per_floor":[75,75,75,75,75,75,75,69,69,69,69,69,69],"card_choices":[{"not_picked":["Negative_Energy_Burst","Blood_Whip"],"picked":"Bone_Shift","floor":1},{"not_picked":["Toxic_Smoke_Screen","Necrotic_Claws"],"picked":"Bone_Bullets","floor":2},{"not_picked":["Death_Knell","Exploit","Blood_Whip"],"picked":"SKIP","floor":3},{"not_picked":["Bones_to_Steel","Spectral_Armor"],"picked":"Necrotic_Claws","floor":6},{"not_picked":["Detonate_Bones","Death_March_Dance"],"picked":"Blood_for_Blood","floor":7},{"not_picked":["Summon_Undead","Death_Coil"],"picked":"Thousand_Bone_Knives","floor":10},{"not_picked":["Bones_to_Steel","Summon_Lich","Blood_Is_Power"],"picked":"SKIP","floor":11}],"player_experience":29703,"relics_obtained":[{"floor":6,"key":"Ancient Tea Set"},{"floor":9,"key":"Centennial Puzzle"},{"floor":10,"key":"Mummified Hand"}],"event_choices":[{"damage_healed":0,"gold_gain":0,"player_choice":"Entered Light","damage_taken":15,"max_hp_gain":0,"max_hp_loss":0,"event_name":"Shining Light","floor":4,"gold_loss":0,"cards_upgraded":["Defend_W","Defend_W"]},{"cards_removed":["Strike_W"],"damage_healed":0,"gold_gain":0,"player_choice":"Purged","damage_taken":0,"max_hp_gain":0,"max_hp_loss":0,"event_name":"Purifier","floor":5,"gold_loss":0},{"damage_healed":0,"gold_gain":0,"player_choice":"Lose Max HP","damage_taken":0,"relics_obtained":["Golden Idol"],"max_hp_gain":0,"max_hp_loss":6,"event_name":"Golden Idol","floor":8,"gold_loss":0}],"is_beta":false,"boss_relics":[],"items_purged_floors":[],"is_endless":false,"potions_floor_spawned":[1,2,10,11],"killed_by":"Lagavulin","ascension_level":0}}