{"host":"dz1qwalix8eproj8","time":1607467681,"event":{"gold_per_floor":[17,37,37,50,67,67,92,92,92,102,117,151,163,163,163,268,268,281,40,56,56,69,94,14,42,42,71,71,81,98,13,13,112,112,124,124,169,179,226,256,256,256,282,282,160,160,174,201,201,201],"floor_reached":51,"playtime":6233,"items_purged":["Strike_P"],"score":882,"play_id":"7f985f15-1270-493e-a0fc-8aeaa8789651","local_time":"20201208234801","is_ascension_mode":true,"campfire_choices":[{"data":"Establishment","floor":6.0,"key":"SMITH"},{"data":"Wallop","floor":8.0,"key":"SMITH"},{"data":"BattleHymn","floor":15.0,"key":"SMITH"},{"data":"Blasphemy","floor":28,"key":"SMITH"},{"floor":32,"key":"REST"},{"data":"SandsOfTime","floor":41,"key":"SMITH"},{"data":"Meditate","floor":46,"key":"SMITH"},{"floor":49,"key":"REST"}],"neow_cost":"NO_GOLD","seed_source_timestamp":21302788168900,"circlet_count":0,"master_deck":["Defend_P","Defend_P","Eruption","Vigilance","FearNoEvil","Wallop+1","Evaluate","Establishment+1","CarveReality","Consecrate","BattleHymn+1","ThirdEye","EmptyBody","Blasphemy+1","SpiritShield+1","WheelKick+1","Study+1","Swivel","LikeWater","Flash of Steel","FollowUp+1","Perseverance","FlyingSleeves+1","SandsOfTime+1","SandsOfTime","Protect","Tantrum","Wish+1","CutThroughFate+1","Meditate+1","WheelKick+1"],"special_seed":0,"relics":["PureWater","Turnip","Singing Bowl","HornCleat","Astrolabe","Smiling Mask","The Courier","Vajra","Pear","Bronze Scales","Dream Catcher","Busted Crown","Potion Belt","Regal Pillow","Orrery","Blue Candle"],"potions_floor_usage":[25,27,33,44,50,50,50],"damage_taken":[{"damage":4.0,"enemies":"Jaw Worm","floor":1.0,"turns":4.0},{"damage":1.0,"enemies":"Cultist","floor":2.0,"turns":4.0},{"damage":4.0,"enemies":"2 Louse","floor":4.0,"turns":2.0},{"damage":3.0,"enemies":"Blue Slaver","floor":5.0,"turns":5.0},{"damage":6.0,"enemies":"3 Sentries","floor":7.0,"turns":13.0},{"damage":0.0,"enemies":"2 Fungi Beasts","floor":10.0,"turns":2.0},{"damage":8.0,"enemies":"Red Slaver","floor":11.0,"turns":3.0},{"damage":32.0,"enemies":"Lagavulin","floor":12.0,"turns":6.0},{"damage":5.0,"enemies":"Exordium Wildlife","floor":13.0,"turns":2.0},{"damage":13.0,"enemies":"The Guardian","floor":16.0,"turns":10.0},{"damage":16.0,"enemies":"2 Thieves","floor":18.0,"turns":3.0},{"damage":5.0,"enemies":"Shell Parasite","floor":20.0,"turns":4.0},{"damage":0.0,"enemies":"Snecko","floor":22.0,"turns":3.0},{"damage":20.0,"enemies":"Slavers","floor":23.0,"turns":7.0},{"damage":7,"enemies":"Gremlin Leader","floor":25,"turns":6},{"damage":7,"enemies":"Book of Stabbing","floor":27,"turns":3},{"damage":5,"enemies":"Shelled Parasite and Fungi","floor":29,"turns":3},{"damage":12,"enemies":"Chosen and Byrds","floor":30,"turns":3},{"damage":17,"enemies":"Champ","floor":33,"turns":7},{"damage":10,"enemies":"3 Darklings","floor":35,"turns":3},{"damage":15,"enemies":"3 Shapes","floor":37,"turns":3},{"damage":0,"enemies":"Maw","floor":38,"turns":5},{"damage":0,"enemies":"Transient","floor":39,"turns":5},{"damage":6,"enemies":"Giant Head","floor":40,"turns":5},{"damage":0,"enemies":"4 Shapes","floor":44,"turns":1},{"damage":3,"enemies":"3 Darklings","floor":47,"turns":2},{"damage":4,"enemies":"Nemesis","floor":48,"turns":3},{"damage":24,"enemies":"Donu and Deca","floor":50,"turns":6}],"seed_played":"-2967699739895278622","potions_obtained":[{"floor":4.0,"key":"Strength Potion"},{"floor":5.0,"key":"LiquidBronze"},{"floor":10.0,"key":"Energy Potion"},{"floor":13.0,"key":"SkillPotion"},{"floor":16.0,"key":"AttackPotion"},{"floor":22.0,"key":"DuplicationPotion"},{"floor":23.0,"key":"AttackPotion"},{"floor":30,"key":"SmokeBomb"},{"floor":33,"key":"StancePotion"},{"floor":35,"key":"Regen Potion"},{"floor":48,"key":"Dexterity Potion"}],"is_trial":false,"path_per_floor":["M","M","?","M","M","R","E","R","T","M","M","E","M","?","R","B",null,"M","$","M","?","M","E","?","E","T","E","R","M","M","?","R","B",null,"M","?","M","M","M","E","R","?","T","M","$","R","M","E","R","B",null],"character_chosen":"WATCHER","items_purchased":["LikeWater","Flash of Steel","Orrery"],"campfire_rested":2,"item_purchase_floors":[19,19,45],"current_hp_per_floor":[68,67,67,63,60,60,54,54,54,54,46,14,9,33,33,20,72,56,56,51,72,72,52,52,45,55,48,48,45,33,33,58,41,84,76,76,63,63,65,61,61,61,61,61,67,67,66,64,104,94],"gold":201,"neow_bonus":"ONE_RARE_RELIC","is_prod":false,"is_daily":false,"chose_seed":false,"campfire_upgraded":6,"win_rate":0,"timestamp":1607467681,"path_taken":["M","M","?","M","?","R","E","R","T","M","M","E","M","?","R","BOSS","M","$","M","?","M","E","?","E","T","E","R","M","?","?","R","BOSS","M","?","M","M","?","E","R","?","T","M","$","R","M","E","R","BOSS"],"build_version":"2020-11-30","purchased_purges":1,"victory":true,"max_hp_per_floor":[72,72,72,72,72,72,72,72,72,72,72,72,72,72,72,72,72,72,72,72,72,72,72,72,72,82,82,82,84,84,84,84,84,84,86,86,88,88,90,92,92,92,92,92,98,98,100,102,104,104],"relic_stats":{"Dream Catcher":2,"Regal Pillow":8,"Busted Crown":26,"Singing Bowl":22,"counters":[28,123],"Astrolabe":["SpiritShield","WheelKick","Study"],"Bronze Scales":[102],"Blue Candle":[0],"Turnip":[10],"Smiling Mask":0,"obtain_stats":[{"Potion Belt":40,"Regal Pillow":43,"Pear":26,"Singing Bowl":7,"Astrolabe":17,"Blue Candle":48,"Vajra":25,"The Courier":24,"Smiling Mask":23,"Dream Catcher":31,"HornCleat":9,"Busted Crown":34,"Bronze Scales":27,"Orrery":45,"Turnip":0,"PureWater":0},{"Potion Belt":24,"Regal Pillow":24,"Pear":15,"Singing Bowl":5,"Astrolabe":10,"Blue Candle":27,"Vajra":15,"The Courier":14,"Smiling Mask":14,"Dream Catcher":18,"HornCleat":5,"Busted Crown":19,"Bronze Scales":16,"Orrery":25,"Turnip":0,"PureWater":0},{"Potion Belt":111,"Regal Pillow":111,"Pear":74,"Singing Bowl":28,"Astrolabe":51,"Blue Candle":117,"Vajra":74,"The Courier":68,"Smiling Mask":68,"Dream Catcher":83,"HornCleat":28,"Busted Crown":90,"Bronze Scales":77,"Orrery":112,"Turnip":0,"PureWater":0}]},"card_choices":[{"not_picked":["FlyingSleeves","WaveOfTheHand"],"picked":"FearNoEvil","floor":1.0},{"not_picked":["Wireheading","CrushJoints"],"picked":"Wallop","floor":2.0},{"not_picked":["ForeignInfluence","EmptyMind"],"picked":"Evaluate","floor":4.0},{"not_picked":["JustLucky","Tantrum"],"picked":"Establishment","floor":5.0},{"not_picked":["Sanctity","FlurryOfBlows"],"picked":"CarveReality","floor":7.0},{"not_picked":["Halt","CrushJoints"],"picked":"Consecrate","floor":10.0},{"not_picked":["Prostrate","EmptyFist"],"picked":"BattleHymn","floor":11.0},{"not_picked":["CrushJoints","Wireheading"],"picked":"ThirdEye","floor":12.0},{"not_picked":["Devotion","Evaluate"],"picked":"EmptyBody","floor":13.0},{"not_picked":["Omniscience","DevaForm"],"picked":"Blasphemy","floor":16.0},{"not_picked":["PathToVictory","Meditate+1"],"picked":"Swivel","floor":18.0},{"not_picked":["Nirvana","BowlingBash"],"picked":"FollowUp+1","floor":20.0},{"not_picked":["Halt","CarveReality"],"picked":"Perseverance","floor":22.0},{"not_picked":["InnerPeace+1","CrushJoints"],"picked":"FlyingSleeves+1","floor":23.0},{"not_picked":["Alpha","BattleHymn"],"picked":"SandsOfTime","floor":25},{"not_picked":["InnerPeace","DeceiveReality"],"picked":"SandsOfTime","floor":27},{"not_picked":["SashWhip","FollowUp","EmptyBody+1"],"picked":"Singing Bowl","floor":29},{"not_picked":["EmptyMind","JustLucky+1"],"picked":"Protect","floor":30},{"not_picked":["PathToVictory","DeceiveReality+1"],"picked":"Tantrum","floor":32},{"not_picked":["DeusExMachina","DevaForm"],"picked":"Wish","floor":33},{"not_picked":["PathToVictory"],"picked":"Singing Bowl","floor":35},{"not_picked":["Sanctity+1"],"picked":"Singing Bowl","floor":37},{"not_picked":[],"picked":"CutThroughFate+1","floor":38},{"not_picked":["Crescendo"],"picked":"Singing Bowl","floor":39},{"not_picked":["Protect+1"],"picked":"Singing Bowl","floor":40},{"not_picked":[],"picked":"Meditate","floor":45},{"not_picked":["ClearTheMind+1"],"picked":"Singing Bowl","floor":45},{"not_picked":["ClearTheMind+1"],"picked":"Singing Bowl","floor":45},{"not_picked":["Conclude+1"],"picked":"Singing Bowl","floor":45},{"not_picked":[],"picked":"WheelKick+1","floor":45},{"not_picked":["Evaluate"],"picked":"Singing Bowl","floor":47},{"not_picked":["WaveOfTheHand"],"picked":"Singing Bowl","floor":48},{"not_picked":["Consecrate+1"],"picked":"Singing Bowl","floor":49}],"player_experience":512670,"relics_obtained":[{"floor":7.0,"key":"Singing Bowl"},{"floor":9.0,"key":"HornCleat"},{"floor":23.0,"key":"Smiling Mask"},{"floor":25,"key":"Vajra"},{"floor":26,"key":"Pear"},{"floor":27,"key":"Bronze Scales"},{"floor":40,"key":"Potion Belt"},{"floor":43,"key":"Regal Pillow"},{"floor":48,"key":"Blue Candle"}],"event_choices":[{"cards_removed":["Strike_P"],"damage_healed":0.0,"max_hp_gain":0.0,"max_hp_loss":0.0,"gold_gain":0.0,"event_name":"Purifier","player_choice":"Purged","floor":3.0,"gold_loss":0.0,"damage_taken":0.0},{"damage_healed":24.0,"max_hp_gain":0.0,"max_hp_loss":0.0,"gold_gain":0.0,"event_name":"Big Fish","player_choice":"Banana","floor":14.0,"gold_loss":0.0,"damage_taken":0.0},{"damage_healed":24.0,"max_hp_gain":0.0,"max_hp_loss":0.0,"gold_gain":0.0,"event_name":"The Library","player_choice":"Heal","floor":21.0,"gold_loss":0.0,"damage_taken":0.0},{"damage_healed":0.0,"max_hp_gain":0.0,"max_hp_loss":0.0,"gold_gain":0.0,"event_name":"WeMeetAgain","player_choice":"Paid Gold","floor":24.0,"gold_loss":80.0,"damage_taken":0.0,"relics_obtained":["The Courier"]},{"damage_healed":0,"gold_gain":0,"player_choice":"Obtained Relic","damage_taken":0,"relics_obtained":["Dream Catcher"],"max_hp_gain":0,"max_hp_loss":0,"event_name":"Addict","floor":31,"gold_loss":85},{"damage_healed":0,"gold_gain":0,"player_choice":"Forge","damage_taken":0,"max_hp_gain":0,"max_hp_loss":0,"event_name":"Accursed Blacksmith","floor":36,"gold_loss":0,"cards_upgraded":["Wish"]},{"cards_removed":["Defend_P"],"damage_healed":0,"gold_gain":0,"player_choice":"Removed Skill","damage_taken":0,"max_hp_gain":0,"max_hp_loss":0,"event_name":"Falling","floor":42,"gold_loss":0}],"is_beta":false,"boss_relics":[{"not_picked":["Fusion Hammer","SlaversCollar"],"picked":"Astrolabe"},{"not_picked":["Runic Dome","SacredBark"],"picked":"Busted Crown"}],"items_purged_floors":[19],"is_endless":false,"potions_floor_spawned":[4,5,10,13,16,22,23,30,33,35,39,44,48],"ascension_level":2}}