{"host":"q9718omregw4er46","time":1607465221,"event":{"gold_per_floor":[11,22,34,34,49,49,65,96,96,96,96,112,140,150,150,226,226,237,257,277,303,303,303,337,99,99,129,143,143,163,191,191,270,270,283,283,293,193,212,245,257,284,348,385,397,409,421,462,474,486,498],"floor_reached":52,"playtime":3127,"items_purged":["Strike_G","Strike_G"],"score":2264,"play_id":"b4fbbfa3-fafe-4e13-8d5d-209891191c23","local_time":"20201209030701","is_ascension_mode":true,"campfire_choices":[{"data":"Apotheosis","floor":6.0,"key":"SMITH"},{"floor":11.0,"key":"REST"},{"floor":15.0,"key":"REST"},{"floor":23.0,"key":"REST"},{"data":"Adrenaline","floor":29.0,"key":"SMITH"},{"floor":32.0,"key":"REST"},{"data":"Calculated Gamble","floor":41,"key":"SMITH"},{"data":"Well Laid Plans","floor":45,"key":"SMITH"},{"data":"Prepared","floor":47,"key":"SMITH"},{"floor":49,"key":"REST"}],"neow_cost":"NO_GOLD","seed_source_timestamp":0,"circlet_count":0,"master_deck":["AscendersBane","Strike_G+1","Defend_G","Defend_G","Defend_G+1","Defend_G","Defend_G","Survivor","Neutralize","Apotheosis+1","Dagger Throw","Endless Agony","Quick Slash","Terror","Deadly Poison","Deadly Poison","Crippling Poison","Leg Sweep","Adrenaline","Adrenaline+1","Escape Plan","Catalyst+1","Acrobatics","PiercingWail","Leg Sweep","Escape Plan","Corpse Explosion","Prepared+1","Adrenaline","Calculated Gamble+1","Well Laid Plans+1","Catalyst","Blur+1","Dark Shackles","Finesse","Acrobatics","Footwork+1"],"special_seed":0,"relics":["Ring of the Snake","Tough Bandages","Dream Catcher","Bag of Marbles","HoveringKite","Red Mask","Letter Opener","Oddly Smooth Stone","Bronze Scales","Paper Crane","Orichalcum","Black Star","Toy Ornithopter","MawBank","Nunchaku","Tingsha","Pocketwatch","Akabeko"],"potions_floor_usage":[50,51],"damage_taken":[{"damage":0.0,"enemies":"Cultist","floor":1.0,"turns":3.0},{"damage":9.0,"enemies":"Jaw Worm","floor":2.0,"turns":6.0},{"damage":0.0,"enemies":"2 Louse","floor":3.0,"turns":3.0},{"damage":0.0,"enemies":"Looter","floor":5.0,"turns":4.0},{"damage":9.0,"enemies":"Lots of Slimes","floor":7.0,"turns":4.0},{"damage":6.0,"enemies":"3 Sentries","floor":8.0,"turns":8.0},{"damage":0.0,"enemies":"3 Louse","floor":12.0,"turns":4.0},{"damage":16.0,"enemies":"Lagavulin","floor":13.0,"turns":6.0},{"damage":8.0,"enemies":"Blue Slaver","floor":14.0,"turns":5.0},{"damage":0.0,"enemies":"Hexaghost","floor":16.0,"turns":8.0},{"damage":5.0,"enemies":"Shell Parasite","floor":18.0,"turns":5.0},{"damage":0.0,"enemies":"Chosen","floor":19.0,"turns":4.0},{"damage":0.0,"enemies":"Snecko","floor":20.0,"turns":4.0},{"damage":21.0,"enemies":"Masked Bandits","floor":21.0,"turns":4.0},{"damage":22.0,"enemies":"Slavers","floor":24.0,"turns":10.0},{"damage":0.0,"enemies":"Book of Stabbing","floor":27.0,"turns":4.0},{"damage":0.0,"enemies":"Snake Plant","floor":28.0,"turns":4.0},{"damage":0.0,"enemies":"Shelled Parasite and Fungi","floor":30.0,"turns":3.0},{"damage":9.0,"enemies":"Slavers","floor":31.0,"turns":4.0},{"damage":18.0,"enemies":"Champ","floor":33.0,"turns":10.0},{"damage":0.0,"enemies":"3 Darklings","floor":35.0,"turns":3.0},{"damage":0,"enemies":"3 Shapes","floor":37,"turns":3},{"damage":0,"enemies":"Maw","floor":39,"turns":6},{"damage":15,"enemies":"Giant Head","floor":40,"turns":9},{"damage":0,"enemies":"3 Darklings","floor":42,"turns":2},{"damage":0,"enemies":"Mind Bloom Boss Battle","floor":44,"turns":2},{"damage":0,"enemies":"Reptomancer","floor":48,"turns":3},{"damage":11,"enemies":"Time Eater","floor":50,"turns":10},{"damage":0,"enemies":"Donu and Deca","floor":51,"turns":3}],"seed_played":"3367031724084482133","potions_obtained":[{"floor":1.0,"key":"SkillPotion"},{"floor":7.0,"key":"EssenceOfSteel"},{"floor":12.0,"key":"ColorlessPotion"},{"floor":14.0,"key":"FearPotion"},{"floor":16.0,"key":"Energy Potion"},{"floor":19.0,"key":"LiquidMemories"},{"floor":24.0,"key":"Explosive Potion"},{"floor":33.0,"key":"SmokeBomb"},{"floor":40,"key":"SpeedPotion"},{"floor":44,"key":"PowerPotion"},{"floor":48,"key":"LiquidBronze"}],"is_trial":false,"path_per_floor":["M","M","M","?","M","R","M","E","T","?","R","M","E","M","R","B",null,"M","M","M","?","?","R","E","$","T","E","M","R","M","E","R","B",null,"M","?","M","$","M","E","R","M","T","?","R","?","R","E","R","B","B",null],"character_chosen":"THE_SILENT","items_purchased":["Oddly Smooth Stone"],"campfire_rested":5,"item_purchase_floors":[25],"current_hp_per_floor":[59,50,50,43,43,43,34,28,28,8,27,27,11,3,22,22,55,50,50,50,29,29,48,26,26,26,26,26,26,26,17,36,18,54,54,54,54,54,54,39,39,39,39,39,39,34,34,34,52,46,51],"gold":510,"neow_bonus":"RANDOM_COLORLESS_2","is_prod":false,"is_daily":false,"chose_seed":false,"campfire_upgraded":5,"win_rate":0,"timestamp":1607465221,"path_taken":["M","?","M","?","M","R","M","E","T","?","R","M","E","M","R","BOSS","M","M","M","?","?","R","E","$","T","E","M","R","?","E","R","BOSS","M","?","M","$","M","E","R","M","T","?","R","?","R","E","R","BOSS","BOSS"],"build_version":"2020-11-30","purchased_purges":2,"victory":true,"max_hp_per_floor":[66,66,66,66,66,66,66,66,66,66,66,66,66,66,66,66,66,66,66,66,66,66,66,66,66,66,66,66,66,66,66,66,66,66,66,63,63,63,63,63,63,63,63,63,63,63,63,63,63,63,63],"relic_stats":{"counters":[29,144],"HoveringKite":[51],"Tingsha":[90],"Letter Opener":[482],"Orichalcum":[60],"MawBank":144,"Tough Bandages":[366],"Dream Catcher":5,"Nunchaku":[1],"Bronze Scales":[184],"Black Star":2,"obtain_stats":[{"HoveringKite":17,"Oddly Smooth Stone":25,"Tingsha":44,"Letter Opener":24,"Paper Crane":27,"Orichalcum":31,"MawBank":40,"Akabeko":48,"Tough Bandages":8,"Dream Catcher":9,"Nunchaku":43,"Bronze Scales":26,"Bag of Marbles":13,"Red Mask":21,"Black Star":34,"Toy Ornithopter":40,"Ring of the Snake":0,"Pocketwatch":48},{"HoveringKite":10,"Oddly Smooth Stone":15,"Tingsha":26,"Letter Opener":15,"Paper Crane":16,"Orichalcum":19,"MawBank":24,"Akabeko":27,"Tough Bandages":6,"Dream Catcher":6,"Nunchaku":25,"Bronze Scales":15,"Bag of Marbles":8,"Red Mask":14,"Black Star":20,"Toy Ornithopter":24,"Ring of the Snake":0,"Pocketwatch":27},{"HoveringKite":51,"Oddly Smooth Stone":78,"Tingsha":128,"Letter Opener":78,"Paper Crane":82,"Orichalcum":93,"MawBank":124,"Akabeko":131,"Tough Bandages":28,"Dream Catcher":28,"Nunchaku":126,"Bronze Scales":78,"Bag of Marbles":38,"Red Mask":68,"Black Star":103,"Toy Ornithopter":124,"Ring of the Snake":0,"Pocketwatch":131}],"Toy Ornithopter":10,"Ring of the Snake":[59],"Pocketwatch":[10]},"card_choices":[{"not_picked":["Magnetism","Master of Strategy"],"picked":"Apotheosis","floor":0.0},{"not_picked":["Acrobatics","PiercingWail"],"picked":"Dagger Throw","floor":1.0},{"not_picked":["Leg Sweep","Well Laid Plans"],"picked":"Endless Agony","floor":2.0},{"not_picked":["All Out Attack","Choke"],"picked":"Quick Slash","floor":3.0},{"not_picked":["Flechettes","Tactician"],"picked":"Terror","floor":5.0},{"not_picked":["Caltrops","Dodge and Roll"],"picked":"Deadly Poison","floor":7.0},{"not_picked":["Choke","Sucker Punch"],"picked":"Deadly Poison","floor":8.0},{"not_picked":["Outmaneuver","Accuracy","Deadly Poison"],"picked":"SKIP","floor":12.0},{"not_picked":["Poisoned Stab","Heel Hook"],"picked":"Crippling Poison","floor":13.0},{"not_picked":["Underhanded Strike","Eviscerate"],"picked":"Leg Sweep","floor":14.0},{"not_picked":["Deadly Poison","Reflex"],"picked":"Adrenaline","floor":15.0},{"not_picked":["Storm of Steel","After Image"],"picked":"Adrenaline","floor":16.0},{"not_picked":["Blade Dance","Bane","Dagger Spray"],"picked":"SKIP","floor":18.0},{"not_picked":["Bane","Quick Slash"],"picked":"Escape Plan","floor":19.0},{"not_picked":["Blade Dance","Cloak And Dagger"],"picked":"Catalyst+1","floor":20.0},{"not_picked":["Leg Sweep","Setup"],"picked":"Acrobatics","floor":21.0},{"not_picked":["Cloak And Dagger","Deflect"],"picked":"PiercingWail","floor":23.0},{"not_picked":["Poisoned Stab","Sucker Punch","Slice+1"],"picked":"SKIP","floor":24.0},{"not_picked":["Infinite Blades","Choke"],"picked":"Leg Sweep","floor":27.0},{"not_picked":["Dodge and Roll","Expertise"],"picked":"Escape Plan","floor":28.0},{"not_picked":["Blade Dance","Bane"],"picked":"Corpse Explosion","floor":30.0},{"not_picked":["Infinite Blades","Flying Knee"],"picked":"Prepared","floor":31.0},{"not_picked":["Doppelganger","Glass Knife"],"picked":"Adrenaline","floor":33.0},{"not_picked":["PiercingWail","Backflip"],"picked":"Calculated Gamble","floor":35.0},{"not_picked":["Cloak And Dagger+1","Predator"],"picked":"Well Laid Plans","floor":37},{"not_picked":["Bane","Deadly Poison+1","Skewer"],"picked":"SKIP","floor":39},{"not_picked":["Dagger Throw","Flying Knee","Deadly Poison"],"picked":"SKIP","floor":40},{"not_picked":["Outmaneuver","Setup"],"picked":"Catalyst","floor":42},{"not_picked":["Cloak And Dagger","PiercingWail+1"],"picked":"Blur+1","floor":44},{"not_picked":["Panacea","Enlightenment"],"picked":"Dark Shackles","floor":46},{"not_picked":["Trip","Enlightenment"],"picked":"Finesse","floor":46},{"not_picked":["Outmaneuver","Flechettes"],"picked":"Acrobatics","floor":48},{"not_picked":["Outmaneuver+1","Cloak And Dagger"],"picked":"Footwork+1","floor":49}],"player_experience":965854,"relics_obtained":[{"floor":8.0,"key":"Tough Bandages"},{"floor":9.0,"key":"Dream Catcher"},{"floor":13.0,"key":"Bag of Marbles"},{"floor":21.0,"key":"Red Mask"},{"floor":24.0,"key":"Letter Opener"},{"floor":26.0,"key":"Bronze Scales"},{"floor":27.0,"key":"Paper Crane"},{"floor":31.0,"key":"Orichalcum"},{"floor":40,"key":"Toy Ornithopter"},{"floor":40,"key":"MawBank"},{"floor":43,"key":"Nunchaku"},{"floor":44,"key":"Tingsha"},{"floor":48,"key":"Pocketwatch"},{"floor":48,"key":"Akabeko"}],"event_choices":[{"cards_removed":["Strike_G"],"damage_healed":0.0,"max_hp_gain":0.0,"max_hp_loss":0.0,"gold_gain":0.0,"event_name":"Golden Wing","player_choice":"Card Removal","floor":4.0,"gold_loss":0.0,"damage_taken":7.0},{"damage_healed":0.0,"max_hp_gain":0.0,"max_hp_loss":0.0,"gold_gain":0.0,"event_name":"Shining Light","player_choice":"Entered Light","floor":10.0,"gold_loss":0.0,"damage_taken":20.0,"cards_upgraded":["Defend_G","Strike_G"]},{"damage_healed":0.0,"max_hp_gain":0.0,"max_hp_loss":0.0,"gold_gain":0.0,"event_name":"Masked Bandits","player_choice":"Fought Bandits","floor":21.0,"gold_loss":0.0,"damage_taken":0.0},{"cards_removed":["Strike_G"],"damage_healed":0.0,"max_hp_gain":0.0,"max_hp_loss":0.0,"gold_gain":0.0,"event_name":"Purifier","player_choice":"Purged","floor":22.0,"gold_loss":0.0,"damage_taken":0.0},{"damage_healed":0.0,"max_hp_gain":0.0,"max_hp_loss":3.0,"gold_gain":0.0,"event_name":"Winding Halls","player_choice":"Max HP","floor":36.0,"gold_loss":0.0,"damage_taken":0.0},{"damage_healed":0,"gold_gain":0,"player_choice":"Fight","damage_taken":0,"max_hp_gain":0,"max_hp_loss":0,"event_name":"MindBloom","floor":44,"gold_loss":0},{"damage_healed":0,"gold_gain":0,"player_choice":"Memory 2","damage_taken":5,"max_hp_gain":0,"max_hp_loss":0,"event_name":"SensoryStone","floor":46,"gold_loss":0}],"is_beta":false,"boss_relics":[{"not_picked":["Sozu","Velvet Choker"],"picked":"HoveringKite"},{"not_picked":["Empty Cage","Snecko Eye"],"picked":"Black Star"}],"items_purged_floors":[25,38],"is_endless":false,"potions_floor_spawned":[1,7,12,14,16,19,20,24,33,40,44,48],"ascension_level":20}}