{"host":"ko40t1o51xotjt2v","time":1607463844,"event":{"gold_per_floor":[214,214,225,4,21,21,50,60,85,104,133,133,159,179,179,280,280,297,297,313,31,45,78,92,124,124,124,159,159,176,88,88,186,186,200,219,237,249,299,333,333,333,333,361,361,392,407,440,440,453,453,453,98,131,139],"floor_reached":56,"playtime":3126,"items_purged":["Dualcast","Strike_B","Strike_B"],"score":1846,"play_id":"86f85933-2a6d-4ccb-a630-39e5f1bea12b","local_time":"20201208224404","is_ascension_mode":true,"campfire_choices":[{"data":"Genetic Algorithm","floor":6,"key":"SMITH"},{"data":"Self Repair","floor":12,"key":"SMITH"},{"data":"Zap","floor":15,"key":"SMITH"},{"floor":32,"key":"RECALL"},{"data":"StuffTheSpire:BrainWave","floor":41,"key":"SMITH"},{"data":"Gash","floor":45,"key":"SMITH"},{"data":"Gash","floor":49,"key":"SMITH"},{"data":"MostiFishMod:WinterMarkForm","floor":52,"key":"SMITH"}],"neow_cost":"NONE","seed_source_timestamp":105444224975600,"circlet_count":0,"master_deck":["Strike_B","Defend_B","Defend_B","Defend_B","Defend_B","Zap+1","Beam Cell","Genetic Algorithm+1","Go for the Eyes","Self Repair+1","MostiFishMod:ATRI+1","Gash+1","Gash+1","Gash+1","Bandage Up+1","StuffTheSpire:BrainWave+1","MostiFishMod:FrostNova+1","MostiFishMod:WinterMarkForm+1","Gash+1","Reinforced Body+1"],"relics":["Cracked Core","DaveBox","testmod-TestBox","testmod-Maize","OrangePellets","Question Card","ChiLing","Chi","Ling","testmod-Hope","Nunchaku","Toxic Egg 2","ImportantClient","aspiration:WatcherSkillbook","Meat on the Bone","SentryEyes","hubris:ToyBattleship","PreservedInsect","Eternal Feather","halation:YellowSoulGem","FrostBlade","testmod-CasingShield","StuffTheSpire:Mouthbags","CrustySpines","conspire:Dentures","testmod-Acrobat","hubris:TinFlute","ArrowTower","StuffTheSpire:HeavyRock","testmod-Antiphasic"],"potions_floor_usage":[11,13,16,22,25,30,33,55,55],"damage_taken":[{"damage":0,"enemies":"conspire:RoseBush","floor":1,"turns":3},{"damage":7,"enemies":"Jaw Worm","floor":3,"turns":3},{"damage":2,"enemies":"Small Slimes","floor":5,"turns":1},{"damage":12,"enemies":"3 Sentries","floor":7,"turns":3},{"damage":2,"enemies":"conspire:2 RoseBushes","floor":8,"turns":2},{"damage":6,"enemies":"Blue Slaver","floor":10,"turns":2},{"damage":9,"enemies":"Gremlin Nob","floor":11,"turns":3},{"damage":13,"enemies":"Lagavulin","floor":13,"turns":5},{"damage":3,"enemies":"Large Slime","floor":14,"turns":2},{"damage":3,"enemies":"Slime Boss","floor":16,"turns":5},{"damage":21,"enemies":"conspire:FuzzyDice","floor":18,"turns":3},{"damage":2,"enemies":"3 Byrds","floor":20,"turns":2},{"damage":3,"enemies":"Snecko","floor":22,"turns":3},{"damage":49,"enemies":"Gremlin Leader","floor":23,"turns":7},{"damage":5,"enemies":"3 Cultists","floor":24,"turns":3},{"damage":23,"enemies":"Slavers","floor":25,"turns":4},{"damage":1,"enemies":"conspire:Head Lice","floor":28,"turns":3},{"damage":4,"enemies":"Cultist and Chosen","floor":30,"turns":3},{"damage":61,"enemies":"hubris:MusketHawk","floor":33,"turns":7},{"damage":0,"enemies":"3 Darklings","floor":35,"turns":2},{"damage":1,"enemies":"Orb Walker","floor":36,"turns":1},{"damage":5,"enemies":"Maw","floor":37,"turns":6},{"damage":3,"enemies":"Writhing Mass","floor":38,"turns":3},{"damage":19,"enemies":"Mind Bloom Boss Battle","floor":39,"turns":3},{"damage":11,"enemies":"Nemesis","floor":40,"turns":3},{"damage":3,"enemies":"Giant Head","floor":44,"turns":5},{"damage":2,"enemies":"Nemesis","floor":46,"turns":3},{"damage":1,"enemies":"4 Shapes","floor":47,"turns":2},{"damage":2,"enemies":"Reptomancer","floor":48,"turns":3},{"damage":3,"enemies":"Time Eater","floor":50,"turns":6},{"damage":1,"enemies":"Shield and Spear","floor":54,"turns":2},{"damage":90,"enemies":"The Heart","floor":55,"turns":7}],"seed_played":"-2511963435236126429","potions_obtained":[{"floor":3,"key":"SpeedPotion"},{"floor":5,"key":"FairyPotion"},{"floor":8,"key":"AttackPotion"},{"floor":14,"key":"SkillPotion"},{"floor":20,"key":"jedi:coolantleak"},{"floor":22,"key":"SpeedPotion"},{"floor":25,"key":"testmod-TestPotion"},{"floor":28,"key":"DistilledChaos"},{"floor":30,"key":"SteroidPotion"},{"floor":33,"key":"FearPotion"}],"is_trial":false,"path_per_floor":["M","?","M","$","M","R","E","M","T","M","E","R","E","M","R","B",null,"M","?","M","$","M","E","M","E","T","?","E","?","M","?","R","B",null,"M","M","M","M","?","E","R","?","T","E","R","E","M","E","R","B",null,"R","$","E","B",null],"character_chosen":"DEFECT","items_purchased":["ChiLing","Bandage Up+1","ArrowTower","StuffTheSpire:HeavyRock"],"campfire_rested":0,"item_purchase_floors":[4,21,53,53],"current_hp_per_floor":[75,75,68,68,66,66,54,52,52,53,51,51,48,55,55,62,75,54,54,62,62,75,42,43,48,48,48,63,63,75,75,75,42,75,75,75,75,75,56,45,57,57,57,70,75,75,74,75,75,75,75,75,75,75,46],"gold":139,"neow_bonus":"HUNDRED_GOLD","is_prod":false,"is_daily":false,"chose_seed":false,"campfire_upgraded":7,"win_rate":0,"timestamp":1607463844,"path_taken":["M","?","M","$","M","R","E","M","T","M","E","R","E","M","R","BOSS","M","?","M","$","M","E","M","E","T","?","E","?","?","?","R","BOSS","M","M","M","M","?","E","R","?","T","E","R","E","?","E","R","BOSS","R","$","E","BOSS"],"build_version":"2020-11-30","purchased_purges":3,"victory":true,"max_hp_per_floor":[75,75,75,75,75,75,75,75,75,75,75,75,75,75,75,75,75,75,75,75,75,75,75,75,75,75,75,75,75,75,75,75,75,75,75,75,75,75,75,75,75,75,75,75,75,75,75,75,75,75,75,75,75,75,80],"card_choices":[{"not_picked":["Stack","Hello World"],"picked":"Beam Cell","floor":1},{"not_picked":["Rebound","Compile Driver","StuffTheSpire:LoadUp"],"picked":"Genetic Algorithm","floor":3},{"not_picked":["Doom and Gloom","jedi:locknload","Darkness","Heatsinks"],"picked":"SKIP","floor":5},{"not_picked":["MostiFishMod:Tomorrow","jedi:BurstLightning","Reprogram"],"picked":"Go for the Eyes","floor":7},{"not_picked":["jedi:markofdeath","StuffTheSpire:CleanHardDrive","Scrape"],"picked":"Self Repair","floor":8},{"not_picked":["Melter","Sunder","jedi:sharpshooter","Rip and Tear"],"picked":"SKIP","floor":10},{"not_picked":["Ball Lightning","Double Energy","Stack","Compile Driver"],"picked":"SKIP","floor":11},{"not_picked":["Streamline","Stack+1","jedi:BurstLightning","Rip and Tear"],"picked":"SKIP","floor":13},{"not_picked":["Rebound","Coolheaded+1","Aggregate+1","Stack+1"],"picked":"SKIP","floor":14},{"not_picked":["Creative AI","MostiFishMod:IntelligentEquipment","MostiFishMod:ActiveDefenseSystem"],"picked":"MostiFishMod:ATRI+1","floor":16},{"not_picked":["Halt+1","Sweeping Beam+1","StuffTheSpire:NuclearReactor+1","hubris:Ukulele+1"],"picked":"Gash+1","floor":18},{"not_picked":["BowlingBash","ReachHeaven","Streamline","Fusion+1"],"picked":"Gash","floor":20},{"not_picked":["ClearTheMind+1","Stack+1","SandsOfTime","Ball Lightning+1","Beam Cell"],"picked":"SKIP","floor":22},{"not_picked":["FlyingSleeves","JustLucky+1","CrushJoints","Barrage+1"],"picked":"Reinforced Body+1","floor":23},{"not_picked":["ThirdEye+1","FollowUp","EmptyBody+1","Coolheaded+1","Conclude"],"picked":"SKIP","floor":24},{"not_picked":["ClearTheMind+1","Prostrate+1","Stack+1","jedi:BurstFrost+1","jedi:spotbugs+1"],"picked":"SKIP","floor":25},{"not_picked":["CarveReality","jedi:reiji+1","MostiFishMod:ScryFuture","aspiration:Polymerization+1","MostiFishMod:SeaWaves"],"picked":"SKIP","floor":28},{"not_picked":["Pray+1","BowlingBash","EmptyBody+1","SashWhip+1","RefreshScreen"],"picked":"SKIP","floor":30},{"not_picked":["Blizzard","CutThroughFate","White Noise+1","Skim+1","Sweeping Beam"],"picked":"SKIP","floor":35},{"not_picked":["Hologram+1","Lockon","Beam Cell","Turbo+1"],"picked":"Gash+1","floor":36},{"not_picked":["EmptyBody+1","White Noise+1","RefreshScreen+1","Beam Cell","PathToVictory+1"],"picked":"SKIP","floor":37},{"not_picked":["Beam Cell","Turbo+1","BowlingBash+1","Hello World","EmptyFist"],"picked":"SKIP","floor":38},{"not_picked":["Turbo+1","Prostrate+1","jedi:BurstDark","Barrage","Hologram+1"],"picked":"SKIP","floor":40},{"not_picked":["FollowUp","FearNoEvil","Evaluate+1","MostiFishMod:Overload+1","Cold Snap+1"],"picked":"SKIP","floor":44},{"not_picked":["Compile Driver","Ball Lightning","jedi:blockon+1","Aggregate+1","EmptyFist"],"picked":"SKIP","floor":46},{"not_picked":["jedi:BurstFrost+1","Beam Cell","Consecrate+1","BattleHymn+1","Sweeping Beam"],"picked":"SKIP","floor":47},{"not_picked":["Stack+1","jedi:blockon+1","DeceiveReality+1","MostiFishMod:ReprogramOld+1","MostiFishMod:Moonprays+1"],"picked":"SKIP","floor":48},{"not_picked":["Aggregate+1","conspire:SharedLibrary+1","Turbo+1","Cold Snap+1","StuffTheSpire:LoadUp+1"],"picked":"SKIP","floor":54}],"player_experience":403627,"relics_obtained":[{"floor":1,"key":"Question Card"},{"floor":7,"key":"testmod-Hope"},{"floor":11,"key":"Nunchaku"},{"floor":13,"key":"Toxic Egg 2"},{"floor":16,"key":"ImportantClient"},{"floor":23,"key":"Meat on the Bone"},{"floor":25,"key":"SentryEyes"},{"floor":26,"key":"hubris:ToyBattleship"},{"floor":27,"key":"PreservedInsect"},{"floor":28,"key":"Eternal Feather"},{"floor":39,"key":"testmod-CasingShield"},{"floor":40,"key":"StuffTheSpire:Mouthbags"},{"floor":43,"key":"CrustySpines"},{"floor":44,"key":"conspire:Dentures"},{"floor":46,"key":"testmod-Acrobat"},{"floor":48,"key":"hubris:TinFlute"},{"floor":54,"key":"testmod-Antiphasic"}],"event_choices":[{"damage_healed":0,"gold_gain":0,"player_choice":"Ignored","damage_taken":0,"max_hp_gain":0,"max_hp_loss":0,"event_name":"Box For Yourself","floor":2,"gold_loss":0},{"damage_healed":0,"gold_gain":0,"player_choice":"Fight","damage_taken":0,"max_hp_gain":0,"max_hp_loss":0,"event_name":"MindBloom","floor":39,"gold_loss":0},{"cards_removed":["Strike_B"],"damage_healed":0,"gold_gain":0,"player_choice":"Purged","damage_taken":0,"max_hp_gain":0,"max_hp_loss":0,"event_name":"Purifier","floor":42,"gold_loss":0}],"is_beta":false,"boss_relics":[{"not_picked":["Runic Dome","testmod-CardMagician"],"picked":"aspiration:WatcherSkillbook"},{"not_picked":["vexMod:EndlessSickness","jedi:hotpepper"],"picked":"FrostBlade"}],"items_purged_floors":[4,21,21],"is_endless":false,"potions_floor_spawned":[3,5,8,14,20,22,25,28,30,33,35,37,40,47,48,54],"ascension_level":4}}