{"host":"1pcwcurc8qazgtt6","time":1607470111,"event":{"gold_per_floor":[124,124,154,196,196,244,244,244,244,272,272,305,13,13,13,163,163,205,205,205,283,283,283,338,179,179,179,179,222,316,367,367,385,385],"floor_reached":33,"playtime":1864,"items_purged":["DemoMod:Strike_Huntress"],"score":315,"play_id":"cd1cb94e-5f7f-4cf9-ac04-e6c1dddd0fb4","local_time":"20201208172831","is_ascension_mode":false,"campfire_choices":[{"data":"ReplayTheSpireMod:Black Plague","floor":7,"key":"SMITH"},{"data":"DemoMod:PotionOfGunFriendShip","floor":15,"key":"SMITH"},{"data":"hubris:InfiniteBlow","floor":23,"key":"SMITH"},{"data":"hubris:InfiniteBlow+1","floor":27,"key":"SMITH"},{"data":"hubris:InfiniteBlow+3","floor":32,"key":"SMITH"}],"neow_cost":"","seed_source_timestamp":61901607966100,"circlet_count":0,"master_deck":["DemoMod:Defend_Huntress","DemoMod:Defend_Huntress","DemoMod:Defend_Huntress","DemoMod:Defend_Huntress","DemoMod:Roll","DemoMod:ManualReload","DemoMod:RustySidearm","DemoMod:CrossBow","DemoMod:TripleGun","DemoMod:MegaHand","DemoMod:HuntsMan","DemoMod:ChanceBullets","ReplayTheSpireMod:Black Plague+1","DemoMod:StickyCrossBow","DemoMod:PotionOfGunFriendShip+1","DemoMod:Desperate","hubris:InfiniteBlow+4","infinitespire:Punishment","ReplayTheSpireMod:Haul","infinitespire:Menacing","ReplayTheSpireMod:Echoes of Time","DemoMod:DoubleSwitch+1","DemoMod:ShadowBullets","DemoMod:ZorGun","DemoMod:TableSutra","DemoMod:PotionOfGunFriendShip+1"],"relics":["DemoMod:Dog","Replay:Bandana","DemoMod:GreenGuonStone","Pen Nib","Golden Idol","Vajra","DemoMod:ClearGuonStone","Membership Card","hubris:Icosahedron","hubris:TerracottaHorce","Oddly Smooth Stone","Empty Cage","MutagenicStrength","Chameleon Ring","ReplayTheSpireMod:Shallot","Replay:Bottled Flurry"],"potions_floor_usage":[4,16,24,24],"damage_taken":[{"damage":0,"enemies":"Small Slimes","floor":1,"turns":4},{"damage":0,"enemies":"Cultist","floor":3,"turns":3},{"damage":6,"enemies":"2 Louse","floor":4,"turns":2},{"damage":14,"enemies":"Lagavulin","floor":6,"turns":5},{"damage":2,"enemies":"Blue Slaver","floor":10,"turns":2},{"damage":0,"enemies":"Large Slime","floor":12,"turns":3},{"damage":0,"enemies":"Hexaghost","floor":16,"turns":4},{"damage":0,"enemies":"Spheric Guardian","floor":18,"turns":3},{"damage":0,"enemies":"Shell Parasite","floor":21,"turns":2},{"damage":31,"enemies":"Book of Stabbing","floor":24,"turns":5},{"damage":13,"enemies":"Snake Plant","floor":29,"turns":4},{"damage":1,"enemies":"Shelled Parasite and Fungi","floor":30,"turns":2},{"damage":0,"enemies":"Cultist and Chosen","floor":31,"turns":3},{"damage":35,"enemies":"Automaton","floor":33,"turns":10}],"seed_played":"-8245845281808684792","potions_obtained":[{"floor":1,"key":"blueLaboratory:BottledHope"},{"floor":4,"key":"Adrenaline Potion"},{"floor":10,"key":"Ancient Potion"},{"floor":16,"key":"blueLaboratory:HummingbirdPotion"},{"floor":18,"key":"PowerPotion"},{"floor":24,"key":"blueLaboratory:EnragingPotion"},{"floor":29,"key":"blueLaboratory:SavagePotion"}],"is_trial":false,"path_per_floor":["M","?","M","M","?","E","R","?","T","M","?","M","$","?","R","B",null,"M","?","AVR","M","?","R","E","$","T","R","?","M","M","M","R","B"],"character_chosen":"HUNTRESS","items_purchased":["Replay:Bandana","DemoMod:TripleGun","DemoMod:ClearGuonStone","Membership Card","ReplayTheSpireMod:Shallot"],"campfire_rested":0,"item_purchase_floors":[0,0,13,13,25],"current_hp_per_floor":[70,70,70,64,47,33,33,33,33,31,31,31,31,31,31,31,53,59,59,59,59,59,59,34,34,34,34,34,27,26,26,26,0,0],"gold":385,"neow_bonus":"","is_prod":false,"is_daily":false,"chose_seed":false,"campfire_upgraded":5,"win_rate":0.0,"timestamp":1607470111,"path_taken":["M","?","M","?","?","E","R","?","T","M","?","M","$","?","R","BOSS","M","?","AVR","M","?","R","E","?","T","R","?","?","M","M","R","BOSS"],"build_version":"2020-11-30","purchased_purges":1,"victory":false,"max_hp_per_floor":[70,70,70,70,70,70,70,65,65,65,60,60,60,60,60,60,60,60,60,60,60,60,60,60,60,60,60,60,60,60,60,60,60,60],"card_choices":[{"not_picked":["DemoMod:BattleInHaste","DemoMod:TeaPot"],"picked":"DemoMod:HardPowerCard","floor":1},{"not_picked":["DemoMod:GunstockTap","DemoMod:BattleInHaste"],"picked":"DemoMod:MegaHand","floor":1},{"not_picked":["DemoMod:MachoBrace","DemoMod:GunstockTap"],"picked":"DemoMod:HuntsMan","floor":3},{"not_picked":["DemoMod:HighKaliber","DemoMod:FortunesFavor"],"picked":"DemoMod:ChanceBullets","floor":4},{"not_picked":["infinitespire:DeathsTouch","infinitespire:Fortify"],"picked":"ReplayTheSpireMod:Black Plague","floor":5},{"not_picked":["DemoMod:AC15","DemoMod:ProbeStrike","DemoMod:Slinger"],"picked":"SKIP","floor":6},{"not_picked":["DemoMod:ProbeStrike","DemoMod:AWP"],"picked":"DemoMod:StickyCrossBow","floor":10},{"not_picked":["DemoMod:ConditionalReflex","DemoMod:GunstockTap"],"picked":"DemoMod:PotionOfGunFriendShip","floor":12},{"not_picked":["DemoMod:FinishedGun","DemoMod:Elimentaler"],"picked":"DemoMod:Desperate","floor":16},{"not_picked":["DemoMod:Unity","DemoMod:BoxingGlove","DemoMod:FastSwitch"],"picked":"SKIP","floor":18},{"not_picked":["DemoMod:BoxingGlove+1","DemoMod:FinishedGun"],"picked":"DemoMod:DoubleSwitch+1","floor":21},{"not_picked":["DemoMod:CombinedRifle","DemoMod:AC15"],"picked":"DemoMod:ShadowBullets","floor":24},{"not_picked":["DemoMod:ChanceBullets","DemoMod:HardPowerCard"],"picked":"DemoMod:ZorGun","floor":29},{"not_picked":["DemoMod:StickyCrossBow","DemoMod:TeaPot"],"picked":"DemoMod:TableSutra","floor":30},{"not_picked":["DemoMod:Elimentaler","DemoMod:Unmoved"],"picked":"DemoMod:PotionOfGunFriendShip+1","floor":31}],"player_experience":158984,"relics_obtained":[{"floor":6,"key":"Pen Nib"},{"floor":9,"key":"Vajra"},{"floor":24,"key":"Chameleon Ring"},{"floor":26,"key":"Replay:Bottled Flurry"}],"event_choices":[{"cards_removed":["DemoMod:HardPowerCard"],"damage_healed":5,"gold_gain":0,"player_choice":"Offered Common","damage_taken":0,"max_hp_gain":0,"max_hp_loss":0,"event_name":"Bonfire Elementals","floor":2,"gold_loss":0},{"cards_removed":["DemoMod:HardPowerCard"],"damage_healed":5,"gold_gain":0,"player_choice":"Offered Special","damage_taken":0,"max_hp_gain":0,"max_hp_loss":0,"event_name":"Bonfire Elementals","floor":2,"gold_loss":0},{"damage_healed":0,"gold_gain":0,"player_choice":"Lose Max HP","damage_taken":0,"relics_obtained":["Golden Idol"],"max_hp_gain":0,"max_hp_loss":5,"event_name":"Golden Idol","floor":8,"gold_loss":0},{"damage_healed":0,"gold_gain":0,"player_choice":"Opened","damage_taken":0,"relics_obtained":["Oddly Smooth Stone"],"max_hp_gain":0,"max_hp_loss":0,"event_name":"The Mausoleum","floor":19,"gold_loss":0},{"damage_healed":0,"gold_gain":0,"player_choice":"Inject Mutagens","damage_taken":0,"relics_obtained":["MutagenicStrength"],"max_hp_gain":0,"max_hp_loss":0,"event_name":"Drug Dealer","floor":22,"gold_loss":0}],"is_beta":false,"boss_relics":[{"not_picked":["Kintsugi","Painkiller Herb"],"picked":"hubris:TerracottaHorce"}],"items_purged_floors":[25],"is_endless":false,"potions_floor_spawned":[1,4,10,16,18,24,29,31],"killed_by":"Automaton","ascension_level":0}}