{"host":"Berg","time":1607469392,"event":{"gold_per_floor":[113,113,131,131,131,172,172,188,188,257,309,321,348,373,385,490,502,527,50,75,75,75,75,110,110,110,124,159,159,159],"floor_reached":29,"playtime":788,"items_purged":["Strike_B"],"score":642,"play_id":"cb1b38a8-effc-4764-a3cc-79a1986a43c6","local_time":"20201208181632","is_ascension_mode":true,"campfire_choices":[{"data":"Sunder","floor":7,"key":"SMITH"},{"data":"Dualcast","floor":12,"key":"SMITH"},{"data":"Fusion","floor":15,"key":"SMITH"},{"data":"Chaos","floor":23,"key":"SMITH"},{"data":"Capacitor","floor":25,"key":"SMITH"}],"neow_cost":"NONE","seed_source_timestamp":5741048614700,"circlet_count":0,"master_deck":["AscendersBane","Strike_B","Strike_B","Strike_B","Defend_B","Defend_B","Defend_B","Defend_B","Zap","Dualcast+1","Sweeping Beam","Beam Cell+1","Sunder+1","Leap","Core Surge","Fusion+1","Cold Snap","Hyperbeam","Chaos+1","Capacitor+1","Redo+1"],"relics":["Cracked Core","NeowsBlessing","Golden Idol","Mercury Hourglass","Pen Nib","Lantern","MawBank","Bronze Scales","Velvet Choker","Frozen Eye","Art of War","Vajra","Darkstone Periapt","Singing Bowl"],"potions_floor_usage":[11,16,18,24,28],"damage_taken":[{"damage":0,"enemies":"2 Louse","floor":1,"turns":1},{"damage":0,"enemies":"Jaw Worm","floor":3,"turns":1},{"damage":0,"enemies":"Gremlin Nob","floor":6,"turns":1},{"damage":0,"enemies":"Small Slimes","floor":8,"turns":2},{"damage":5,"enemies":"3 Sentries","floor":10,"turns":4},{"damage":0,"enemies":"Lagavulin","floor":11,"turns":2},{"damage":3,"enemies":"Exordium Wildlife","floor":13,"turns":2},{"damage":0,"enemies":"Exordium Thugs","floor":14,"turns":2},{"damage":25,"enemies":"Hexaghost","floor":16,"turns":8},{"damage":10,"enemies":"Shell Parasite","floor":18,"turns":2},{"damage":0,"enemies":"Spheric Guardian","floor":20,"turns":3},{"damage":29,"enemies":"Gremlin Leader","floor":24,"turns":4},{"damage":18,"enemies":"Snecko","floor":27,"turns":4},{"damage":14,"enemies":"Slavers","floor":28,"turns":3},{"damage":16,"enemies":"Sentry and Sphere","floor":29,"turns":2}],"seed_played":"1257406026940165162","potions_obtained":[{"floor":10,"key":"Fire Potion"},{"floor":11,"key":"Weak Potion"},{"floor":14,"key":"Fruit Juice"},{"floor":16,"key":"SkillPotion"},{"floor":18,"key":"Fire Potion"},{"floor":28,"key":"PotionOfCapacity"}],"is_trial":false,"path_per_floor":["M","?","M","?","?","E","R","M","T","?","E","R","M","M","R","B",null,"M","$","M","?","?","R","E","R","T","M","E","M"],"character_chosen":"DEFECT","items_purchased":["Frozen Eye","Art of War","Self Repair"],"campfire_rested":0,"item_purchase_floors":[19,19,19],"current_hp_per_floor":[64,64,64,53,53,53,53,53,53,48,48,48,45,45,45,25,58,48,48,55,55,69,69,40,40,40,22,8,0,0],"gold":159,"neow_bonus":"THREE_ENEMY_KILL","is_prod":false,"is_daily":false,"chose_seed":false,"campfire_upgraded":5,"win_rate":0,"timestamp":1607469392,"path_taken":["M","?","M","?","?","E","R","?","T","?","E","R","M","M","R","BOSS","M","$","M","?","?","R","E","R","T","?","E","M"],"build_version":"2020-12-07","purchased_purges":1,"victory":false,"max_hp_per_floor":[71,64,64,64,64,64,64,64,64,64,64,64,64,64,64,69,69,69,69,69,69,69,69,69,69,69,69,69,69,69],"relic_stats":{"Darkstone Periapt":0,"Singing Bowl":0,"counters":[15,41],"Golden Idol":93,"Bronze Scales":[78],"Pen Nib":[7],"Art of War":[2],"MawBank":108,"obtain_stats":[{"Darkstone Periapt":26,"Lantern":9,"NeowsBlessing":0,"Singing Bowl":28,"Golden Idol":2,"Velvet Choker":17,"Vajra":24,"Pen Nib":6,"MawBank":10,"Mercury Hourglass":4,"Frozen Eye":19,"Bronze Scales":11,"Art of War":19,"Cracked Core":0},{"Darkstone Periapt":12,"Lantern":4,"NeowsBlessing":0,"Singing Bowl":14,"Golden Idol":1,"Velvet Choker":9,"Vajra":12,"Pen Nib":3,"MawBank":5,"Mercury Hourglass":2,"Frozen Eye":10,"Bronze Scales":6,"Art of War":10,"Cracked Core":0},{"Darkstone Periapt":32,"Lantern":5,"NeowsBlessing":0,"Singing Bowl":39,"Golden Idol":1,"Velvet Choker":23,"Vajra":32,"Pen Nib":3,"MawBank":9,"Mercury Hourglass":2,"Frozen Eye":25,"Bronze Scales":11,"Art of War":25,"Cracked Core":0}],"Mercury Hourglass":[148]},"card_choices":[{"not_picked":["Beam Cell","Blizzard"],"picked":"Sweeping Beam","floor":1},{"not_picked":["Chaos","Steam"],"picked":"Beam Cell","floor":3},{"not_picked":["Compile Driver","Chill"],"picked":"Sunder","floor":6},{"not_picked":["Force Field","Consume"],"picked":"Leap","floor":8},{"not_picked":["Cold Snap","Barrage"],"picked":"Core Surge","floor":11},{"not_picked":["Sweeping Beam","Gash"],"picked":"Fusion","floor":13},{"not_picked":["Stack","Redo"],"picked":"Cold Snap","floor":14},{"not_picked":["Multi-Cast","Machine Learning"],"picked":"Hyperbeam","floor":16},{"not_picked":["Ball Lightning","Coolheaded","Stack"],"picked":"SKIP","floor":18},{"not_picked":["Beam Cell","Stack"],"picked":"Chaos","floor":20},{"not_picked":["Cold Snap","Capacitor","Fusion"],"picked":"SKIP","floor":24},{"not_picked":["Blizzard","Sweeping Beam","Ball Lightning"],"picked":"SKIP","floor":27},{"not_picked":["Turbo","White Noise"],"picked":"Redo+1","floor":28}],"player_experience":1307359,"relics_obtained":[{"floor":6,"key":"Pen Nib"},{"floor":9,"key":"Lantern"},{"floor":10,"key":"MawBank"},{"floor":11,"key":"Bronze Scales"},{"floor":24,"key":"Vajra"},{"floor":26,"key":"Darkstone Periapt"},{"floor":28,"key":"Singing Bowl"}],"event_choices":[{"damage_healed":0,"gold_gain":0,"player_choice":"Lose Max HP","damage_taken":0,"relics_obtained":["Golden Idol"],"max_hp_gain":0,"max_hp_loss":7,"event_name":"Golden Idol","floor":2,"gold_loss":0},{"damage_healed":0,"gold_gain":0,"player_choice":"Success","damage_taken":11,"relics_obtained":["Mercury Hourglass"],"max_hp_gain":0,"max_hp_loss":0,"event_name":"Scrap Ooze","floor":4,"gold_loss":0},{"damage_healed":0,"gold_gain":0,"player_choice":"Grow","damage_taken":0,"max_hp_gain":0,"max_hp_loss":0,"event_name":"Living Wall","floor":5,"gold_loss":0,"cards_upgraded":["Beam Cell"]},{"damage_healed":0,"gold_gain":0,"player_choice":"Searched \u00271\u0027 times","damage_taken":0,"max_hp_gain":0,"max_hp_loss":0,"event_name":"Dead Adventurer","floor":10,"gold_loss":0},{"damage_healed":0,"gold_gain":0,"player_choice":"Read","damage_taken":0,"max_hp_gain":0,"max_hp_loss":0,"event_name":"The Library","floor":21,"gold_loss":0,"cards_obtained":["Capacitor"]},{"cards_removed":["Self Repair"],"damage_healed":14,"gold_gain":0,"player_choice":"Offered Uncommon","damage_taken":0,"max_hp_gain":0,"max_hp_loss":0,"event_name":"Bonfire Elementals","floor":22,"gold_loss":0}],"is_beta":true,"boss_relics":[{"not_picked":["Cursed Key","Runic Dome"],"picked":"Velvet Choker"}],"items_purged_floors":[19],"is_endless":false,"potions_floor_spawned":[10,11,14,16,18,20,28],"killed_by":"Sentry and Sphere","ascension_level":20}}