{"host":"j4g6ia6asvpyu2b0","time":1607471074,"event":{"gold_per_floor":[109,124,124,124,135,135,168,168,168,202,222,232,260,272,272,377,377,397,414,414,432,445,480,480,510,581,36,135,135,163,78,78,182,182,197,197,210,220,235,269,285,285,285,319,160,160,193,232,232,232,232,232,31,66,66],"floor_reached":56,"playtime":2364,"items_purged":["Doubt","Doubt"],"score":1685,"play_id":"85b266d5-0f51-412c-a2aa-2c49bac3f46c","local_time":"20201208164434","is_ascension_mode":true,"campfire_choices":[{"data":"Blade Dance","floor":6.0,"key":"SMITH"},{"data":"Dagger Spray","floor":8.0,"key":"SMITH"},{"data":"Noxious Fumes","floor":15,"key":"SMITH"},{"data":"Envenom","floor":24,"key":"SMITH"},{"data":"Cloak And Dagger","floor":29,"key":"SMITH"},{"data":"Footwork","floor":32,"key":"SMITH"},{"floor":42,"key":"REST"},{"floor":46,"key":"RECALL"},{"data":"PiercingWail","floor":49,"key":"SMITH"},{"data":"Caltrops","floor":52,"key":"SMITH"}],"neow_cost":"NONE","seed_source_timestamp":384739341805000,"circlet_count":0,"master_deck":["Strike_G+1","Strike_G","Strike_G","Strike_G","Strike_G+1","Defend_G","Defend_G","Defend_G","Defend_G","Defend_G","Survivor","Neutralize","Blade Dance+1","Poisoned Stab","Predator","Dagger Spray+1","Dagger Throw","Venomology","Cloak And Dagger+1","Noxious Fumes+1","Envenom+1","PiercingWail+1","Terror","Caltrops+1","Footwork+1","Malaise","Predator","Infinite Blades","Caltrops","Crippling Poison+1","Leg Sweep+1","Predator","Blade Dance+1","Die Die Die","Well Laid Plans+1","Prepared+1","Backflip+1","Dash","Adrenaline+1","Blade Dance+1","Cloak And Dagger+1","Doppelganger+1","Backstab","PiercingWail+1","Escape Plan+1","Blade Dance+1"],"special_seed":0,"relics":["Ring of the Snake","Bronze Scales","Incense Burner","Lantern","Dead Branch","Darkstone Periapt","The Courier","Cursed Key","Shuriken","Regal Pillow","Ornamental Fan","Lee\u0027s Waffle","Toxic Egg 2","Snake Skull","Potion Belt","Matryoshka","SacredBark","Prayer Wheel","CeramicFish","Juzu Bracelet","Nunchaku","TwistedFunnel","Du-Vu Doll"],"potions_floor_usage":[13,13,16,16,18,19,19,22,30,30,33,37,38,39,40,44,48,54,55,55,55,55,55,55],"damage_taken":[{"damage":2.0,"enemies":"Small Slimes","floor":1.0,"turns":4.0},{"damage":0.0,"enemies":"2 Louse","floor":2.0,"turns":2.0},{"damage":0.0,"enemies":"Cultist","floor":5.0,"turns":2.0},{"damage":6.0,"enemies":"Lagavulin","floor":7.0,"turns":7.0},{"damage":8.0,"enemies":"Gremlin Nob","floor":10.0,"turns":3.0},{"damage":0,"enemies":"Exordium Wildlife","floor":11,"turns":2},{"damage":1,"enemies":"Gremlin Gang","floor":12,"turns":3},{"damage":28,"enemies":"Lagavulin","floor":13,"turns":6},{"damage":0,"enemies":"Blue Slaver","floor":14,"turns":2},{"damage":0,"enemies":"Slime Boss","floor":16,"turns":3},{"damage":0,"enemies":"Spheric Guardian","floor":18,"turns":2},{"damage":1,"enemies":"Shell Parasite","floor":19,"turns":4},{"damage":0,"enemies":"Snake Plant","floor":21,"turns":4},{"damage":19,"enemies":"Shelled Parasite and Fungi","floor":22,"turns":4},{"damage":3,"enemies":"Gremlin Leader","floor":23,"turns":5},{"damage":9,"enemies":"Book of Stabbing","floor":25,"turns":5},{"damage":0,"enemies":"Gremlin Leader","floor":30,"turns":4},{"damage":13,"enemies":"Collector","floor":33,"turns":6},{"damage":3,"enemies":"3 Shapes","floor":35,"turns":4},{"damage":9,"enemies":"Orb Walker","floor":37,"turns":3},{"damage":12,"enemies":"Spire Growth","floor":38,"turns":5},{"damage":7,"enemies":"Jaw Worm Horde","floor":39,"turns":3},{"damage":1,"enemies":"Nemesis","floor":40,"turns":7},{"damage":18,"enemies":"4 Shapes","floor":41,"turns":4},{"damage":1,"enemies":"Giant Head","floor":44,"turns":5},{"damage":0,"enemies":"3 Darklings","floor":47,"turns":3},{"damage":6,"enemies":"Nemesis","floor":48,"turns":3},{"damage":49,"enemies":"Time Eater","floor":50,"turns":7},{"damage":0,"enemies":"Shield and Spear","floor":54,"turns":3},{"damage":1,"enemies":"The Heart","floor":55,"turns":6}],"seed_played":"-4174970415788144517","potions_obtained":[{"floor":1.0,"key":"SpeedPotion"},{"floor":11,"key":"Weak Potion"},{"floor":12,"key":"EntropicBrew"},{"floor":13,"key":"SteroidPotion"},{"floor":16,"key":"LiquidMemories"},{"floor":30,"key":"SteroidPotion"},{"floor":33,"key":"CunningPotion"},{"floor":35,"key":"ColorlessPotion"},{"floor":37,"key":"LiquidMemories"},{"floor":38,"key":"GhostInAJar"}],"is_trial":false,"path_per_floor":["M","M","?","?","M","R","E","R","T","E","M","M","E","M","R","B",null,"M","M","?","M","M","E","R","E","T","$","?","R","E","?","R","B",null,"M","?","M","M","M","E","M","R","T","E","$","R","M","E","R","B",null,"R","$","E","B",null],"character_chosen":"THE_SILENT","items_purchased":["Lee\u0027s Waffle","Toxic Egg 2","Snake Skull","Infinite Blades","Adrenaline+1","Blade Dance+1","TwistedFunnel","PiercingWail+1","Escape Plan+1"],"campfire_rested":1,"item_purchase_floors":[27,27,27,27,45,45,53,53,53],"current_hp_per_floor":[68,68,54,54,54,54,48,48,48,40,40,39,11,11,11,11,70,70,69,69,69,50,47,47,38,44,83,83,83,83,83,83,70,83,80,80,71,59,52,51,33,72,78,77,77,77,77,71,71,22,89,89,89,89,89],"gold":66,"neow_bonus":"RANDOM_COMMON_RELIC","is_prod":false,"is_daily":false,"chose_seed":false,"campfire_upgraded":8,"win_rate":0,"timestamp":1607471074,"path_taken":["M","M","?","?","M","R","E","R","T","E","?","M","E","M","R","BOSS","M","M","?","?","M","E","R","E","T","$","?","R","E","?","R","BOSS","M","?","M","M","M","E","?","R","T","E","$","R","M","E","R","BOSS","R","$","E","BOSS"],"build_version":"2020-11-30","purchased_purges":2,"victory":true,"max_hp_per_floor":[70,70,70,70,70,70,70,70,70,70,70,70,70,70,70,70,70,70,70,70,70,70,70,70,70,76,83,83,83,83,83,83,83,83,83,83,83,83,83,83,83,83,89,89,89,89,89,89,89,89,89,89,89,89,89],"relic_stats":{"Darkstone Periapt":12,"Regal Pillow":15,"Lee\u0027s Waffle":39,"counters":[30,121],"Dead Branch":[270],"CeramicFish":81,"Snake Skull":[201],"Juzu Bracelet":0,"Cursed Key":2,"Nunchaku":[7],"Shuriken":[60],"Ornamental Fan":[232],"Bronze Scales":[321],"Prayer Wheel":2,"obtain_stats":[{"Darkstone Periapt":10,"Potion Belt":30,"TwistedFunnel":53,"Lantern":7,"Regal Pillow":25,"Lee\u0027s Waffle":27,"Dead Branch":9,"SacredBark":34,"CeramicFish":43,"The Courier":13,"Snake Skull":27,"Incense Burner":4,"Juzu Bracelet":44,"Cursed Key":17,"Du-Vu Doll":54,"Nunchaku":48,"Matryoshka":31,"Shuriken":23,"Ornamental Fan":26,"Bronze Scales":0,"Prayer Wheel":40,"Toxic Egg 2":27,"Ring of the Snake":0},{"Darkstone Periapt":5,"Potion Belt":17,"TwistedFunnel":28,"Lantern":4,"Regal Pillow":16,"Lee\u0027s Waffle":16,"Dead Branch":4,"SacredBark":18,"CeramicFish":24,"The Courier":8,"Snake Skull":16,"Incense Burner":2,"Juzu Bracelet":25,"Cursed Key":10,"Du-Vu Doll":29,"Nunchaku":27,"Matryoshka":17,"Shuriken":15,"Ornamental Fan":16,"Bronze Scales":0,"Prayer Wheel":23,"Toxic Egg 2":16,"Ring of the Snake":0},{"Darkstone Periapt":18,"Potion Belt":62,"TwistedFunnel":112,"Lantern":15,"Regal Pillow":58,"Lee\u0027s Waffle":58,"Dead Branch":15,"SacredBark":68,"CeramicFish":94,"The Courier":29,"Snake Skull":58,"Incense Burner":6,"Juzu Bracelet":99,"Cursed Key":34,"Du-Vu Doll":115,"Nunchaku":105,"Matryoshka":62,"Shuriken":53,"Ornamental Fan":58,"Bronze Scales":0,"Prayer Wheel":90,"Toxic Egg 2":58,"Ring of the Snake":0}],"Ring of the Snake":[60]},"card_choices":[{"not_picked":["Choke","Outmaneuver"],"picked":"Blade Dance","floor":1.0},{"not_picked":["Blur","Flying Knee"],"picked":"Poisoned Stab","floor":2.0},{"not_picked":["Poisoned Stab","Quick Slash"],"picked":"Predator","floor":5.0},{"not_picked":["Poisoned Stab","Leg Sweep"],"picked":"Dagger Spray","floor":7.0},{"not_picked":["Expertise","Skewer"],"picked":"Dagger Throw","floor":10.0},{"not_picked":["Acrobatics","Setup","Outmaneuver"],"picked":"SKIP","floor":11},{"not_picked":["Expertise","Poisoned Stab"],"picked":"Venomology","floor":12},{"not_picked":["Riddle With Holes","Backflip"],"picked":"Cloak And Dagger","floor":13},{"not_picked":["Terror","Predator"],"picked":"Noxious Fumes","floor":14},{"not_picked":["Venomology","Die Die Die"],"picked":"Envenom","floor":16},{"not_picked":["Bane+1","Outmaneuver"],"picked":"PiercingWail","floor":18},{"not_picked":["Prepared","Heel Hook+1"],"picked":"Terror","floor":19},{"not_picked":["Deadly Poison+1","Dagger Throw"],"picked":"Caltrops","floor":21},{"not_picked":["Dash","Leg Sweep"],"picked":"Footwork","floor":22},{"not_picked":["Grand Finale","Tactician"],"picked":"Malaise","floor":23},{"not_picked":["Reflex","Slice"],"picked":"Predator","floor":25},{"not_picked":["Prepared+1","Masterful Stab"],"picked":"Caltrops","floor":30},{"not_picked":["Grand Finale","Phantasmal Killer+1"],"picked":"Doppelganger+1","floor":33},{"not_picked":["Dagger Throw+1","Deadly Poison+1"],"picked":"Crippling Poison+1","floor":35},{"not_picked":["Expertise+1","Masterful Stab+1"],"picked":"Predator","floor":37},{"not_picked":["Flying Knee+1","Cloak And Dagger+1"],"picked":"Blade Dance+1","floor":38},{"not_picked":["Distraction+1","Dagger Spray"],"picked":"Die Die Die","floor":39},{"not_picked":["Flying Knee","Choke"],"picked":"Well Laid Plans+1","floor":40},{"not_picked":["Eviscerate+1","Dagger Spray+1"],"picked":"Prepared+1","floor":41},{"not_picked":["PiercingWail+1","Escape Plan+1"],"picked":"Backflip+1","floor":41},{"not_picked":["Deadly Poison+1","Terror+1"],"picked":"Dash","floor":44},{"not_picked":["Heel Hook+1","Concentrate+1"],"picked":"Cloak And Dagger+1","floor":47},{"not_picked":["Sucker Punch","Poisoned Stab"],"picked":"Doppelganger+1","floor":47},{"not_picked":["Expertise+1","Bane+1"],"picked":"Backstab","floor":48},{"not_picked":["Caltrops","Poisoned Stab"],"picked":"Blade Dance+1","floor":54}],"player_experience":591473,"relics_obtained":[{"floor":7.0,"key":"Lantern"},{"floor":9.0,"key":"Dead Branch"},{"floor":10.0,"key":"Darkstone Periapt"},{"floor":13,"key":"The Courier"},{"floor":23,"key":"Shuriken"},{"floor":25,"key":"Regal Pillow"},{"floor":26,"key":"Ornamental Fan"},{"floor":30,"key":"Potion Belt"},{"floor":40,"key":"Prayer Wheel"},{"floor":43,"key":"CeramicFish"},{"floor":44,"key":"Juzu Bracelet"},{"floor":48,"key":"Nunchaku"},{"floor":54,"key":"Du-Vu Doll"}],"event_choices":[{"damage_healed":0.0,"max_hp_gain":0.0,"max_hp_loss":0.0,"gold_gain":0.0,"event_name":"Shining Light","player_choice":"Entered Light","floor":3.0,"gold_loss":0.0,"damage_taken":14.0,"cards_upgraded":["Strike_G","Strike_G"]},{"damage_healed":0.0,"max_hp_gain":0.0,"max_hp_loss":0.0,"gold_gain":0.0,"event_name":"WeMeetAgain","player_choice":"Gave Potion","floor":4.0,"gold_loss":0.0,"damage_taken":0.0,"relics_obtained":["Incense Burner"]},{"damage_healed":0,"gold_gain":0,"player_choice":"Ignored","damage_taken":0,"max_hp_gain":0,"max_hp_loss":0,"event_name":"N\u0027loth","floor":20,"gold_loss":0},{"damage_healed":0,"gold_gain":99,"player_choice":"Stole From Cult","damage_taken":0,"max_hp_gain":0,"max_hp_loss":0,"event_name":"Nest","floor":28,"gold_loss":0},{"damage_healed":0,"gold_gain":0,"player_choice":"Obtained Relic","damage_taken":0,"relics_obtained":["Matryoshka"],"max_hp_gain":0,"max_hp_loss":0,"event_name":"Addict","floor":31,"gold_loss":85},{"cards_removed":["Doppelganger"],"damage_healed":0,"gold_gain":0,"player_choice":"Took Card","damage_taken":0,"max_hp_gain":0,"max_hp_loss":0,"event_name":"NoteForYourself","floor":36,"gold_loss":0,"cards_obtained":["Leg Sweep"]}],"is_beta":false,"boss_relics":[{"not_picked":["Astrolabe","Fusion Hammer"],"picked":"Cursed Key"},{"not_picked":["Snecko Eye","Velvet Choker"],"picked":"SacredBark"}],"items_purged_floors":[27,45],"is_endless":false,"potions_floor_spawned":[1,11,12,13,14,16,22,25,30,33,35,37,38,39],"ascension_level":4}}