{"host":"m19usqq9uj3a4dx3","time":1607469754,"event":{"gold_per_floor":[116,129,54,74,87,118,118,148,196,196,209,238,238,265,265,362,362,377,377,72,171,181,181,208,64,64,64,64,80,108,125,125,224,224,239,283,302,314,332,332,332,332],"floor_reached":41,"playtime":3731,"items_purged":["Strike_G"],"score":789,"play_id":"7a9f684b-0d11-440f-92c7-07be32279fec","local_time":"20201209012234","is_ascension_mode":true,"campfire_choices":[{"floor":7.0,"key":"REST"},{"floor":13.0,"key":"REST"},{"floor":15.0,"key":"REST"},{"data":"Catalyst","floor":23.0,"key":"SMITH"},{"data":"Bullet Time","floor":32.0,"key":"SMITH"},{"floor":40,"key":"REST"}],"neow_cost":"NONE","seed_source_timestamp":0,"circlet_count":0,"master_deck":["Survivor","Neutralize","Noxious Fumes","Poisoned Stab","Distraction","Dash","Flying Knee","Backflip","Predator","Poisoned Stab","Bane","Bullet Time+1","Calculated Gamble","Envenom","Flechettes","Dodge and Roll","Tools of the Trade","Dagger Spray","Catalyst+1","Acrobatics","Quick Slash","Insight","Flash of Steel","After Image","Draining Mist","Panacea","Bane","Shame","Quick Slash","Crippling Poison","Wraith Form v2","Doubt","Shame","CommonCold","ReplayTheSpireMod:Tripwire","Bouncing Flask+1","Dash+1","Bouncing Flask+1"],"special_seed":0,"relics":["Philosopher\u0027s Stone","InkBottle","Garlic","Happy Flower","Akabeko","Thread and Needle","Pandora\u0027s Box","OrangePellets","Tingsha","Snack Pack","Bird Faced Urn","Boot","Replay:Ancient Bell","Gremlin Food","Shuriken","Turnip","Ginger"],"potions_floor_usage":[],"damage_taken":[{"damage":8.0,"enemies":"Small Slimes","floor":1.0,"turns":5.0},{"damage":7.0,"enemies":"2 Louse","floor":2.0,"turns":2.0},{"damage":4.0,"enemies":"Jaw Worm","floor":4.0,"turns":4.0},{"damage":9.0,"enemies":"Looter","floor":5.0,"turns":2.0},{"damage":24.0,"enemies":"Gremlin Nob","floor":6.0,"turns":4.0},{"damage":30.0,"enemies":"Lagavulin","floor":8.0,"turns":7.0},{"damage":0.0,"enemies":"2 Fungi Beasts","floor":11.0,"turns":3.0},{"damage":3.0,"enemies":"Replay:BlueRogue","floor":12.0,"turns":5.0},{"damage":4.0,"enemies":"3 Sentries","floor":14.0,"turns":5.0},{"damage":9.0,"enemies":"Slime Boss","floor":16.0,"turns":7.0},{"damage":0.0,"enemies":"3 Byrds","floor":18.0,"turns":4.0},{"damage":3.0,"enemies":"Shell Parasite","floor":22.0,"turns":4.0},{"damage":4.0,"enemies":"Gremlin Leader","floor":24.0,"turns":3.0},{"damage":11.0,"enemies":"Centurion and Healer","floor":29.0,"turns":4.0},{"damage":9.0,"enemies":"Book of Stabbing","floor":30.0,"turns":5.0},{"damage":2.0,"enemies":"Shelled Parasite and Fungi","floor":31.0,"turns":2.0},{"damage":4.0,"enemies":"Pondfish","floor":33.0,"turns":8.0},{"damage":23.0,"enemies":"3 Darklings","floor":35.0,"turns":6.0},{"damage":19.0,"enemies":"3 Shapes","floor":37.0,"turns":4.0},{"damage":1,"enemies":"Jaw Worm Horde","floor":38,"turns":5},{"damage":52,"enemies":"Sphere and 2 Shapes","floor":39,"turns":7},{"damage":40,"enemies":"Reptomancer","floor":41,"turns":5}],"seed_played":"-3626573977179072610","potions_obtained":[{"floor":1.0,"key":"SteroidPotion"},{"floor":11.0,"key":"Strength Potion"},{"floor":14.0,"key":"LifebloodPotion"},{"floor":16.0,"key":"SkillPotion"},{"floor":22.0,"key":"Fruit Juice"},{"floor":24.0,"key":"Ancient Potion"},{"floor":33.0,"key":"FearPotion"}],"is_trial":false,"path_per_floor":["M","M","$","M","M","E","R","E","T","?","M","E","R","E","R","B",null,"M","?","$","?","M","R","E","$","T","?","?","M","E","M","R","B",null,"M","?","M","M","M","R","E"],"character_chosen":"THE_SILENT","items_purchased":["OrangePellets","Flash of Steel","After Image","Panacea","Bane"],"campfire_rested":4,"item_purchase_floors":[20,20,20,25,25],"current_hp_per_floor":[62,55,55,51,42,18,39,9,9,9,9,6,27,23,44,35,61,61,61,61,61,63,63,59,59,59,59,59,54,53,55,55,75,75,56,56,43,52,10,32,0,0],"gold":332,"neow_bonus":"BOSS_RELIC","is_prod":false,"is_daily":false,"chose_seed":false,"campfire_upgraded":2,"win_rate":0,"timestamp":1607469754,"path_taken":["M","M","$","M","M","E","R","E","T","?","M","E","R","E","R","BOSS","M","?","$","?","M","R","E","$","T","?","?","?","E","M","R","BOSS","M","?","M","M","M","R","E"],"build_version":"2020-11-30","purchased_purges":1,"victory":false,"max_hp_per_floor":[70,70,70,70,70,70,70,70,70,70,70,70,70,70,70,70,70,70,70,70,70,75,75,75,75,75,75,75,75,75,75,75,75,75,75,75,75,75,75,75,75,75],"card_choices":[{"not_picked":["Blur","Dodge and Roll"],"picked":"Noxious Fumes","floor":1.0},{"not_picked":["Dash","Acrobatics"],"picked":"Poisoned Stab","floor":2.0},{"not_picked":["Quick Slash","Backflip"],"picked":"Distraction","floor":4.0},{"not_picked":["Slice","ReplayTheSpireMod:Shiv Toss"],"picked":"Dash","floor":5.0},{"not_picked":["Night Terror","Dagger Throw"],"picked":"Flying Knee","floor":6.0},{"not_picked":["Flying Knee","Acrobatics"],"picked":"Backflip","floor":8.0},{"not_picked":["Prepared","Blade Dance"],"picked":"Predator","floor":11.0},{"not_picked":["Backflip","Bane"],"picked":"Poisoned Stab","floor":12.0},{"not_picked":["Underhanded Strike","All Out Attack"],"picked":"Bane","floor":14.0},{"not_picked":["Unload","Phantasmal Killer"],"picked":"Bullet Time","floor":16.0},{"not_picked":["ReplayTheSpireMod:Exploit Weakness","Flying Knee"],"picked":"Quick Slash","floor":18.0},{"not_picked":["Deflect","Caltrops","Flechettes"],"picked":"SKIP","floor":22.0},{"not_picked":["Dagger Throw","Flying Knee"],"picked":"Draining Mist","floor":24.0},{"not_picked":["Outmaneuver","Slice","ReplayTheSpireMod:Scrap Shanks"],"picked":"SKIP","floor":29.0},{"not_picked":["Sucker Punch","PiercingWail+1"],"picked":"Quick Slash","floor":30.0},{"not_picked":["Prepared","Slice+1"],"picked":"Crippling Poison","floor":31.0},{"not_picked":["Grand Finale","A Thousand Cuts"],"picked":"Wraith Form v2","floor":33.0},{"not_picked":["Delirium","ReplayTheSpireMod:Restless Dread"],"picked":"Doubt","floor":34.0},{"not_picked":["CurseOfTheBell","Overencumbered"],"picked":"Shame","floor":34.0},{"not_picked":["Writhe","Delirium"],"picked":"CommonCold","floor":34.0},{"not_picked":["Quick Slash","Prepared+1","Burst"],"picked":"SKIP","floor":35.0},{"not_picked":["Backflip+1","Dagger Spray"],"picked":"ReplayTheSpireMod:Tripwire","floor":36.0},{"not_picked":["ReplayTheSpireMod:Exploit Weakness","Sneak Up"],"picked":"Bouncing Flask+1","floor":37.0},{"not_picked":["Slice","Dodge and Roll"],"picked":"Dash","floor":38},{"not_picked":["Hidden Blade","Blade Dance+1"],"picked":"Bouncing Flask+1","floor":39}],"player_experience":445503,"relics_obtained":[{"floor":6.0,"key":"InkBottle"},{"floor":8.0,"key":"Garlic"},{"floor":9.0,"key":"Happy Flower"},{"floor":12.0,"key":"Akabeko"},{"floor":14.0,"key":"Thread and Needle"},{"floor":24.0,"key":"Tingsha"},{"floor":26.0,"key":"Snack Pack"},{"floor":30.0,"key":"Boot"},{"floor":36.0,"key":"Ginger"}],"event_choices":[{"damage_healed":0.0,"max_hp_gain":0.0,"max_hp_loss":0.0,"gold_gain":0.0,"event_name":"betterThird:BetterWriting","player_choice":"Insight","floor":19.0,"gold_loss":0.0,"damage_taken":0.0,"cards_obtained":["Insight"]},{"damage_healed":0.0,"max_hp_gain":0.0,"max_hp_loss":0.0,"gold_gain":99.0,"event_name":"betterThird:BetterNest","player_choice":"Steal","floor":21.0,"gold_loss":0.0,"damage_taken":0.0},{"damage_healed":0.0,"max_hp_gain":0.0,"max_hp_loss":0.0,"gold_gain":0.0,"event_name":"Addict","player_choice":"Stole Relic","floor":27.0,"gold_loss":0.0,"damage_taken":0.0,"relics_obtained":["Bird Faced Urn"],"cards_obtained":["Shame"]},{"damage_healed":0.0,"max_hp_gain":0.0,"max_hp_loss":0.0,"gold_gain":0.0,"event_name":"Vampires","player_choice":"Ignored","floor":28.0,"gold_loss":0.0,"damage_taken":0.0}],"is_beta":false,"boss_relics":[{"not_picked":["SlaversCollar","Replay:Wanted Poster"],"picked":"Pandora\u0027s Box"},{"not_picked":["Snecko Eye","Calling Bell"],"picked":"Replay:Ancient Bell"},{"not_picked":["Pet Ghost","Orichalcum"],"picked":"Gremlin Food"},{"not_picked":["Iron Hammer","Replay:Ringing Soul"],"picked":"Shuriken"},{"not_picked":["StoneCalendar","Peace Pipe"],"picked":"Turnip"}],"items_purged_floors":[3],"is_endless":false,"potions_floor_spawned":[1,11,14,16,22,24,33],"killed_by":"Reptomancer","ascension_level":5}}