{"host":"z29vq06nk9i4hex5","time":1607467720,"event":{"gold_per_floor":[112,127,127,15,15,29,29,60,113,41,72,72,99,112,112,211,211,231,231,245,245,265,265,291,309,309,325,108,108,127,157,157,253,253,269,123,141,121,139,139,173,173,199,217,217,227,240,251,251,251,251],"floor_reached":50,"playtime":4723,"items_purged":[],"score":589,"play_id":"bb83724e-fbb0-4575-ae18-ccac33b4fd40","local_time":"20201208174840","is_ascension_mode":false,"metric_token":1554,"campfire_choices":[{"data":"PokerPlayerMod:BadJoker","floor":7,"key":"SMITH"},{"data":"PokerPlayerMod:Mulligan","floor":12,"key":"SMITH"},{"data":"PokerPlayerMod:ClubShade","floor":15,"key":"SMITH"},{"data":"PokerPlayerMod:GamblerForm","floor":23,"key":"SMITH"},{"data":"PokerPlayerMod:Duplicate","floor":29,"key":"SMITH"},{"data":"PokerPlayerMod:Raise","floor":32,"key":"SMITH"},{"data":"PokerPlayerMod:Promotion","floor":40,"key":"SMITH"},{"floor":42,"key":"DIG"},{"data":"Parasite","floor":49,"key":"PURGE"}],"neow_cost":"NONE","seed_source_timestamp":69861350601800,"circlet_count":0,"master_deck":["PokerPlayerMod:Diamond1","PokerPlayerMod:Diamond2","PokerPlayerMod:Diamond3","PokerPlayerMod:Diamond4","PokerPlayerMod:Diamond5","PokerPlayerMod:Spade2","PokerPlayerMod:Spade3","PokerPlayerMod:Spade4","PokerPlayerMod:Club1","PokerPlayerMod:Club2","PokerPlayerMod:Heart2","PokerPlayerMod:TrumpStrike+1","PokerPlayerMod:BadJoker+1","PokerPlayerMod:Mulligan+1","PokerPlayerMod:Heart5","PokerPlayerMod:Spade5","PokerPlayerMod:RiskyBet","PokerPlayerMod:Diamond6","PokerPlayerMod:Club5","PokerPlayerMod:Club5","PokerPlayerMod:ClubShade+1","PokerPlayerMod:Spade6","PokerPlayerMod:Diamond8","PokerPlayerMod:Spade5","PokerPlayerMod:GamblerForm+1","CurseOfTheBell","PokerPlayerMod:Sharpen+1","infinitespire:Collect","infinitespire:FutureSight","PokerPlayerMod:Duplicate+1","PokerPlayerMod:Raise+1","PokerPlayerMod:RiskyBet+1","PokerPlayerMod:Club10+","PokerPlayerMod:Spade7","PokerPlayerMod:HeartStrike+1","PokerPlayerMod:Promotion+1","PokerPlayerMod:JackOfSpades+1","PokerPlayerMod:Spade7","PokerPlayerMod:Diamond8","PokerPlayerMod:Extraction+1","PokerPlayerMod:SpadeStrike","PokerPlayerMod:Diamond8"],"relics":["PokerPlayerMod:DeckCase","hubris:DeckOfHolding","jedi:crownofsimplicity","infinitespire:Beetle Shell","PokerPlayerMod:Splitter","MealTicket","Calling Bell","aspiration:FetidBarrel","Thread and Needle","ReplayTheSpireMod:TigerMarble","Shovel","jedi:shrinkray","Pen Nib","Bronze Scales","hubris:BottledRain","conspire:SlowCooker","MerchantsRug","Whetstone","halation:KoshaPiece"],"potions_floor_usage":[16,16,16,33,41,41,44,50,50],"damage_taken":[{"damage":7,"enemies":"Jaw Worm","floor":1,"turns":3},{"damage":0,"enemies":"2 Louse","floor":2,"turns":1},{"damage":0,"enemies":"Cultist","floor":6,"turns":3},{"damage":37,"enemies":"Gremlin Nob","floor":8,"turns":4},{"damage":0,"enemies":"3 Sentries","floor":11,"turns":1},{"damage":6,"enemies":"Lagavulin","floor":13,"turns":5},{"damage":0,"enemies":"Large Slime","floor":14,"turns":2},{"damage":2,"enemies":"Hexaghost","floor":16,"turns":6},{"damage":0,"enemies":"Shell Parasite","floor":18,"turns":2},{"damage":6,"enemies":"theJungle:MUSHROOMGANG","floor":20,"turns":3},{"damage":0,"enemies":"theJungle:2_Flameangoes","floor":22,"turns":2},{"damage":0,"enemies":"theJungle:MamaSnecko","floor":24,"turns":3},{"damage":4,"enemies":"theJungle:SlimyTreeVines","floor":25,"turns":5},{"damage":3,"enemies":"theJungle:Snecko_Cultist_And_Trap","floor":27,"turns":3},{"damage":5,"enemies":"theJungle:JungleHuntersEncounter","floor":30,"turns":2},{"damage":0,"enemies":"theJungle:SlimyTreeVines","floor":31,"turns":3},{"damage":1,"enemies":"theJungle:FunGuy","floor":33,"turns":6},{"damage":6,"enemies":"3 Darklings","floor":35,"turns":2},{"damage":5,"enemies":"3 Shapes","floor":37,"turns":3},{"damage":0,"enemies":"Writhing Mass","floor":39,"turns":3},{"damage":14,"enemies":"Reptomancer","floor":41,"turns":3},{"damage":17,"enemies":"Sphere and 2 Shapes","floor":44,"turns":3},{"damage":9,"enemies":"4 Shapes","floor":46,"turns":3},{"damage":15,"enemies":"Writhing Mass","floor":47,"turns":6},{"damage":8,"enemies":"3 Darklings","floor":48,"turns":4},{"damage":53,"enemies":"infinitespire:MassOfShapes","floor":50,"turns":6}],"seed_played":"2361480674299298009","potions_obtained":[{"floor":6,"key":"Energy Potion"},{"floor":8,"key":"Dexterity Potion"},{"floor":11,"key":"SpeedPotion"},{"floor":13,"key":"Block Potion"},{"floor":22,"key":"Dexterity Potion"},{"floor":30,"key":"hexamod:EctoCoolerPotion"},{"floor":33,"key":"Strength Potion"},{"floor":38,"key":"BlessingOfTheForge"},{"floor":41,"key":"EssenceOfSteel"},{"floor":48,"key":"FearPotion"}],"is_trial":false,"path_per_floor":["M","M","?","$","?","M","R","E","T","$","E","R","E","M","R","B",null,"M","?","M","AVR","M","R","E","M","T","M","$","R","M","MIM","R","B",null,"M","$","M","?","M","R","E","R","T","M","?","M","M","M","R_BF","B"],"character_chosen":"THE_POKER_PLAYER","items_purchased":["PokerPlayerMod:RiskyBet","PokerPlayerMod:Diamond6","PokerPlayerMod:ClubShade","PokerPlayerMod:Club10+","PokerPlayerMod:Spade7","MerchantsRug"],"campfire_rested":0,"item_purchase_floors":[4,4,10,28,28,36],"current_hp_per_floor":[48,52,52,52,52,52,52,15,15,15,32,32,36,36,36,46,52,52,34,28,28,45,45,53,53,53,50,53,53,48,53,53,52,53,47,53,48,48,53,53,51,51,51,39,39,30,27,39,39,0,0],"gold":251,"neow_bonus":"RANDOM_COLORLESS","is_prod":false,"is_daily":false,"chose_seed":false,"campfire_upgraded":7,"win_rate":0.0,"timestamp":1607467720,"path_taken":["M","M","?","$","?","M","R","E","T","$","E","R","E","?","R","BOSS","M","?","M","AVR","M","R","E","M","T","M","$","R","M","?","R","BOSS","M","$","M","?","?","R","E","R","T","M","?","M","M","M","R_BF","BOSS"],"build_version":"2020-11-30","purchased_purges":0,"victory":false,"max_hp_per_floor":[52,52,52,52,52,52,52,52,52,52,52,52,52,52,52,52,52,52,52,52,52,52,52,53,53,53,53,53,53,53,53,53,53,53,53,53,53,53,53,53,53,53,53,53,53,53,53,53,50,50,50],"card_choices":[{"not_picked":["PokerPlayerMod:Spade3","PokerPlayerMod:Fold"],"picked":"PokerPlayerMod:Heart5","floor":1},{"not_picked":["PokerPlayerMod:DiamondStrike","PokerPlayerMod:DartThrow"],"picked":"PokerPlayerMod:Spade5","floor":2},{"not_picked":["PokerPlayerMod:Heart4","PokerPlayerMod:Diamond7"],"picked":"PokerPlayerMod:Club5","floor":6},{"not_picked":["PokerPlayerMod:MagicTrick","PokerPlayerMod:DamnStraight"],"picked":"PokerPlayerMod:Club5","floor":8},{"not_picked":["PokerPlayerMod:WildCard","PokerPlayerMod:FillThePot"],"picked":"PokerPlayerMod:Spade6","floor":11},{"not_picked":["PokerPlayerMod:ClubShade","PokerPlayerMod:DamnStraight"],"picked":"PokerPlayerMod:Diamond8","floor":13},{"not_picked":["PokerPlayerMod:FillThePot","PokerPlayerMod:Diamond6"],"picked":"PokerPlayerMod:Spade5","floor":14},{"not_picked":["PokerPlayerMod:Diamond7","PokerPlayerMod:Diamond8"],"picked":"PokerPlayerMod:GamblerForm","floor":16},{"not_picked":["PokerPlayerMod:Spade1","PokerPlayerMod:CardBurn+1","PokerPlayerMod:SpadeStrike"],"picked":"SKIP","floor":18},{"not_picked":["PokerPlayerMod:Spade1","PokerPlayerMod:SecondChance+1"],"picked":"PokerPlayerMod:Sharpen+1","floor":20},{"not_picked":["PokerPlayerMod:Heart1","PokerPlayerMod:Diamond2","PokerPlayerMod:Spade1"],"picked":"SKIP","floor":22},{"not_picked":["PokerPlayerMod:PoorCopy","PokerPlayerMod:ClubsClub"],"picked":"PokerPlayerMod:Duplicate","floor":24},{"not_picked":["PokerPlayerMod:Club1","PokerPlayerMod:Heart2"],"picked":"PokerPlayerMod:Raise","floor":25},{"not_picked":["PokerPlayerMod:Diamond1","PokerPlayerMod:Spade1"],"picked":"PokerPlayerMod:RiskyBet+1","floor":27},{"not_picked":["PokerPlayerMod:Spade1","PokerPlayerMod:Diamond1"],"picked":"PokerPlayerMod:HeartStrike","floor":30},{"not_picked":["PokerPlayerMod:Spade7","PokerPlayerMod:RoyalStrike"],"picked":"PokerPlayerMod:Promotion","floor":33},{"not_picked":["PokerPlayerMod:HeartStrike","PokerPlayerMod:DartThrow"],"picked":"PokerPlayerMod:JackOfSpades+1","floor":35},{"not_picked":["PokerPlayerMod:Diamond7","PokerPlayerMod:Heart3"],"picked":"PokerPlayerMod:Spade7","floor":37},{"not_picked":["PokerPlayerMod:Spade3","PokerPlayerMod:Heart4","PokerPlayerMod:DartThrow"],"picked":"SKIP","floor":39},{"not_picked":["PokerPlayerMod:Diamond2","PokerPlayerMod:Club2"],"picked":"PokerPlayerMod:Diamond8","floor":41},{"not_picked":["PokerPlayerMod:Club6","PokerPlayerMod:ClubShade+1"],"picked":"PokerPlayerMod:Extraction","floor":44},{"not_picked":["PokerPlayerMod:Fold+1","PokerPlayerMod:Heart6","PokerPlayerMod:Diamond2"],"picked":"SKIP","floor":46},{"not_picked":["PokerPlayerMod:FillThePot","PokerPlayerMod:ClubsClub+1"],"picked":"PokerPlayerMod:SpadeStrike","floor":47},{"not_picked":["PokerPlayerMod:Raise","PokerPlayerMod:Club2"],"picked":"PokerPlayerMod:Diamond8","floor":48}],"player_experience":31570,"relics_obtained":[{"floor":8,"key":"infinitespire:Beetle Shell"},{"floor":11,"key":"PokerPlayerMod:Splitter"},{"floor":13,"key":"MealTicket"},{"floor":17,"key":"aspiration:FetidBarrel"},{"floor":17,"key":"Thread and Needle"},{"floor":17,"key":"ReplayTheSpireMod:TigerMarble"},{"floor":24,"key":"Pen Nib"},{"floor":26,"key":"Bronze Scales"},{"floor":31,"key":"hubris:BottledRain"},{"floor":41,"key":"hubris:DeckOfHolding"},{"floor":42,"key":"Whetstone"},{"floor":43,"key":"halation:KoshaPiece"}],"event_choices":[{"damage_healed":0,"gold_gain":0,"player_choice":"Ignored","damage_taken":0,"max_hp_gain":0,"max_hp_loss":0,"event_name":"Liars Game","floor":3,"gold_loss":0},{"cards_removed":["PokerPlayerMod:Spade1"],"damage_healed":0,"gold_gain":0,"player_choice":"Gave Card","damage_taken":0,"relics_obtained":["jedi:crownofsimplicity"],"max_hp_gain":0,"max_hp_loss":0,"event_name":"WeMeetAgain","floor":5,"gold_loss":0},{"damage_healed":0,"gold_gain":0,"player_choice":"Bought 1 Potion","damage_taken":0,"max_hp_gain":0,"max_hp_loss":0,"event_name":"The Woman in Blue","floor":38,"gold_loss":0},{"damage_healed":0,"gold_gain":0,"player_choice":"Forge","damage_taken":0,"max_hp_gain":0,"max_hp_loss":0,"event_name":"Accursed Blacksmith","floor":45,"gold_loss":0,"cards_upgraded":["PokerPlayerMod:Extraction"]}],"is_beta":false,"boss_relics":[{"not_picked":["aspiration:IroncladSkillbook","Philosopher\u0027s Stone"],"picked":"Calling Bell"},{"not_picked":["aspiration:SilentSkillbook","aspiration:DefectSkillbook"],"picked":"conspire:SlowCooker"}],"items_purged_floors":[],"is_endless":false,"potions_floor_spawned":[6,8,11,13,22,30,33,39,41,48],"killed_by":"infinitespire:MassOfShapes","ascension_level":0}}