{"host":"zksvs3x2ysy9npnz","time":1607468060,"event":{"gold_per_floor":[125,125],"floor_reached":0,"playtime":16,"items_purged":[],"score":0,"play_id":"2fe6d4a0-e18c-48eb-a376-b2d54fd9f3c7","local_time":"20201208235420","is_ascension_mode":true,"campfire_choices":[],"neow_cost":"NONE","seed_source_timestamp":51435891412400,"circlet_count":0,"master_deck":["theDuelist:BeaverWarrior","theDuelist:BeaverWarrior","theDuelist:CastleWalls","theDuelist:CastleWalls","theDuelist:FinalFlame","AscendersBane","theDuelist:GiantSoldier","theDuelist:GiantSoldier","theDuelist:ScrapFactory","theDuelist:Sparks","theDuelist:Sparks"],"relics":["theDuelist:MillenniumPuzzle","theDuelist:CardPoolRelic","theDuelist:CardPoolBasicRelic","theDuelist:BoosterPackPoolRelic","theDuelist:CardPoolAddRelic","theDuelist:CardPoolMinusRelic","theDuelist:CardPoolSaveRelic","theDuelist:CardPoolOptionsRelic","aspiration:Nostalgia","theDuelist:ChallengePuzzle"],"potions_floor_usage":[],"damage_taken":[],"seed_played":"-1203872765247812815","potions_obtained":[],"is_trial":false,"path_per_floor":[],"character_chosen":"THE_DUELIST","items_purchased":[],"campfire_rested":0,"item_purchase_floors":[],"current_hp_per_floor":[63,63],"gold":125,"neow_bonus":"NOSTALGIA","is_prod":false,"is_daily":false,"chose_seed":false,"campfire_upgraded":0,"win_rate":0,"timestamp":1607468060,"path_taken":[],"build_version":"2020-11-30","purchased_purges":0,"victory":false,"max_hp_per_floor":[70,70],"relic_stats":{"counters":[0,0],"obtain_stats":[{"theDuelist:BoosterPackPoolRelic":0,"theDuelist:CardPoolMinusRelic":0,"aspiration:Nostalgia":0,"theDuelist:CardPoolBasicRelic":0,"theDuelist:CardPoolAddRelic":0,"theDuelist:CardPoolOptionsRelic":0,"theDuelist:MillenniumPuzzle":0,"theDuelist:CardPoolSaveRelic":0,"theDuelist:ChallengePuzzle":0,"theDuelist:CardPoolRelic":0},{"theDuelist:BoosterPackPoolRelic":0,"theDuelist:CardPoolMinusRelic":0,"aspiration:Nostalgia":0,"theDuelist:CardPoolBasicRelic":0,"theDuelist:CardPoolAddRelic":0,"theDuelist:CardPoolOptionsRelic":0,"theDuelist:MillenniumPuzzle":0,"theDuelist:CardPoolSaveRelic":0,"theDuelist:ChallengePuzzle":0,"theDuelist:CardPoolRelic":0},{"theDuelist:BoosterPackPoolRelic":0,"theDuelist:CardPoolMinusRelic":0,"aspiration:Nostalgia":0,"theDuelist:CardPoolBasicRelic":0,"theDuelist:CardPoolAddRelic":0,"theDuelist:CardPoolOptionsRelic":0,"theDuelist:MillenniumPuzzle":0,"theDuelist:CardPoolSaveRelic":0,"theDuelist:ChallengePuzzle":0,"theDuelist:CardPoolRelic":0}]},"card_choices":[],"player_experience":1375319,"relics_obtained":[],"event_choices":[],"is_beta":false,"boss_relics":[],"items_purged_floors":[],"is_endless":false,"potions_floor_spawned":[],"ascension_level":17}}