{"host":"xfv3rt1qark5qvtf","time":1607461064,"event":{"gold_per_floor":[109,109,124,124,124,177,189,45,45,45,89,133,133,133,133,123,123],"floor_reached":16,"playtime":787,"items_purged":[],"score":138,"play_id":"b6733de9-2112-4cf9-87ac-1f529be1e134","local_time":"20201208155744","is_ascension_mode":true,"campfire_choices":[{"data":"hierophant:Chorus","floor":7,"key":"SMITH"},{"floor":10,"key":"REST"},{"floor":15,"key":"REST"}],"neow_cost":"NONE","seed_source_timestamp":1690152871434500,"circlet_count":0,"master_deck":["hierophant:Strike_Hierophant","hierophant:Strike_Hierophant","hierophant:Strike_Hierophant","hierophant:Strike_Hierophant","hierophant:Punish","hierophant:Defend_Hierophant","hierophant:Defend_Hierophant","hierophant:Defend_Hierophant","hierophant:Defend_Hierophant","hierophant:ChurchCoffers","hierophant:Chorus+1","hierophant:RustyCrate","hierophant:Doubloon","hierophant:Doubloon","hierophant:FieryStrike+1","Slimebound:Icky","hierophant:RepressedViolence","hierophant:AuricBeam","hierophant:Smite","hierophant:MorningPrayer"],"relics":["InkBottle","BewitchedHakkero","Cursed Key","TheAbacus","infinitespire:Chaos","Dream Catcher","MealTicket","Mirror"],"potions_floor_usage":[16],"damage_taken":[{"damage":0,"enemies":"Small Slimes","floor":1,"turns":1},{"damage":0,"enemies":"Cultist","floor":3,"turns":1},{"damage":0,"enemies":"3 Sentries","floor":6,"turns":2},{"damage":32,"enemies":"Lagavulin","floor":11,"turns":10},{"damage":0,"enemies":"2 Louse","floor":12,"turns":2},{"damage":61,"enemies":"Slime Boss","floor":16,"turns":11}],"seed_played":"-7647862252393275341","potions_obtained":[{"floor":1,"key":"LiquidMemories"},{"floor":12,"key":"Guardian:BlockOnCardUsePotion"}],"is_trial":false,"path_per_floor":["M","?","M","T","?","E","R","$","T","R","E","M","?","?","R","B"],"character_chosen":"HIEROPHANT","items_purchased":["infinitespire:Chaos"],"campfire_rested":2,"item_purchase_floors":[8],"current_hp_per_floor":[75,75,75,75,75,75,75,75,75,75,43,43,36,36,58,0,0],"gold":123,"neow_bonus":"THREE_ENEMY_KILL","is_prod":false,"is_daily":false,"chose_seed":false,"campfire_upgraded":1,"win_rate":0,"timestamp":1607461064,"path_taken":["M","?","M","?","?","E","R","$","T","R","E","M","?","?","R","BOSS"],"build_version":"2020-11-30","purchased_purges":0,"victory":false,"max_hp_per_floor":[75,75,75,75,75,75,75,75,75,75,75,75,75,75,75,75,75],"card_choices":[{"not_picked":["hierophant:Doubloon","hierophant:Smite"],"picked":"hierophant:Chorus","floor":1},{"not_picked":["hierophant:Smite","hierophant:Alms"],"picked":"hierophant:RustyCrate","floor":3},{"not_picked":["hierophant:DeathKnell","hierophant:Batter"],"picked":"hierophant:FieryStrike","floor":6},{"not_picked":["hierophant:Encroach","hierophant:Purify"],"picked":"hierophant:RepressedViolence","floor":10},{"not_picked":["hierophant:RustyCrate","hierophant:ConvertCurrency"],"picked":"hierophant:AuricBeam","floor":11},{"not_picked":["hierophant:TollTheBells","hierophant:SealAway"],"picked":"hierophant:Smite","floor":12},{"not_picked":["hierophant:Alms","hierophant:ConvertCurrency"],"picked":"hierophant:MorningPrayer","floor":15}],"player_experience":124268,"relics_obtained":[{"floor":4,"key":"Replay:Baseball"},{"floor":6,"key":"MawBank"},{"floor":9,"key":"Dream Catcher"},{"floor":11,"key":"MealTicket"}],"event_choices":[{"damage_healed":0,"gold_gain":0,"player_choice":"Leave","damage_taken":0,"max_hp_gain":0,"max_hp_loss":0,"event_name":"The Cleric","floor":5,"gold_loss":0},{"damage_healed":0,"gold_gain":0,"player_choice":"Success","damage_taken":7,"relics_obtained":["Mirror"],"max_hp_gain":0,"max_hp_loss":0,"event_name":"Scrap Ooze","floor":13,"gold_loss":0},{"damage_healed":0,"gold_gain":0,"player_choice":"Upgraded","damage_taken":0,"max_hp_gain":0,"max_hp_loss":0,"event_name":"Upgrade Shrine","floor":14,"gold_loss":0,"cards_upgraded":["hierophant:FieryStrike"]}],"is_beta":false,"boss_relics":[],"items_purged_floors":[],"is_endless":false,"potions_floor_spawned":[1,12],"killed_by":"Slime Boss","ascension_level":1}}