{"host":"njruw0b0uprlitpx","time":1607465031,"event":{"gold_per_floor":[115,130,149,161,5,52,129,24,72,72,63,119,172,220,220,345,345,390,447,447,497,560,560,612,612,612,612,650,714,769,159,159,299,399,485,510,510,585,668,769,825,825,825,825,930,930,930,495,495,545],"floor_reached":51,"playtime":3756,"items_purged":["Defend_W","Strike_W","Writhe"],"score":786,"play_id":"dc1f935e-ca1a-4bde-9830-b43b653a0088","local_time":"20201208160351","is_ascension_mode":false,"campfire_choices":[{"data":"Bone_Armory","floor":15,"key":"SMITH"},{"data":"RitualDagger","floor":23,"key":"SMITH"},{"floor":27,"key":"REST"},{"data":"Detonate_Bones","floor":44,"key":"SMITH"},{"data":"Spectral_Walk","floor":49,"key":"SMITH"}],"neow_cost":"NONE","seed_source_timestamp":10103812425600,"circlet_count":0,"master_deck":["Defend_W","Negative_Energy_Arrows","Bone_Wall","Negative_Energy_Burst","Vampiric_Strike","Negative_Energy_Shield","Bone_Armory+1","Negative_Energy_Sphere","Thousand_Bone_Knives","Summon_Undead_Army+1","Bone_Bullets","Bones_to_Steel","Acid_Javelin","Siphon_Strength","Bone_Armor","Skeleton_Dragon","Blood_Curse+1","Summon_Lich","RitualDagger+1","Whirlwind_of_Bones","Bone_Prison","Shade_Step","Summon_Undead","Stop_Heart+1","Blood_Shield","Blood_Whip","Detonate_Bones+1","Bone_Bullets+1","Shackles_Of_Pain","Choke","Finisher+1","Outmaneuver","Life_Drain+1","Requiem","Exploit","Spectral_Walk+1","Apotheosis","Blood_Wake"],"special_seed":0,"relics":["Vampire_Amulet","Replay:Bandana","Meat on the Bone","Bag of Marbles","Membership Card","Lantern","Snecko Eye","aspiration:RitualStick","Bottled Lightning","ReplayTheSpireMod:TigerMarble","Replay:Multitool","Happy Flower","Gambling Chip","Replay:Wanted Poster","Darkstone Periapt","Whetstone","HornCleat","ClockworkSouvenir"],"potions_floor_usage":[7,14,14,16,29,33,33,41,50,50,50],"damage_taken":[{"damage":1.0,"enemies":"Cultist","floor":1.0,"turns":4.0},{"damage":0.0,"enemies":"2 Louse","floor":2.0,"turns":1.0},{"damage":0.0,"enemies":"Small Slimes","floor":3.0,"turns":3.0},{"damage":18.0,"enemies":"Gremlin Gang","floor":4.0,"turns":4.0},{"damage":5.0,"enemies":"3 Louse","floor":6.0,"turns":4.0},{"damage":24,"enemies":"3 Sentries","floor":7,"turns":7},{"damage":6,"enemies":"Exordium Wildlife","floor":12,"turns":4},{"damage":5,"enemies":"2 Fungi Beasts","floor":13,"turns":2},{"damage":12,"enemies":"Lagavulin","floor":14,"turns":8},{"damage":14,"enemies":"Hexaghost","floor":16,"turns":8},{"damage":1,"enemies":"Chosen","floor":18,"turns":2},{"damage":0,"enemies":"3 Byrds","floor":19,"turns":3},{"damage":0,"enemies":"3 Cultists","floor":22,"turns":2},{"damage":1,"enemies":"Centurion and Healer","floor":24,"turns":3},{"damage":2,"enemies":"Cultist and Chosen","floor":28,"turns":3},{"damage":9,"enemies":"Book of Stabbing","floor":29,"turns":4},{"damage":6,"enemies":"Snake Plant","floor":30,"turns":4},{"damage":44,"enemies":"Automaton","floor":33,"turns":8},{"damage":14,"enemies":"3 Darklings","floor":35,"turns":4},{"damage":0,"enemies":"3 Shapes","floor":36,"turns":2},{"damage":16,"enemies":"Maw","floor":39,"turns":6},{"damage":2,"enemies":"Giant Head","floor":40,"turns":4},{"damage":6,"enemies":"3 Darklings","floor":41,"turns":3},{"damage":2,"enemies":"Transient","floor":45,"turns":5},{"damage":12,"enemies":"Time Eater","floor":50,"turns":6}],"seed_played":"3454844350602398320","potions_obtained":[{"floor":3.0,"key":"LiquidBronze"},{"floor":6.0,"key":"FearPotion"},{"floor":7,"key":"AttackPotion"},{"floor":10,"key":"CultistPotion"},{"floor":10,"key":"LifebloodPotion"},{"floor":18,"key":"Strength Potion"},{"floor":28,"key":"SteroidPotion"},{"floor":33,"key":"SpeedPotion"},{"floor":39,"key":"GamblersBrew"},{"floor":40,"key":"Adrenaline Potion"},{"floor":45,"key":"SteroidPotion"}],"is_trial":false,"path_per_floor":["M","M","M","M","$","M","E","$","T","?","$","M","M","E","R_BF","B",null,"M","M","?","?","M","R","M","?","T","R","M","E","M","$","R","B",null,"M","M","?","T","M","E","M","?","T","R","M","?","?","$","R","B",null],"character_chosen":"NECROMANCER","items_purchased":["Replay:Bandana","Summon_Undead_Army+1","Bone_Bullets","Membership Card","Bones_to_Steel","Acid_Javelin","Stop_Heart+1","Blood_Shield","Replay:Multitool","Happy Flower","Gambling Chip","Cursed Concoction","PowerPotion","Spectral_Walk","Apotheosis","ClockworkSouvenir","Venom Potion","Adrenaline Potion","Blood_Wake"],"campfire_rested":1,"item_purchase_floors":[5,8,8,11,11,11,31,31,31,31,31,31,31,48,48,48,48,48,48],"current_hp_per_floor":[75,75,75,65,65,66,51,51,51,51,51,49,48,40,40,43,75,75,75,69,69,75,75,75,60,60,75,75,68,64,64,64,41,75,63,72,72,72,61,70,66,81,81,81,81,81,81,81,81,71],"gold":545,"neow_bonus":"REMOVE_CARD","is_prod":false,"is_daily":false,"chose_seed":false,"campfire_upgraded":4,"win_rate":0,"timestamp":1607465031,"path_taken":["M","M","M","M","$","M","E","$","T","?","$","M","?","E","R_BF","BOSS","M","?","?","?","M","R","?","?","T","R","M","E","M","$","R","BOSS","M","M","?","?","M","E","M","?","T","R","M","?","?","$","R","BOSS"],"build_version":"2020-11-30","purchased_purges":3,"victory":true,"max_hp_per_floor":[75,75,75,75,75,75,75,75,75,75,75,75,75,75,75,75,75,75,75,75,75,75,75,75,75,75,75,75,75,75,75,75,75,75,75,75,75,75,75,75,75,81,81,81,81,81,81,81,81,81],"card_choices":[{"not_picked":["Shackles_Of_Pain","Exploit"],"picked":"Negative_Energy_Burst","floor":1.0},{"not_picked":["Summon_Undead_Army","Blood_Whip"],"picked":"Vampiric_Strike","floor":2.0},{"not_picked":["Bones_to_Steel","Vampiric_Strike"],"picked":"Negative_Energy_Shield","floor":3.0},{"not_picked":["Negative_Energy_Sphere","Bones_to_Steel"],"picked":"Bone_Armory","floor":4.0},{"not_picked":["Negative_Energy_Shield","Toxic_Smoke_Screen"],"picked":"Negative_Energy_Sphere","floor":6.0},{"not_picked":["Bone_Armor","Pandemic"],"picked":"Thousand_Bone_Knives","floor":7},{"not_picked":["Bone_Shift","Bones_to_Steel"],"picked":"Siphon_Strength","floor":12},{"not_picked":["Chill_Blood","Necromantic_Selection"],"picked":"Negative_Energy_Bomb","floor":13},{"not_picked":["Vampiric_Strike","Bone_Bullets"],"picked":"Bone_Armor","floor":14},{"not_picked":["Cloudkill","Negative_Energy_Bomb"],"picked":"Skeleton_Dragon","floor":16},{"not_picked":["Necromantic_Selection","Summon_Lich"],"picked":"Blood_Curse+1","floor":18},{"not_picked":["Bone_Shift+1","Strike_from_Beyond"],"picked":"Summon_Lich","floor":19},{"not_picked":["Vampiric_Strike","Blood_for_Blood","Blood_Curse+1"],"picked":"SKIP","floor":22},{"not_picked":["Flesh_Made_Foul","Consume_Illness"],"picked":"Whirlwind_of_Bones","floor":24},{"not_picked":["Bone_Spikes","Scare"],"picked":"Bone_Prison","floor":28},{"not_picked":["Bone_Armor","Bone_Bullets+1"],"picked":"Shade_Step","floor":29},{"not_picked":["Deaths_Shadow","Thousand_Bone_Knives"],"picked":"Summon_Undead","floor":30},{"not_picked":["Summon_Vampire_Lady","Summon_Death_Knight"],"picked":"Detonate_Bones","floor":33},{"not_picked":["Bone_Armor+1","Death_Coil+1"],"picked":"Bone_Bullets+1","floor":35},{"not_picked":["Bones_to_Steel","Consume_Illness+1"],"picked":"Shackles_Of_Pain","floor":36},{"not_picked":["Death_Knell","Negative_Energy_Javelin+1"],"picked":"Life_Drain+1","floor":39},{"not_picked":["Consume_Illness+1","Bone_Shift"],"picked":"Requiem","floor":40},{"not_picked":["Negative_Energy_Javelin","Death_Coil+1"],"picked":"Exploit","floor":41},{"not_picked":["Life_Tap","Shackles_Of_Pain","Bones_to_Steel+1"],"picked":"SKIP","floor":45}],"player_experience":1130470,"relics_obtained":[{"floor":7,"key":"Meat on the Bone"},{"floor":9,"key":"Bag of Marbles"},{"floor":14,"key":"Lantern"},{"floor":26,"key":"Bottled Lightning"},{"floor":29,"key":"ReplayTheSpireMod:TigerMarble"},{"floor":38,"key":"Darkstone Periapt"},{"floor":40,"key":"Whetstone"},{"floor":43,"key":"HornCleat"}],"event_choices":[{"damage_healed":0,"gold_gain":0,"player_choice":"Got Potions","damage_taken":0,"max_hp_gain":0,"max_hp_loss":0,"event_name":"Lab","floor":10,"gold_loss":0},{"damage_healed":0,"gold_gain":0,"player_choice":"Joined the Cult","damage_taken":6,"max_hp_gain":0,"max_hp_loss":0,"event_name":"Nest","floor":20,"gold_loss":0,"cards_obtained":["RitualDagger"]},{"damage_healed":0,"gold_gain":100,"player_choice":"Bet on Murderer","damage_taken":0,"max_hp_gain":0,"max_hp_loss":0,"event_name":"The Joust","floor":21,"gold_loss":50},{"damage_healed":19,"gold_gain":0,"player_choice":"Writhe","damage_taken":0,"max_hp_gain":0,"max_hp_loss":0,"event_name":"Winding Halls","floor":42,"gold_loss":0,"cards_obtained":["Writhe"]},{"damage_healed":0,"gold_gain":0,"player_choice":"Ignored","damage_taken":0,"max_hp_gain":0,"max_hp_loss":0,"event_name":"Tomb of Lord Red Mask","floor":46,"gold_loss":0},{"cards_removed":["Negative_Energy_Bomb"],"damage_healed":0,"gold_gain":0,"player_choice":"Removed Attack","damage_taken":0,"max_hp_gain":0,"max_hp_loss":0,"event_name":"Falling","floor":47,"gold_loss":0}],"is_beta":false,"boss_relics":[{"not_picked":["Ectoplasm","aspiration:FutureDiary"],"picked":"Snecko Eye"},{"not_picked":["Kintsugi","aspiration:IroncladSkillbook"],"picked":"Replay:Wanted Poster"}],"items_purged_floors":[31,31,48],"is_endless":false,"potions_floor_spawned":[3,6,7,13,18,28,33,39,40,45],"ascension_level":0}}