{"host":"cv6i479uilws7tk5","time":1607463045,"event":{"gold_per_floor":[117,117,128,145,64,64,93,104,104,139,158,333,348,12,12,12,12],"floor_reached":16,"playtime":497,"items_purged":["Strike_G"],"score":134,"play_id":"cde31e1c-7261-4217-8102-cbb113f211eb","local_time":"20201208143045","is_ascension_mode":true,"campfire_choices":[{"data":"Dagger Throw","floor":6,"key":"SMITH"},{"floor":15,"key":"REST"}],"neow_cost":"NONE","seed_source_timestamp":1863839520918300,"circlet_count":0,"master_deck":["Strike_G","Strike_G","Strike_G","Defend_G","Defend_G","Defend_G","Defend_G","Defend_G","Survivor","Neutralize","Backstab","Dagger Throw+1","Backflip","Caltrops","Quick Slash","Deadly Poison","Crippling Poison","Doubt","Dagger Spray"],"relics":["Ring of the Snake","NeowsBlessing","Bottled Lightning","Turnip","Ginger","Membership Card","Ice Cream"],"potions_floor_usage":[7,16,16],"damage_taken":[{"damage":0,"enemies":"Jaw Worm","floor":1,"turns":1},{"damage":0,"enemies":"Cultist","floor":3,"turns":1},{"damage":0,"enemies":"2 Louse","floor":4,"turns":1},{"damage":9,"enemies":"3 Sentries","floor":7,"turns":8},{"damage":2,"enemies":"2 Fungi Beasts","floor":8,"turns":4},{"damage":26,"enemies":"Gremlin Nob","floor":10,"turns":4},{"damage":6,"enemies":"Large Slime","floor":11,"turns":4},{"damage":5,"enemies":"Blue Slaver","floor":13,"turns":4},{"damage":48,"enemies":"Slime Boss","floor":16,"turns":9}],"seed_played":"-307425980374383240","potions_obtained":[{"floor":1,"key":"Explosive Potion"},{"floor":11,"key":"GhostInAJar"},{"floor":13,"key":"SteroidPotion"}],"is_trial":false,"path_per_floor":["M","?","M","M","$","R","E","M","T","E","M","?","M","$","R","B"],"character_chosen":"THE_SILENT","items_purchased":["Caltrops","Membership Card","Ice Cream"],"campfire_rested":1,"item_purchase_floors":[5,14,14],"current_hp_per_floor":[70,70,70,70,70,70,61,59,59,33,27,27,22,22,43,0,0],"gold":12,"neow_bonus":"THREE_ENEMY_KILL","is_prod":false,"is_daily":false,"chose_seed":false,"campfire_upgraded":1,"win_rate":0,"timestamp":1607463045,"path_taken":["M","?","M","M","?","R","E","M","T","E","?","?","M","$","R","BOSS"],"build_version":"2020-11-30","purchased_purges":1,"victory":false,"max_hp_per_floor":[70,70,70,70,70,70,70,70,70,70,70,70,70,70,70,70,70],"relic_stats":{"counters":[9,36],"Turnip":[4],"Ginger":[7],"obtain_stats":[{"Ice Cream":14,"NeowsBlessing":0,"Turnip":9,"Bottled Lightning":7,"Ginger":10,"Membership Card":14,"Ring of the Snake":0},{"Ice Cream":8,"NeowsBlessing":0,"Turnip":5,"Bottled Lightning":4,"Ginger":6,"Membership Card":8,"Ring of the Snake":0},{"Ice Cream":27,"NeowsBlessing":0,"Turnip":15,"Bottled Lightning":11,"Ginger":19,"Membership Card":27,"Ring of the Snake":0}],"Ring of the Snake":[18]},"card_choices":[{"not_picked":["Expertise","Endless Agony"],"picked":"Backstab","floor":1},{"not_picked":["Blade Dance","Distraction"],"picked":"Dagger Throw","floor":3},{"not_picked":["Underhanded Strike","Expertise"],"picked":"Backflip","floor":4},{"not_picked":["Finisher","Escape Plan","Bullet Time"],"picked":"SKIP","floor":7},{"not_picked":["Blade Dance","Prepared"],"picked":"Quick Slash","floor":8},{"not_picked":["Poisoned Stab","Heel Hook"],"picked":"Deadly Poison","floor":10},{"not_picked":["Predator","Quick Slash"],"picked":"Crippling Poison","floor":11},{"not_picked":["Blur","Underhanded Strike"],"picked":"Dagger Spray","floor":13}],"player_experience":315740,"relics_obtained":[{"floor":7,"key":"Bottled Lightning"},{"floor":9,"key":"Turnip"},{"floor":10,"key":"Ginger"}],"event_choices":[{"cards_removed":["Strike_G"],"damage_healed":0,"gold_gain":0,"player_choice":"Offered Basic","damage_taken":0,"max_hp_gain":0,"max_hp_loss":0,"event_name":"Bonfire Elementals","floor":2,"gold_loss":0},{"damage_healed":0,"gold_gain":175,"player_choice":"AGREE","damage_taken":158,"max_hp_gain":0,"max_hp_loss":0,"event_name":"betterThird:BetterSerpent","floor":12,"gold_loss":0}],"is_beta":false,"boss_relics":[],"items_purged_floors":[14],"is_endless":false,"potions_floor_spawned":[1,11,13],"killed_by":"Slime Boss","ascension_level":4}}