{"host":"ja297la2wpvv1dvv","time":1607471949,"event":{"gold_per_floor":[119,69,69,80,99,99,125,125,150,150,150,325,341,25,25,129,129,143,154,164,164,175,201,201,215,241,178,190,202,214,246,258,366,378,409,421,447,459,486,498,498],"floor_reached":40,"playtime":5393,"items_purged":["Doubt"],"score":406,"play_id":"fa2c4394-3ed5-46a6-bd09-b9cf0be1c8d8","local_time":"20201208175909","is_ascension_mode":false,"campfire_choices":[{"data":"Body Slam","floor":6,"key":"SMITH"},{"floor":8,"key":"REST"},{"data":"Rage","floor":11,"key":"SMITH"},{"floor":15,"key":"REST"},{"floor":24,"key":"REST"},{"data":"Barricade","floor":30,"key":"SMITH"},{"data":"Flame Barrier","floor":32,"key":"SMITH"}],"neow_cost":"NONE","seed_source_timestamp":2333802845156700,"circlet_count":0,"master_deck":["Defend_R","Defend_R","Defend_R","Defend_R","Bash","Body Slam+1","Pommel Strike","Rage+1","Sword Boomerang","Pommel Strike","Inflame","Ghostly Armor","Barricade+1","Flame Barrier+1","Cleave","Body Slam+1","Cleave","True Grit+1","Body Slam+1","Seeing Red+1","Juggernaut","Disarm+1","Fire Breathing+1","Defend_P+1","Rage+1"],"relics":["Black Blood","Vajra","Ancient Tea Set","Membership Card","Anchor","Toxic Egg 2","MawBank","Mummified Hand","SlaversCollar"],"potions_floor_usage":[23,31,33,33,37],"damage_taken":[{"damage":6,"enemies":"2 Louse","floor":1,"turns":3},{"damage":0,"enemies":"Small Slimes","floor":4,"turns":3},{"damage":8,"enemies":"Jaw Worm","floor":5,"turns":5},{"damage":43,"enemies":"Lagavulin","floor":7,"turns":8},{"damage":16,"enemies":"Large Slime","floor":13,"turns":5},{"damage":31,"enemies":"The Guardian","floor":16,"turns":11},{"damage":2,"enemies":"3 Byrds","floor":18,"turns":7},{"damage":9,"enemies":"2 Thieves","floor":19,"turns":5},{"damage":10,"enemies":"Snecko","floor":20,"turns":6},{"damage":16,"enemies":"Centurion and Healer","floor":22,"turns":7},{"damage":48,"enemies":"Book of Stabbing","floor":23,"turns":6},{"damage":21,"enemies":"Snake Plant","floor":25,"turns":4},{"damage":15,"enemies":"Snecko","floor":31,"turns":6},{"damage":31,"enemies":"Champ","floor":33,"turns":8},{"damage":34,"enemies":"3 Darklings","floor":35,"turns":5},{"damage":23,"enemies":"Orb Walker","floor":37,"turns":5},{"damage":63,"enemies":"Sphere and 2 Shapes","floor":39,"turns":6},{"damage":46,"enemies":"Reptomancer","floor":40,"turns":3}],"seed_played":"6439528505653778092","potions_obtained":[{"floor":5,"key":"FairyPotion"},{"floor":7,"key":"ElixirPotion"},{"floor":13,"key":"BlessingOfTheForge"},{"floor":19,"key":"Swift Potion"},{"floor":25,"key":"BloodPotion"},{"floor":31,"key":"Strength Potion"},{"floor":35,"key":"BloodPotion"}],"is_trial":false,"path_per_floor":["M","?","?","M","M","R","E","R","T","?","R","?","M","$","R","B",null,"M","M","M","?","M","E","R","M","T","?","T","?","R","M","R","B",null,"M","?","M","?","M","E"],"character_chosen":"IRONCLAD","items_purchased":["Membership Card","Anchor","Ghostly Armor"],"campfire_rested":3,"item_purchase_floors":[14,14,14],"current_hp_per_floor":[80,80,80,80,78,78,41,65,65,58,58,58,48,48,72,47,80,80,80,80,80,76,40,64,55,55,55,55,55,55,68,68,49,80,58,58,63,63,36,0,0],"gold":498,"neow_bonus":"THREE_CARDS","is_prod":false,"is_daily":false,"chose_seed":false,"campfire_upgraded":4,"win_rate":0.0,"timestamp":1607471949,"path_taken":["M","?","?","M","M","R","E","R","T","?","R","?","M","$","R","BOSS","M","M","M","?","M","E","R","M","T","?","?","?","R","?","R","BOSS","M","?","M","?","M","E"],"build_version":"2020-11-30","purchased_purges":1,"victory":false,"max_hp_per_floor":[80,80,80,80,80,80,80,80,80,80,80,80,80,80,80,80,80,80,80,80,80,80,80,80,80,80,80,80,80,80,80,80,80,80,80,80,80,80,80,80,80],"card_choices":[{"not_picked":["Thunderclap","Cleave"],"picked":"Body Slam","floor":0},{"not_picked":["Sword Boomerang","Sever Soul"],"picked":"Pommel Strike","floor":1},{"not_picked":["Power Through","Hemokinesis"],"picked":"Rage","floor":4},{"not_picked":["Warcry","Disarm"],"picked":"Sword Boomerang","floor":5},{"not_picked":["Headbutt","Perfected Strike"],"picked":"Pommel Strike","floor":7},{"not_picked":["Warcry","Sword Boomerang"],"picked":"Inflame","floor":13},{"not_picked":["Double Tap","Fiend Fire"],"picked":"Barricade","floor":16},{"not_picked":["Headbutt","Thunderclap"],"picked":"Flame Barrier","floor":18},{"not_picked":["Wild Strike","Sword Boomerang"],"picked":"Cleave","floor":19},{"not_picked":["Clash","Limit Break"],"picked":"Body Slam+1","floor":20},{"not_picked":["Perfected Strike","Thunderclap"],"picked":"Cleave","floor":22},{"not_picked":["Sever Soul","Rampage"],"picked":"True Grit+1","floor":23},{"not_picked":["Double Tap+1","True Grit+1"],"picked":"Body Slam+1","floor":25},{"not_picked":["Thunderclap","Sever Soul"],"picked":"Seeing Red+1","floor":31},{"not_picked":["Offering+1","Brutality"],"picked":"Juggernaut","floor":33},{"not_picked":["Sword Boomerang","Clothesline"],"picked":"Disarm+1","floor":35},{"not_picked":["Cleave","Intimidate+1"],"picked":"Fire Breathing+1","floor":37},{"not_picked":["Sword Boomerang+1","Anger+1"],"picked":"Rage+1","floor":39}],"player_experience":117358,"relics_obtained":[{"floor":7,"key":"Vajra"},{"floor":9,"key":"Ancient Tea Set"},{"floor":23,"key":"Toxic Egg 2"},{"floor":26,"key":"MawBank"},{"floor":28,"key":"Mummified Hand"}],"event_choices":[{"cards_removed":["Strike_R"],"damage_healed":0,"gold_gain":0,"player_choice":"Card Removal","damage_taken":0,"max_hp_gain":0,"max_hp_loss":0,"event_name":"The Cleric","floor":2,"gold_loss":50},{"damage_healed":0,"gold_gain":0,"cards_transformed":["Strike_R"],"player_choice":"Change","damage_taken":0,"max_hp_gain":0,"max_hp_loss":0,"event_name":"Living Wall","floor":3,"gold_loss":0,"cards_obtained":["Burning Pact"]},{"cards_removed":["Strike_R"],"damage_healed":0,"gold_gain":0,"player_choice":"Card Removal","damage_taken":7,"max_hp_gain":0,"max_hp_loss":0,"event_name":"Golden Wing","floor":10,"gold_loss":0},{"damage_healed":0,"gold_gain":175,"player_choice":"AGREE","damage_taken":0,"max_hp_gain":0,"max_hp_loss":0,"event_name":"Liars Game","floor":12,"gold_loss":0,"cards_obtained":["Doubt"]},{"damage_healed":0,"gold_gain":0,"player_choice":"Ignored","damage_taken":0,"max_hp_gain":0,"max_hp_loss":0,"event_name":"Ghosts","floor":21,"gold_loss":0},{"cards_removed":["Strike_R"],"damage_healed":0,"gold_gain":0,"player_choice":"Gave Gold","damage_taken":0,"max_hp_gain":0,"max_hp_loss":0,"event_name":"Beggar","floor":27,"gold_loss":75},{"cards_removed":["Strike_R"],"damage_healed":0,"gold_gain":0,"player_choice":"Card Removal","damage_taken":0,"max_hp_gain":0,"max_hp_loss":0,"event_name":"Wheel of Change","floor":29,"gold_loss":0},{"damage_healed":0,"gold_gain":0,"player_choice":"Ignored","damage_taken":0,"max_hp_gain":0,"max_hp_loss":0,"event_name":"Tomb of Lord Red Mask","floor":36,"gold_loss":0},{"cards_removed":["Burning Pact"],"damage_healed":0,"gold_gain":0,"player_choice":"Took Card","damage_taken":0,"max_hp_gain":0,"max_hp_loss":0,"event_name":"NoteForYourself","floor":38,"gold_loss":0,"cards_obtained":["Defend_P"]}],"is_beta":false,"boss_relics":[{"not_picked":["Philosopher\u0027s Stone","Fusion Hammer"],"picked":"Black Blood"},{"not_picked":["Snecko Eye","Astrolabe"],"picked":"SlaversCollar"}],"items_purged_floors":[14],"is_endless":false,"potions_floor_spawned":[5,7,13,19,25,31,35],"killed_by":"Reptomancer","ascension_level":0}}