{"host":"a1bw7lw6d0kskskg","time":1607465923,"event":{"gold_per_floor":[113,113,113,288,42,42,77,152,179,179,23,36,68,78,78,176,176,189,189,31,48,48,48,76,76,76,1,19,7,26,42,42,143,143,160,175,189,18,18,51,51,77,77,77,91,119,129,163,163,163,163,163,25,51,51],"floor_reached":56,"playtime":2653,"items_purged":["Doubt","Strike_G","Strike_G","Defend_G","Defend_G","Defend_G"],"score":1658,"play_id":"90edfd8f-81c2-4a43-b073-114342b8b048","local_time":"20201208231843","is_ascension_mode":true,"campfire_choices":[{"data":"Blade Dance","floor":6,"key":"SMITH"},{"floor":10,"key":"RECALL"},{"data":"Prepared","floor":15,"key":"SMITH"},{"data":"Expertise","floor":23,"key":"SMITH"},{"data":"Neutralize","floor":25,"key":"SMITH"},{"data":"Blur","floor":32,"key":"SMITH"},{"data":"Adrenaline","floor":41,"key":"SMITH"},{"data":"Expertise","floor":49,"key":"SMITH"},{"data":"Survivor","floor":52,"key":"SMITH"}],"neow_cost":"NONE","seed_source_timestamp":2346650968391100,"circlet_count":0,"master_deck":["Strike_G","Survivor+1","Neutralize+1","Dagger Throw","Finesse","Blade Dance+1","Accuracy+1","Accuracy+1","Prepared+1","Expertise+1","Adrenaline+1","Blade Dance+1","Cloak And Dagger+1","Panache+1","Noxious Fumes+1","After Image+1","Heel Hook+1","Prepared","Blur+1","Deflect+1","Deflect+1","Deflect+1","Expertise+1","Blade Dance+1","Blur+1","A Thousand Cuts+1","Blade Dance+1","Sadistic Nature+1","Deflect+1","Accuracy+1","Choke+1","Well Laid Plans+1"],"relics":["Ring of the Snake","Membership Card","Frozen Egg 2","HandDrill","Prayer Wheel","Coffee Dripper","Bag of Marbles","Strawberry","Meat on the Bone","Empty Cage","Bottled Flame","Gambling Chip","Pen Nib","Sundial","Singing Bowl","Eternal Feather"],"potions_floor_usage":[50,55,55],"damage_taken":[{"damage":3,"enemies":"Jaw Worm","floor":1,"turns":8},{"damage":25,"enemies":"Gremlin Nob","floor":7,"turns":4},{"damage":9,"enemies":"Small Slimes","floor":12,"turns":2},{"damage":2,"enemies":"Lagavulin","floor":13,"turns":5},{"damage":0,"enemies":"2 Louse","floor":14,"turns":2},{"damage":7,"enemies":"Hexaghost","floor":16,"turns":6},{"damage":9,"enemies":"3 Byrds","floor":18,"turns":4},{"damage":2,"enemies":"Shell Parasite","floor":21,"turns":3},{"damage":3,"enemies":"Book of Stabbing","floor":24,"turns":3},{"damage":0,"enemies":"3 Cultists","floor":28,"turns":2},{"damage":5,"enemies":"Centurion and Healer","floor":30,"turns":2},{"damage":0,"enemies":"Shelled Parasite and Fungi","floor":31,"turns":2},{"damage":0,"enemies":"Champ","floor":33,"turns":5},{"damage":0,"enemies":"Orb Walker","floor":35,"turns":3},{"damage":0,"enemies":"3 Darklings","floor":36,"turns":3},{"damage":0,"enemies":"4 Shapes","floor":37,"turns":3},{"damage":0,"enemies":"Giant Head","floor":40,"turns":3},{"damage":0,"enemies":"Reptomancer","floor":42,"turns":3},{"damage":0,"enemies":"Jaw Worm Horde","floor":45,"turns":3},{"damage":0,"enemies":"Nemesis","floor":46,"turns":4},{"damage":0,"enemies":"Sphere and 2 Shapes","floor":47,"turns":2},{"damage":2,"enemies":"Giant Head","floor":48,"turns":4},{"damage":8,"enemies":"Donu and Deca","floor":50,"turns":4},{"damage":0,"enemies":"Shield and Spear","floor":54,"turns":4},{"damage":34,"enemies":"The Heart","floor":55,"turns":6}],"seed_played":"996353416969038273","potions_obtained":[{"floor":13,"key":"Strength Potion"},{"floor":14,"key":"FearPotion"},{"floor":18,"key":"Ancient Potion"},{"floor":35,"key":"GhostInAJar"},{"floor":48,"key":"hexamod:EctoCoolerPotion"}],"is_trial":false,"path_per_floor":["M","?","?","?","$","R","E","?","T","R","$","M","E","M","R","B",null,"M","?","$","M","?","R","E","R","T","$","M","$","M","M","R","B",null,"M","M","M","$","?","E","R","E","T","$","M","E","M","E","R","B",null,"R","$","E","B",null],"character_chosen":"THE_SILENT","items_purchased":["Membership Card","Finesse","Blade Dance","HandDrill","Accuracy+1","Panache+1","Prepared","Sadistic Nature+1","Well Laid Plans+1"],"campfire_rested":0,"item_purchase_floors":[5,5,5,11,11,20,29,38,53],"current_hp_per_floor":[74,74,79,79,79,79,54,43,43,43,43,34,32,32,32,25,82,73,73,73,71,71,71,75,75,75,75,75,75,70,70,70,70,89,89,89,89,89,89,89,89,89,89,89,89,89,89,89,89,81,91,91,91,93,59],"gold":51,"neow_bonus":"TEN_PERCENT_HP_BONUS","is_prod":false,"is_daily":false,"chose_seed":false,"campfire_upgraded":8,"win_rate":0,"timestamp":1607465923,"path_taken":["M","?","?","?","$","R","E","?","T","R","$","M","E","M","R","BOSS","M","?","?","M","?","R","E","R","T","$","?","$","M","?","R","BOSS","M","M","M","$","?","E","R","E","T","$","M","E","?","E","R","BOSS","R","$","E","BOSS"],"build_version":"2020-11-30","purchased_purges":6,"victory":true,"max_hp_per_floor":[77,77,82,82,82,82,82,82,82,82,82,82,82,82,82,82,82,82,82,82,82,82,82,89,89,89,89,89,89,89,89,89,89,89,89,89,89,89,89,89,89,89,89,89,89,89,89,91,91,91,91,91,91,93,93],"relic_stats":{"Singing Bowl":4,"counters":[25,90],"Sundial":[2],"Gambling Chip":[0],"Prayer Wheel":11,"Eternal Feather":0,"Pen Nib":[13],"HandDrill":[38],"obtain_stats":[{"Singing Bowl":48,"Eternal Feather":54,"Pen Nib":43,"Frozen Egg 2":7,"Empty Cage":34,"Bottled Flame":40,"Sundial":46,"Strawberry":24,"Gambling Chip":42,"Prayer Wheel":13,"HandDrill":11,"Coffee Dripper":17,"Bag of Marbles":22,"Membership Card":5,"Ring of the Snake":0,"Meat on the Bone":26},{"Singing Bowl":22,"Eternal Feather":24,"Pen Nib":18,"Frozen Egg 2":2,"Empty Cage":13,"Bottled Flame":17,"Sundial":20,"Strawberry":9,"Gambling Chip":18,"Prayer Wheel":4,"HandDrill":2,"Coffee Dripper":6,"Bag of Marbles":8,"Membership Card":1,"Ring of the Snake":0,"Meat on the Bone":9},{"Singing Bowl":76,"Eternal Feather":84,"Pen Nib":63,"Frozen Egg 2":12,"Empty Cage":48,"Bottled Flame":60,"Sundial":70,"Strawberry":37,"Gambling Chip":63,"Prayer Wheel":19,"HandDrill":12,"Coffee Dripper":27,"Bag of Marbles":34,"Membership Card":8,"Ring of the Snake":0,"Meat on the Bone":37}],"Ring of the Snake":[25],"Meat on the Bone":0},"card_choices":[{"not_picked":["Eviscerate","Dagger Spray"],"picked":"Dagger Throw","floor":1},{"not_picked":["Distraction","Outmaneuver"],"picked":"Accuracy+1","floor":7},{"not_picked":["Sucker Punch","Terror"],"picked":"Prepared","floor":12},{"not_picked":["Acrobatics","Quick Slash"],"picked":"Expertise","floor":13},{"not_picked":["Quick Slash","PiercingWail"],"picked":"Leg Sweep","floor":14},{"not_picked":["Unload","Poisoned Stab","Dagger Spray"],"picked":"SKIP","floor":14},{"not_picked":["Malaise","Unload"],"picked":"Adrenaline","floor":16},{"not_picked":["Deadly Poison","Masterful Stab+1"],"picked":"Blade Dance+1","floor":18},{"not_picked":["Quick Slash+1","Caltrops+1"],"picked":"Cloak And Dagger+1","floor":18},{"not_picked":["Dagger Spray","Dodge and Roll"],"picked":"Noxious Fumes+1","floor":21},{"not_picked":["Dagger Throw","Cloak And Dagger","Slice"],"picked":"SKIP","floor":21},{"not_picked":["Expertise","Setup"],"picked":"After Image+1","floor":24},{"not_picked":["Slice+1","Riddle With Holes"],"picked":"Heel Hook+1","floor":28},{"not_picked":["Dagger Spray","Dash","Leg Sweep+1"],"picked":"SKIP","floor":28},{"not_picked":["Terror+1","Poisoned Stab"],"picked":"Blur","floor":30},{"not_picked":["Sucker Punch","Escape Plan"],"picked":"Deflect+1","floor":30},{"not_picked":["Catalyst+1","PiercingWail"],"picked":"Deflect+1","floor":31},{"not_picked":["Deadly Poison+1","Dagger Throw","Acrobatics"],"picked":"SKIP","floor":31},{"not_picked":["PiercingWail","Sucker Punch"],"picked":"Deflect+1","floor":35},{"not_picked":["Backflip","Sucker Punch"],"picked":"Expertise","floor":35},{"not_picked":["Dagger Throw+1","PiercingWail"],"picked":"Blade Dance+1","floor":36},{"not_picked":["Footwork+1","Terror+1"],"picked":"Blur+1","floor":36},{"not_picked":["Blade Dance+1","Flying Knee"],"picked":"A Thousand Cuts+1","floor":37},{"not_picked":["Riddle With Holes","Dodge and Roll+1"],"picked":"Blade Dance+1","floor":37},{"not_picked":["Poisoned Stab","Terror"],"picked":"Deflect+1","floor":40},{"not_picked":["Flying Knee+1","Eviscerate+1","Sucker Punch+1"],"picked":"SKIP","floor":42},{"not_picked":["Eviscerate+1","Flying Knee+1"],"picked":"Accuracy+1","floor":45},{"not_picked":["Terror","Riddle With Holes","Flying Knee+1"],"picked":"SKIP","floor":45},{"not_picked":["Poisoned Stab+1","Deadly Poison"],"picked":"Choke+1","floor":46},{"not_picked":["Acrobatics+1","Dagger Throw+1","Bane"],"picked":"SKIP","floor":47},{"not_picked":["Blur+1","Poisoned Stab+1","Skewer"],"picked":"SKIP","floor":47},{"not_picked":["Backflip+1","A Thousand Cuts+1","Skewer+1"],"picked":"Singing Bowl","floor":48},{"not_picked":["Dagger Spray+1","Sucker Punch","Bouncing Flask"],"picked":"Singing Bowl","floor":54}],"player_experience":175800,"relics_obtained":[{"floor":7,"key":"Frozen Egg 2"},{"floor":13,"key":"Prayer Wheel"},{"floor":22,"key":"Bag of Marbles"},{"floor":24,"key":"Strawberry"},{"floor":26,"key":"Meat on the Bone"},{"floor":40,"key":"Bottled Flame"},{"floor":42,"key":"Gambling Chip"},{"floor":43,"key":"Pen Nib"},{"floor":46,"key":"Sundial"},{"floor":48,"key":"Singing Bowl"},{"floor":54,"key":"Eternal Feather"}],"event_choices":[{"cards_removed":["Defend_G"],"damage_healed":0,"gold_gain":0,"player_choice":"Forget","damage_taken":0,"max_hp_gain":0,"max_hp_loss":0,"event_name":"Living Wall","floor":2,"gold_loss":0},{"damage_healed":0,"gold_gain":0,"player_choice":"Donut","damage_taken":0,"max_hp_gain":5,"max_hp_loss":0,"event_name":"Big Fish","floor":3,"gold_loss":0},{"damage_healed":0,"gold_gain":175,"player_choice":"AGREE","damage_taken":0,"max_hp_gain":0,"max_hp_loss":0,"event_name":"Liars Game","floor":4,"gold_loss":0,"cards_obtained":["Doubt"]},{"damage_healed":0,"gold_gain":75,"player_choice":"Gather Gold","damage_taken":11,"max_hp_gain":0,"max_hp_loss":0,"event_name":"World of Goop","floor":8,"gold_loss":0},{"cards_removed":["Strike_G"],"damage_healed":0,"gold_gain":0,"player_choice":"Purged","damage_taken":0,"max_hp_gain":0,"max_hp_loss":0,"event_name":"Purifier","floor":19,"gold_loss":0},{"damage_healed":0,"gold_gain":0,"player_choice":"Relic","damage_taken":0,"max_hp_gain":0,"max_hp_loss":0,"event_name":"Wheel of Change","floor":22,"gold_loss":0},{"cards_removed":["Leg Sweep"],"damage_healed":0,"gold_gain":0,"player_choice":"Offered Uncommon","damage_taken":0,"max_hp_gain":0,"max_hp_loss":0,"event_name":"Bonfire Elementals","floor":39,"gold_loss":0}],"is_beta":false,"boss_relics":[{"not_picked":["Velvet Choker","Runic Dome"],"picked":"Coffee Dripper"},{"not_picked":["Philosopher\u0027s Stone","SacredBark"],"picked":"Empty Cage"}],"items_purged_floors":[5,11,20,27,38,53],"is_endless":false,"potions_floor_spawned":[13,14,18,21,35,37,42,45,48],"ascension_level":3}}