{"host":"4cz9gr89nglr7k8k","time":1607462975,"event":{"gold_per_floor":[113,129,13,313,313,356,31,31,103,128,142,26,26,45,45,118,118,131,131,131,142,57,57,84,84,84],"floor_reached":25,"playtime":556,"items_purged":[],"score":491,"play_id":"d31ee8b9-006e-4630-9de5-17712ecef28e","local_time":"20201208222935","is_ascension_mode":true,"campfire_choices":[{"data":"Apotheosis","floor":8,"key":"SMITH"},{"floor":13,"key":"REST"},{"floor":15,"key":"REST"},{"floor":23,"key":"REST"}],"neow_cost":"NONE","seed_source_timestamp":299524281800,"circlet_count":0,"master_deck":["AscendersBane","Strike_G","Strike_G","Strike_G","Strike_G","Strike_G","Defend_G","Defend_G","Defend_G+1","Defend_G+1","Defend_G","Survivor","Neutralize","All Out Attack","Flying Knee","Dash","Footwork","Poisoned Stab","Apotheosis+1","Endless Agony","Masterful Stab","Backflip","Calculated Gamble","Bouncing Flask","Caltrops","PiercingWail","Flying Knee","Envenom","Wraith Form v2","Bane","Writhe","Caltrops","Sucker Punch+1"],"relics":["Ring of the Snake","NeowsBlessing","Old Coin","MawBank","Dream Catcher","Sundial","Paper Crane","WristBlade","War Paint","Singing Bowl","Centennial Puzzle"],"potions_floor_usage":[24,24],"damage_taken":[{"damage":0,"enemies":"2 Louse","floor":1,"turns":1},{"damage":0,"enemies":"Jaw Worm","floor":2,"turns":1},{"damage":0,"enemies":"Lagavulin","floor":6,"turns":1},{"damage":6,"enemies":"Gremlin Nob","floor":10,"turns":3},{"damage":0,"enemies":"Small Slimes","floor":11,"turns":3},{"damage":14,"enemies":"Red Slaver","floor":14,"turns":2},{"damage":14,"enemies":"Hexaghost","floor":16,"turns":7},{"damage":29,"enemies":"Shell Parasite","floor":18,"turns":5},{"damage":20,"enemies":"Chosen","floor":21,"turns":6},{"damage":26,"enemies":"Book of Stabbing","floor":24,"turns":5},{"damage":18,"enemies":"Snecko","floor":25,"turns":2}],"seed_played":"-1417067797255968792","potions_obtained":[{"floor":6,"key":"EssenceOfSteel"},{"floor":11,"key":"FearPotion"},{"floor":14,"key":"LiquidBronze"}],"is_trial":false,"path_per_floor":["M","M","$","?","T","E","$","R","T","E","M","$","R","M","R","B",null,"M","?","?","M","?","R","E","M"],"character_chosen":"THE_SILENT","items_purchased":["Dash","Footwork","Apotheosis","Endless Agony","Masterful Stab","Bouncing Flask","Caltrops"],"campfire_rested":3,"item_purchase_floors":[3,3,7,7,7,12,12],"current_hp_per_floor":[59,59,59,54,54,54,54,54,54,48,48,48,66,52,66,52,63,34,34,34,14,14,35,11,0,0],"gold":84,"neow_bonus":"THREE_ENEMY_KILL","is_prod":false,"is_daily":false,"chose_seed":false,"campfire_upgraded":1,"win_rate":0,"timestamp":1607462975,"path_taken":["M","M","$","?","?","E","$","R","T","E","M","$","R","M","R","BOSS","M","?","?","?","?","R","E","M"],"build_version":"2020-11-30","purchased_purges":0,"victory":false,"max_hp_per_floor":[66,66,66,66,66,66,66,66,66,66,66,66,66,66,66,66,66,66,66,66,66,66,68,70,70,70],"relic_stats":{"Dream Catcher":3,"Centennial Puzzle":[0],"Singing Bowl":4,"counters":[11,36],"Sundial":[2],"War Paint":["Defend_G","Defend_G"],"MawBank":24,"obtain_stats":[{"Dream Catcher":6,"Centennial Puzzle":24,"NeowsBlessing":0,"WristBlade":17,"Singing Bowl":22,"Sundial":9,"Paper Crane":10,"War Paint":19,"MawBank":5,"Ring of the Snake":0,"Old Coin":4},{"Dream Catcher":3,"Centennial Puzzle":10,"NeowsBlessing":0,"WristBlade":7,"Singing Bowl":9,"Sundial":3,"Paper Crane":4,"War Paint":8,"MawBank":2,"Ring of the Snake":0,"Old Coin":2},{"Dream Catcher":3,"Centennial Puzzle":34,"NeowsBlessing":0,"WristBlade":18,"Singing Bowl":29,"Sundial":3,"Paper Crane":6,"War Paint":23,"MawBank":2,"Ring of the Snake":0,"Old Coin":2}],"Ring of the Snake":[23]},"card_choices":[{"not_picked":["Backflip","Deflect"],"picked":"All Out Attack","floor":1},{"not_picked":["Quick Slash","Acrobatics"],"picked":"Flying Knee","floor":2},{"not_picked":["Acrobatics","Deadly Poison"],"picked":"Poisoned Stab","floor":6},{"not_picked":["Underhanded Strike","Blade Dance"],"picked":"Backflip","floor":10},{"not_picked":["Dagger Throw","PiercingWail"],"picked":"Calculated Gamble","floor":11},{"not_picked":["Expertise","Prepared"],"picked":"PiercingWail","floor":13},{"not_picked":["Prepared","Dash"],"picked":"Flying Knee","floor":14},{"not_picked":["Cloak And Dagger","Acrobatics"],"picked":"Envenom","floor":15},{"not_picked":["Unload","A Thousand Cuts"],"picked":"Wraith Form v2","floor":16},{"not_picked":["Sucker Punch","Underhanded Strike"],"picked":"Bane","floor":18},{"not_picked":["Flechettes","Bane"],"picked":"Sucker Punch+1","floor":21},{"not_picked":["Outmaneuver","Deadly Poison+1","Envenom"],"picked":"Singing Bowl","floor":23},{"not_picked":["Backflip+1","Flechettes+1","Sucker Punch"],"picked":"Singing Bowl","floor":24}],"player_experience":1433485,"relics_obtained":[{"floor":5,"key":"MawBank"},{"floor":6,"key":"Dream Catcher"},{"floor":9,"key":"Sundial"},{"floor":10,"key":"Paper Crane"},{"floor":24,"key":"Centennial Puzzle"}],"event_choices":[{"damage_healed":0,"gold_gain":0,"player_choice":"Success","damage_taken":5,"relics_obtained":["Old Coin"],"max_hp_gain":0,"max_hp_loss":0,"event_name":"Scrap Ooze","floor":4,"gold_loss":0},{"damage_healed":0,"gold_gain":0,"player_choice":"Opened","damage_taken":0,"relics_obtained":["War Paint"],"max_hp_gain":0,"max_hp_loss":0,"event_name":"The Mausoleum","floor":19,"gold_loss":0,"cards_obtained":["Writhe"]},{"damage_healed":0,"gold_gain":0,"player_choice":"Copied","damage_taken":0,"max_hp_gain":0,"max_hp_loss":0,"event_name":"Duplicator","floor":20,"gold_loss":0,"cards_obtained":["Caltrops"]},{"damage_healed":0,"gold_gain":0,"player_choice":"Obtained Relic","damage_taken":0,"relics_obtained":["Singing Bowl"],"max_hp_gain":0,"max_hp_loss":0,"event_name":"Addict","floor":22,"gold_loss":85}],"is_beta":false,"boss_relics":[{"not_picked":["Empty Cage","Velvet Choker"],"picked":"WristBlade"}],"items_purged_floors":[],"is_endless":false,"potions_floor_spawned":[6,11,14,21],"killed_by":"Snecko","ascension_level":19}}