{"host":"q8o6l8eqnoevndy4","time":1607469369,"event":{"gold_per_floor":[119,119,131,150,150,150,178,178,178,178,209,229,62,121,121,136,136,136,215,215,230,241,253,253,271,271,271,271],"floor_reached":27,"playtime":1259,"items_purged":[],"score":446,"play_id":"40a3df46-dcd0-48c1-a3c0-bab5d9f118db","local_time":"20201208181609","is_ascension_mode":true,"campfire_choices":[{"data":"Inflame","floor":6,"key":"SMITH"},{"data":"Sword Boomerang","floor":8,"key":"SMITH"},{"data":"Flame Barrier","floor":15,"key":"SMITH"},{"data":"Spot Weakness","floor":17,"key":"SMITH"},{"data":"Clothesline","floor":18,"key":"SMITH"},{"floor":26,"key":"REST"}],"neow_cost":"PERCENT_DAMAGE","seed_source_timestamp":316506219922200,"circlet_count":0,"master_deck":["AscendersBane","Strike_R","Strike_R","Strike_R","Strike_R","Defend_R","Defend_R","Defend_R","Bash+1","Flame Barrier+1","Flex","Sword Boomerang+1","Clothesline+1","Inflame+1","Flex","Spot Weakness+1","Offering","Reckless Charge+1","Sword Boomerang+1"],"special_seed":0,"relics":["Burning Blood","Mango","MealTicket","Mercury Hourglass","Du-Vu Doll","Medical Kit","infinitespire:Lychee Nut","Snecko Eye"],"potions_floor_usage":[11,25,27,27],"damage_taken":[{"damage":6,"enemies":"Small Slimes","floor":1,"turns":3},{"damage":9,"enemies":"Jaw Worm","floor":3,"turns":4},{"damage":4,"enemies":"2 Louse","floor":4,"turns":3},{"damage":11,"enemies":"Gremlin Nob","floor":7,"turns":3},{"damage":8,"enemies":"Lagavulin","floor":11,"turns":4},{"damage":0,"enemies":"2 Fungi Beasts","floor":12,"turns":3},{"damage":22,"enemies":"Lagavulin Event","floor":14,"turns":5},{"damage":0,"enemies":"Exordium Wildlife","floor":16,"turns":2},{"damage":38,"enemies":"Hexaghost","floor":19,"turns":7},{"damage":8,"enemies":"Chosen","floor":21,"turns":4},{"damage":0,"enemies":"3 Byrds","floor":22,"turns":1},{"damage":36,"enemies":"Snake Plant","floor":23,"turns":4},{"damage":35,"enemies":"3 Cultists","floor":25,"turns":4},{"damage":41,"enemies":"Book of Stabbing","floor":27,"turns":4}],"seed_played":"9030378313994713857","potions_obtained":[{"floor":1,"key":"LiquidMemories"},{"floor":11,"key":"BlessingOfTheForge"},{"floor":12,"key":"Explosive Potion"},{"floor":16,"key":"Explosive Potion"},{"floor":25,"key":"GamblersBrew"}],"is_trial":false,"path_per_floor":["M","?","M","M","?","R","E","R","?","T","E","M","$","?","R","M","R","R","B",null,"M","M","M","?","M","R","E"],"character_chosen":"IRONCLAD","items_purchased":["Medical Kit"],"campfire_rested":1,"item_purchase_floors":[13],"current_hp_per_floor":[50,50,47,49,74,74,83,83,51,51,49,55,70,51,51,60,60,60,34,58,62,66,37,37,14,33,0,0],"gold":271,"neow_bonus":"TRANSFORM_TWO_CARDS","is_prod":false,"is_daily":false,"chose_seed":false,"campfire_upgraded":5,"win_rate":0,"timestamp":1607469369,"path_taken":["M","?","M","M","?","R","E","R","?","T","E","?","$","?","R","M","R","R","BOSS","M","M","M","?","M","R","E"],"build_version":"2020-11-30","purchased_purges":0,"victory":false,"max_hp_per_floor":[75,75,75,75,75,75,89,89,89,89,89,89,89,66,66,66,66,66,66,66,66,66,66,66,66,66,66,66],"relic_stats":{"counters":[14,51],"Snecko Eye":[25,26,34,31],"MealTicket":15,"Medical Kit":[6],"obtain_stats":[{"Du-Vu Doll":11,"infinitespire:Lychee Nut":14,"Snecko Eye":20,"Mango":7,"MealTicket":9,"Medical Kit":13,"Burning Blood":0,"Mercury Hourglass":9},{"Du-Vu Doll":5,"infinitespire:Lychee Nut":6,"Snecko Eye":9,"Mango":4,"MealTicket":4,"Medical Kit":6,"Burning Blood":0,"Mercury Hourglass":4},{"Du-Vu Doll":17,"infinitespire:Lychee Nut":20,"Snecko Eye":34,"Mango":13,"MealTicket":13,"Medical Kit":20,"Burning Blood":0,"Mercury Hourglass":13}],"Burning Blood":73,"Mercury Hourglass":[144]},"card_choices":[{"not_picked":["Heavy Blade","Armaments"],"picked":"Sword Boomerang","floor":1},{"not_picked":["Armaments","Second Wind"],"picked":"Clothesline","floor":3},{"not_picked":["Body Slam","Disarm"],"picked":"Inflame","floor":4},{"not_picked":["Wild Strike","Battle Trance"],"picked":"Flex","floor":7},{"not_picked":["Havoc","Flame Barrier","Shrug It Off"],"picked":"SKIP","floor":11},{"not_picked":["Flame Barrier","Fire Breathing","Anger"],"picked":"SKIP","floor":12},{"not_picked":["Pommel Strike","Reckless Charge"],"picked":"Spot Weakness","floor":16},{"not_picked":["Exhume","Brutality"],"picked":"Offering","floor":19},{"not_picked":["Havoc","Hemokinesis","Warcry"],"picked":"SKIP","floor":21},{"not_picked":["Clash+1","Clothesline"],"picked":"Reckless Charge+1","floor":22},{"not_picked":["Armaments","Iron Wave","Searing Blow"],"picked":"SKIP","floor":23},{"not_picked":["Rampage","Reckless Charge","Combust"],"picked":"SKIP","floor":25}],"player_experience":1120803,"relics_obtained":[{"floor":7,"key":"Mango"},{"floor":11,"key":"Du-Vu Doll"}],"event_choices":[{"damage_healed":0,"gold_gain":0,"player_choice":"Grow","damage_taken":0,"max_hp_gain":0,"max_hp_loss":0,"event_name":"Living Wall","floor":2,"gold_loss":0,"cards_upgraded":["Bash"]},{"damage_healed":25,"gold_gain":0,"player_choice":"Banana","damage_taken":0,"max_hp_gain":0,"max_hp_loss":0,"event_name":"Big Fish","floor":5,"gold_loss":0},{"damage_healed":0,"gold_gain":1,"player_choice":"Relic Relic ","damage_taken":32,"max_hp_gain":0,"max_hp_loss":0,"event_name":"betterThird:BetterScrap","floor":9,"gold_loss":0,"cards_obtained":["Rainbow"]},{"damage_healed":0,"gold_gain":0,"player_choice":"Searched \u00272\u0027 times","damage_taken":0,"relics_obtained":["infinitespire:Lychee Nut"],"max_hp_gain":0,"max_hp_loss":0,"event_name":"Dead Adventurer","floor":14,"gold_loss":0},{"cards_removed":["Flame Barrier"],"damage_healed":0,"gold_gain":0,"player_choice":"Take \u0026 Give","damage_taken":0,"max_hp_gain":0,"max_hp_loss":0,"event_name":"betterNote:BetterNote","floor":24,"gold_loss":0,"cards_obtained":["Sword Boomerang"]}],"is_beta":false,"boss_relics":[{"not_picked":["Calling Bell","Black Star"],"picked":"Snecko Eye"}],"items_purged_floors":[],"is_endless":false,"potions_floor_spawned":[1,11,12,16,21,25],"killed_by":"Book of Stabbing","ascension_level":20}}