{"host":"9kesdg97wkrx2bva","time":1607465185,"event":{"gold_per_floor":[110,110,122,135,149,149,149,149,149,149,47,57,70,70,70,142,142,152,172,187,202,127,159,159,74,74,87,112,112,112,125,125,201,201,220,220,235,235,135,168,43,77,126,126,151,151,151,182,182,182,182],"floor_reached":50,"playtime":1604,"items_purged":["Strike_G","Strike_G","Strike_G","Strike_G","Defend_G"],"score":1042,"play_id":"4da84760-0c03-422e-87f2-f2331ba00c4c","local_time":"20201208160625","is_ascension_mode":true,"campfire_choices":[{"data":"Deadly Poison","floor":6,"key":"SMITH"},{"data":"Blade Dance","floor":8,"key":"SMITH"},{"data":"Survivor","floor":10,"key":"SMITH"},{"data":"Adrenaline","floor":15,"key":"SMITH"},{"floor":29,"key":"REST"},{"data":"Strike_G","floor":32,"key":"PURGE"},{"data":"Crippling Poison","floor":44,"key":"SMITH"},{"data":"Cloak And Dagger","floor":46,"key":"SMITH"},{"data":"ReplayTheSpireMod:Speed Training","floor":49,"key":"SMITH"}],"neow_cost":"NONE","seed_source_timestamp":87831032658100,"circlet_count":0,"master_deck":["AscendersBane","Defend_G","Defend_G","Defend_G","Defend_G","Survivor+1","Neutralize","Blade Dance+1","Backflip","Deadly Poison+1","Cloak And Dagger+1","infinitespire:Neurotoxin+1","Adrenaline+1","Crippling Poison+1","Replay:Bag of Tricks+1","Bane+1","ReplayTheSpireMod:Speed Training+1","Cloak And Dagger","Blade Dance+1"],"relics":["Ring of the Snake","NeowsBlessing","infinitespire:WardingShard","Busted Crown","Pantograph","infinitespire:Broken Mirror","Bag of Marbles","Toxic Egg 2","StrikeDummy","Coffee Dripper","Onion Ring","Snack Pack","Gremlin Food","Pet Ghost","White Beast Statue"],"potions_floor_usage":[5,16,16,23,31,33,33,45,50],"damage_taken":[{"damage":0,"enemies":"Small Slimes","floor":1,"turns":1},{"damage":0,"enemies":"Cultist","floor":3,"turns":1},{"damage":0,"enemies":"2 Louse","floor":4,"turns":1},{"damage":13,"enemies":"Lots of Slimes","floor":5,"turns":2},{"damage":0,"enemies":"2 Fungi Beasts","floor":12,"turns":4},{"damage":0,"enemies":"Blue Slaver","floor":13,"turns":3},{"damage":22,"enemies":"Slime Boss","floor":16,"turns":8},{"damage":7,"enemies":"Shell Parasite","floor":18,"turns":4},{"damage":2,"enemies":"Spheric Guardian","floor":19,"turns":5},{"damage":0,"enemies":"Cultist and Chosen","floor":20,"turns":5},{"damage":0,"enemies":"Chosen and Byrds","floor":21,"turns":4},{"damage":13,"enemies":"Book of Stabbing","floor":23,"turns":5},{"damage":0,"enemies":"Sentry and Sphere","floor":27,"turns":3},{"damage":22,"enemies":"Slavers","floor":28,"turns":6},{"damage":0,"enemies":"3 Cultists","floor":31,"turns":3},{"damage":20,"enemies":"Collector","floor":33,"turns":5},{"damage":0,"enemies":"3 Shapes","floor":35,"turns":5},{"damage":0,"enemies":"Orb Walker","floor":37,"turns":2},{"damage":8,"enemies":"R_Hoarder","floor":40,"turns":5},{"damage":3,"enemies":"Giant Head","floor":42,"turns":6},{"damage":2,"enemies":"Nemesis","floor":45,"turns":3},{"damage":0,"enemies":"Reptomancer","floor":48,"turns":3},{"damage":87,"enemies":"Time Eater","floor":50,"turns":8}],"seed_played":"-4348413174023691819","potions_obtained":[{"floor":3,"key":"Explosive Potion"},{"floor":5,"key":"Poison Potion"},{"floor":7,"key":"CultistPotion"},{"floor":16,"key":"AttackPotion"},{"floor":27,"key":"SteroidPotion"},{"floor":28,"key":"AttackPotion"},{"floor":31,"key":"BlessingOfTheForge"},{"floor":35,"key":"SkillPotion"},{"floor":37,"key":"LifebloodPotion"},{"floor":40,"key":"Poison Potion"},{"floor":45,"key":"GhostInAJar"}],"is_trial":false,"path_per_floor":["M","?","M","M","M","R","?","R","T","R","$","M","M","?","R","B",null,"M","M","M","M","$","E","AVR","?","T","M","E","R","?","M","R_BF","B",null,"M","AVR","M","?","$","E","$","E","T","R","E","R","?","E","R","B"],"character_chosen":"THE_SILENT","items_purchased":["infinitespire:Neurotoxin+1"],"campfire_rested":1,"item_purchase_floors":[11],"current_hp_per_floor":[59,59,59,59,46,46,46,46,46,46,46,46,46,46,46,24,56,49,47,47,47,47,34,34,34,34,34,12,31,25,25,25,30,57,57,57,57,57,57,49,49,46,46,46,52,52,52,62,62,0,0],"gold":182,"neow_bonus":"THREE_ENEMY_KILL","is_prod":false,"is_daily":false,"chose_seed":false,"campfire_upgraded":7,"win_rate":0,"timestamp":1607465185,"path_taken":["M","?","?","M","?","R","?","R","T","R","$","M","?","?","R","BOSS","M","M","M","M","$","E","AVR","?","T","M","E","R","?","M","R_BF","BOSS","M","AVR","?","?","$","E","?","E","T","R","E","R","?","E","R","BOSS"],"build_version":"2020-11-30","purchased_purges":5,"victory":false,"max_hp_per_floor":[66,66,66,66,66,66,66,66,66,66,66,66,66,66,66,66,66,66,66,66,66,66,66,66,66,66,66,66,66,66,66,66,66,66,66,66,66,66,66,66,66,66,66,66,66,66,66,66,66,66,66],"card_choices":[{"not_picked":["PiercingWail","Outmaneuver"],"picked":"Blade Dance","floor":1},{"not_picked":["Dodge and Roll","Outmaneuver"],"picked":"Backflip","floor":3},{"not_picked":["Sucker Punch","Cloak And Dagger"],"picked":"Deadly Poison","floor":4},{"not_picked":["Masterful Stab","PiercingWail"],"picked":"Cloak And Dagger","floor":5},{"not_picked":["Riddle With Holes","Poisoned Stab"],"picked":"Adrenaline","floor":12},{"not_picked":["Bane","PiercingWail"],"picked":"Crippling Poison","floor":13},{"not_picked":["Doppelganger","Die Die Die"],"picked":"Replay:Bag of Tricks","floor":16},{"not_picked":[],"picked":"Bane+1","floor":18},{"not_picked":["Dodge and Roll"],"picked":"SKIP","floor":19},{"not_picked":[],"picked":"ReplayTheSpireMod:Speed Training","floor":20},{"not_picked":[],"picked":"Cloak And Dagger","floor":21},{"not_picked":["Outmaneuver"],"picked":"SKIP","floor":23},{"not_picked":["Quick Slash"],"picked":"SKIP","floor":27},{"not_picked":["Flechettes"],"picked":"SKIP","floor":28},{"not_picked":["Bane"],"picked":"SKIP","floor":31},{"not_picked":[],"picked":"Blade Dance+1","floor":35},{"not_picked":["Sucker Punch"],"picked":"SKIP","floor":37},{"not_picked":["Hidden Blade+1"],"picked":"SKIP","floor":40},{"not_picked":["Sucker Punch"],"picked":"SKIP","floor":42},{"not_picked":["Flechettes+1"],"picked":"SKIP","floor":45},{"not_picked":["Dagger Throw"],"picked":"SKIP","floor":48}],"player_experience":886021,"relics_obtained":[{"floor":9,"key":"infinitespire:WardingShard"},{"floor":23,"key":"Pantograph"},{"floor":26,"key":"Toxic Egg 2"},{"floor":28,"key":"StrikeDummy"},{"floor":40,"key":"Onion Ring"},{"floor":42,"key":"Snack Pack"},{"floor":43,"key":"Gremlin Food"},{"floor":45,"key":"Pet Ghost"},{"floor":48,"key":"White Beast Statue"}],"event_choices":[{"damage_healed":0,"gold_gain":0,"player_choice":"Bought 0 Potions","damage_taken":0,"max_hp_gain":0,"max_hp_loss":0,"event_name":"The Woman in Blue","floor":2,"gold_loss":0},{"damage_healed":0,"gold_gain":0,"player_choice":"Got Potions","damage_taken":0,"max_hp_gain":0,"max_hp_loss":0,"event_name":"Lab","floor":7,"gold_loss":0},{"damage_healed":0,"gold_gain":0,"player_choice":"Obtained Relic","damage_taken":0,"relics_obtained":["Bag of Marbles"],"max_hp_gain":0,"max_hp_loss":0,"event_name":"Addict","floor":25,"gold_loss":85},{"damage_healed":0,"gold_gain":0,"player_choice":"","damage_taken":6,"max_hp_gain":0,"max_hp_loss":0,"event_name":"Knowing Skull","floor":30,"potions_obtained":[],"gold_loss":0,"cards_obtained":[]},{"damage_healed":0,"gold_gain":0,"player_choice":"Upgraded","damage_taken":0,"max_hp_gain":0,"max_hp_loss":0,"event_name":"Upgrade Shrine","floor":38,"gold_loss":0,"cards_upgraded":["Replay:Bag of Tricks"]}],"is_beta":false,"boss_relics":[{"not_picked":["Ring of Chaos","Black Star"],"picked":"Busted Crown"},{"not_picked":["Snecko Heart","ChewingGum"],"picked":"Coffee Dripper"}],"items_purged_floors":[22,24,36,39,41],"is_endless":false,"potions_floor_spawned":[3,5,13,16,27,28,31,35,37,40,45],"killed_by":"Time Eater","ascension_level":14}}