{"host":"l4jj3li0klahglqo","time":1607464931,"event":{"gold_per_floor":[116,116,116,116,128,154,154,189,189,205,205,205],"floor_reached":11,"playtime":505,"items_purged":[],"score":109,"play_id":"b91627b4-b645-4dba-aa32-f12ed3ff5285","local_time":"20201208160211","is_ascension_mode":true,"campfire_choices":[{"floor":7,"key":"REST"}],"neow_cost":"NONE","seed_source_timestamp":624706612787800,"circlet_count":0,"master_deck":["Strike_B","Strike_B+1","Strike_B","Strike_B","Defend_B","Defend_B","Defend_B","Defend_B","Zap","Dualcast","Hello World","Hello World","Stack","Conserve Battery","Coolheaded"],"relics":["Cracked Core","hubris:Icosahedron","Gambling Chip","StrikeDummy","Bottled Tornado"],"potions_floor_usage":[8,11],"damage_taken":[{"damage":1,"enemies":"Cultist","floor":1,"turns":4},{"damage":23,"enemies":"Jaw Worm","floor":5,"turns":3},{"damage":36,"enemies":"Gremlin Nob","floor":6,"turns":4},{"damage":26,"enemies":"3 Sentries","floor":8,"turns":10},{"damage":0,"enemies":"Small Slimes","floor":10,"turns":2},{"damage":14,"enemies":"Exordium Wildlife","floor":11,"turns":5}],"seed_played":"6093919219603652792","potions_obtained":[{"floor":5,"key":"DuplicationPotion"},{"floor":6,"key":"GamblersBrew"},{"floor":10,"key":"SteroidPotion"}],"is_trial":false,"path_per_floor":["M","?","?","?","M","E","R","E","T","M","M"],"character_chosen":"DEFECT","items_purchased":[],"campfire_rested":1,"item_purchase_floors":[],"current_hp_per_floor":[74,74,74,74,51,15,39,13,13,13,0,0],"gold":205,"neow_bonus":"TEN_PERCENT_HP_BONUS","is_prod":false,"is_daily":false,"chose_seed":false,"campfire_upgraded":0,"win_rate":0,"timestamp":1607464931,"path_taken":["M","?","?","?","M","E","R","E","T","M","M"],"build_version":"2020-11-30","purchased_purges":0,"victory":false,"max_hp_per_floor":[82,82,82,82,82,82,82,82,82,82,82,82],"card_choices":[{"not_picked":["Coolheaded","Heatsinks"],"picked":"Hello World","floor":1},{"not_picked":["Compile Driver","Panic Button"],"picked":"Hello World","floor":5},{"not_picked":["Compile Driver","ReplaySort"],"picked":"Stack","floor":6},{"not_picked":["Go for the Eyes","Melter"],"picked":"Conserve Battery","floor":8},{"not_picked":["Rebound","Steam"],"picked":"Coolheaded","floor":10}],"player_experience":1145566,"relics_obtained":[{"floor":6,"key":"Gambling Chip"},{"floor":8,"key":"StrikeDummy"},{"floor":9,"key":"Bottled Tornado"}],"event_choices":[{"damage_healed":0,"gold_gain":0,"player_choice":"Leave","damage_taken":0,"max_hp_gain":0,"max_hp_loss":0,"event_name":"conspire:Investor","floor":2,"gold_loss":0}],"is_beta":false,"boss_relics":[],"items_purged_floors":[],"is_endless":false,"potions_floor_spawned":[5,6,10],"killed_by":"Exordium Wildlife","ascension_level":7}}