{"host":"dpbezu80jg8zk7un","time":1607465317,"event":{"gold_per_floor":[115,126,12,87,87,87,122,136,163,63,103,122,122,144,144,221,221,233,108,158,158,171,171,203,203,203],"floor_reached":25,"playtime":596,"items_purged":["Strike_R","Pain","Strike_R"],"score":508,"play_id":"491312ba-6435-4ad1-ba4f-515fbc952b09","local_time":"20201209070837","is_ascension_mode":true,"campfire_choices":[{"data":"Hemokinesis","floor":6.0,"key":"SMITH"},{"data":"Body Slam","floor":13.0,"key":"SMITH"},{"data":"Shockwave","floor":15.0,"key":"SMITH"},{"data":"Shrug It Off","floor":23,"key":"SMITH"}],"neow_cost":"NONE","seed_source_timestamp":67961155247400,"circlet_count":0,"master_deck":["AscendersBane","Strike_R","Strike_R","Strike_R","Defend_R","Defend_R","Defend_R","Defend_R","Bash","Rampage","Hemokinesis+1","Body Slam+1","Shockwave+1","Battle Trance+1","Shrug It Off+1"],"special_seed":0,"relics":["Burning Blood","NeowsBlessing","WarpedTongs","Bag of Marbles","CeramicFish","PreservedInsect","Runic Pyramid","Bronze Scales"],"potions_floor_usage":[22,24],"damage_taken":[{"damage":0.0,"enemies":"Cultist","floor":1.0,"turns":1.0},{"damage":0.0,"enemies":"Jaw Worm","floor":2.0,"turns":1.0},{"damage":0.0,"enemies":"Gremlin Nob","floor":7.0,"turns":1.0},{"damage":5.0,"enemies":"Small Slimes","floor":8.0,"turns":2.0},{"damage":27.0,"enemies":"3 Sentries","floor":11.0,"turns":9.0},{"damage":10.0,"enemies":"2 Fungi Beasts","floor":12.0,"turns":2.0},{"damage":5.0,"enemies":"Gremlin Gang","floor":14.0,"turns":5.0},{"damage":12.0,"enemies":"The Guardian","floor":16.0,"turns":12.0},{"damage":15.0,"enemies":"Shell Parasite","floor":18.0,"turns":4.0},{"damage":7,"enemies":"2 Thieves","floor":22,"turns":4},{"damage":43,"enemies":"Book of Stabbing","floor":24,"turns":4},{"damage":24,"enemies":"Cultist and Chosen","floor":25,"turns":4}],"seed_played":"-4325013019619949965","potions_obtained":[{"floor":1.0,"key":"LiquidMemories"},{"floor":8.0,"key":"Explosive Potion"},{"floor":11.0,"key":"SpeedPotion"}],"is_trial":false,"path_per_floor":["M","M","$","?","?","R","E","M","T","$","E","M","R","M","R","B",null,"M","$","?","?","M","R","E","M"],"character_chosen":"IRONCLAD","items_purchased":["Hemokinesis"],"campfire_rested":0,"item_purchase_floors":[3],"current_hp_per_floor":[74,75,75,64,64,64,70,71,71,71,50,46,46,47,47,41,67,58,58,58,58,57,57,20,0,0],"gold":203,"neow_bonus":"THREE_ENEMY_KILL","is_prod":false,"is_daily":false,"chose_seed":false,"campfire_upgraded":4,"win_rate":0,"timestamp":1607465317,"path_taken":["M","?","$","?","?","R","E","?","T","?","E","M","R","M","R","BOSS","M","$","?","?","?","R","E","M"],"build_version":"2020-11-30","purchased_purges":3,"victory":false,"max_hp_per_floor":[75,75,75,75,75,75,75,75,75,75,75,75,75,75,75,75,75,75,75,75,75,75,75,75,75,75],"card_choices":[{"not_picked":["Rupture","Entrench","Twin Strike"],"picked":"SKIP","floor":1.0},{"not_picked":["Thunderclap","Iron Wave"],"picked":"Rampage","floor":2.0},{"not_picked":["Perfected Strike","Shockwave"],"picked":"Body Slam","floor":7.0},{"not_picked":["Demon Form","Entrench","Seeing Red"],"picked":"SKIP","floor":8.0},{"not_picked":["Twin Strike","Cleave"],"picked":"Shockwave","floor":11.0},{"not_picked":["Power Through","Flex"],"picked":"Battle Trance","floor":12.0},{"not_picked":["Rampage","Dual Wield"],"picked":"Shrug It Off","floor":14.0},{"not_picked":["Clash","Armaments","Headbutt"],"picked":"SKIP","floor":18.0},{"not_picked":["Power Through","Thunderclap","Carnage"],"picked":"SKIP","floor":22},{"not_picked":["Body Slam","Whirlwind","Clothesline"],"picked":"SKIP","floor":24}],"player_experience":2727084,"relics_obtained":[{"floor":7.0,"key":"Bag of Marbles"},{"floor":9.0,"key":"CeramicFish"},{"floor":11.0,"key":"PreservedInsect"},{"floor":24,"key":"Bronze Scales"}],"event_choices":[{"damage_healed":0.0,"max_hp_gain":0.0,"max_hp_loss":0.0,"gold_gain":75.0,"event_name":"World of Goop","player_choice":"Gather Gold","floor":4.0,"gold_loss":0.0,"damage_taken":11.0},{"damage_healed":0.0,"max_hp_gain":0.0,"max_hp_loss":0.0,"gold_gain":0.0,"event_name":"Accursed Blacksmith","player_choice":"Rummage","floor":5.0,"gold_loss":0.0,"damage_taken":0.0,"relics_obtained":["WarpedTongs"],"cards_obtained":["Pain"]},{"damage_healed":0.0,"max_hp_gain":0.0,"max_hp_loss":0.0,"gold_gain":50.0,"event_name":"Nest","player_choice":"Stole From Cult","floor":20.0,"gold_loss":0.0,"damage_taken":0.0},{"damage_healed":0.0,"max_hp_gain":0.0,"max_hp_loss":0.0,"gold_gain":0.0,"event_name":"Upgrade Shrine","player_choice":"Upgraded","floor":21.0,"gold_loss":0.0,"damage_taken":0.0,"cards_upgraded":["Battle Trance"]}],"is_beta":false,"boss_relics":[{"not_picked":["Black Star","Velvet Choker"],"picked":"Runic Pyramid"}],"items_purged_floors":[3,10,19],"is_endless":false,"potions_floor_spawned":[1,8,11],"killed_by":"Cultist and Chosen","ascension_level":20}}