{"host":"69rply1jf2d1wbmp","time":1607471209,"event":{"gold_per_floor":[113,126,142,156,156,156,186,186,261,287,304,329,343,358,358,461,461,472,2,2,16,26,53,53,64,137,137,152,167,167,200,200,300,300,310,329,344,14,24,24,69,69,69,69,81,81,94,0,0,0,0,0,0,27,27,27],"floor_reached":55,"playtime":2112,"items_purged":["Strike_G+1"],"score":708,"play_id":"80a944d3-bcc9-4b44-9145-11314c273207","local_time":"20201208184649","is_ascension_mode":false,"campfire_choices":[{"data":"Terror","floor":6,"key":"SMITH"},{"floor":8,"key":"RECALL"},{"floor":15,"key":"REST"},{"floor":27,"key":"REST"},{"floor":32,"key":"REST"},{"floor":40,"key":"REST"},{"data":"Accuracy","floor":44,"key":"SMITH"},{"data":"Mayhem","floor":46,"key":"SMITH"},{"data":"Footwork","floor":49,"key":"SMITH"},{"data":"Noxious Fumes","floor":52,"key":"SMITH"}],"neow_cost":"TEN_PERCENT_HP_LOSS","seed_source_timestamp":926636921006400,"circlet_count":0,"master_deck":["Strike_G+1","Strike_G+1","Strike_G+1","Defend_G+1","Defend_G+1","Defend_G+1","Defend_G+1","Survivor","Neutralize+1","Metamorphosis+1","Slice","Dash","Terror+1","Dagger Spray+1","Crippling Poison","PiercingWail","After Image","Blade Dance","Noxious Fumes+1","Backflip","Accuracy+1","Blade Dance+1","Dagger Spray+1","Corpse Explosion","Blade Dance+1","Footwork+1","Mayhem+1"],"relics":["Ring of the Snake","Mango","Ninja Scroll","Whetstone","Bronze Scales","Empty Cage","Lizard Tail","Lee\u0027s Waffle","Tough Bandages","Shuriken","Matryoshka","SlaversCollar","Pocketwatch","Orichalcum","Red Mask","Incense Burner"],"potions_floor_usage":[7,11,12,23,33,45,54,54],"damage_taken":[{"damage":2,"enemies":"2 Louse","floor":1,"turns":3},{"damage":0,"enemies":"Jaw Worm","floor":2,"turns":4},{"damage":1,"enemies":"Small Slimes","floor":3,"turns":3},{"damage":2,"enemies":"Blue Slaver","floor":4,"turns":3},{"damage":16,"enemies":"Lagavulin","floor":7,"turns":5},{"damage":18,"enemies":"3 Sentries","floor":10,"turns":5},{"damage":0,"enemies":"2 Fungi Beasts","floor":11,"turns":3},{"damage":20,"enemies":"Gremlin Nob","floor":12,"turns":4},{"damage":10,"enemies":"Gremlin Gang","floor":13,"turns":3},{"damage":0,"enemies":"Lots of Slimes","floor":14,"turns":3},{"damage":22,"enemies":"Hexaghost","floor":16,"turns":8},{"damage":0,"enemies":"3 Byrds","floor":18,"turns":3},{"damage":0,"enemies":"Chosen","floor":21,"turns":3},{"damage":20,"enemies":"Snake Plant","floor":22,"turns":4},{"damage":34,"enemies":"Gremlin Leader","floor":23,"turns":7},{"damage":4,"enemies":"Snecko","floor":25,"turns":5},{"damage":12,"enemies":"Centurion and Healer","floor":28,"turns":5},{"damage":0,"enemies":"Cultist and Chosen","floor":29,"turns":5},{"damage":35,"enemies":"Book of Stabbing","floor":31,"turns":5},{"damage":37,"enemies":"Collector","floor":33,"turns":8},{"damage":27,"enemies":"3 Darklings","floor":35,"turns":3},{"damage":0,"enemies":"Orb Walker","floor":36,"turns":3},{"damage":33,"enemies":"Writhing Mass","floor":37,"turns":6},{"damage":8,"enemies":"4 Shapes","floor":39,"turns":4},{"damage":25,"enemies":"2 Orb Walkers","floor":41,"turns":4},{"damage":0,"enemies":"Spire Growth","floor":45,"turns":4},{"damage":25,"enemies":"Jaw Worm Horde","floor":47,"turns":4},{"damage":8,"enemies":"Donu and Deca","floor":50,"turns":4},{"damage":26,"enemies":"Shield and Spear","floor":54,"turns":5},{"damage":120,"enemies":"The Heart","floor":55,"turns":8}],"seed_played":"2060479906431734699","potions_obtained":[{"floor":1,"key":"CultistPotion"},{"floor":3,"key":"Fire Potion"},{"floor":10,"key":"ColorlessPotion"},{"floor":12,"key":"SpeedPotion"},{"floor":16,"key":"Poison Potion"},{"floor":22,"key":"Block Potion"},{"floor":23,"key":"Ancient Potion"},{"floor":39,"key":"SteroidPotion"},{"floor":41,"key":"Block Potion"},{"floor":47,"key":"DistilledChaos"}],"is_trial":false,"path_per_floor":["M","M","M","M","?","R","E","R","T","E","M","E","M","M","R","B",null,"M","$","?","M","M","E","?","M","T","R","M","M","?","E","R","B",null,"M","M","M","$","M","R","?","?","T","R","M","R","M","?","R","B",null,"R","$","E","B"],"character_chosen":"THE_SILENT","items_purchased":["Noxious Fumes","Lizard Tail","Lee\u0027s Waffle","Footwork","Mayhem"],"campfire_rested":4,"item_purchase_floors":[19,19,19,38,38],"current_hp_per_floor":[61,61,60,58,58,58,56,56,56,38,38,18,8,8,31,9,77,77,84,68,68,48,14,14,10,10,36,24,24,53,18,44,7,89,62,62,29,29,21,47,22,78,78,78,78,78,53,53,53,45,78,78,78,52,0,0],"gold":27,"neow_bonus":"RANDOM_COLORLESS_2","is_prod":false,"is_daily":false,"chose_seed":false,"campfire_upgraded":5,"win_rate":0,"timestamp":1607471209,"path_taken":["M","M","M","M","?","R","E","R","T","E","M","E","M","M","R","BOSS","M","$","?","M","M","E","?","M","T","R","M","M","?","E","R","BOSS","M","M","M","$","M","R","?","?","T","R","M","R","M","?","R","BOSS","R","$","E","BOSS"],"build_version":"2020-11-30","purchased_purges":1,"victory":false,"max_hp_per_floor":[63,63,63,63,63,63,77,77,77,77,77,77,77,77,77,77,77,77,84,89,89,89,89,89,89,89,89,89,89,89,89,89,89,89,89,89,89,89,89,89,89,78,78,78,78,78,78,78,78,78,78,78,78,78,78,78],"card_choices":[{"not_picked":["Chrysalis","Thinking Ahead"],"picked":"Metamorphosis","floor":0},{"not_picked":["Masterful Stab","PiercingWail"],"picked":"Slice","floor":1},{"not_picked":["Calculated Gamble","Leg Sweep"],"picked":"Dash","floor":2},{"not_picked":["Underhanded Strike","Slice"],"picked":"Terror","floor":3},{"not_picked":["Poisoned Stab","Leg Sweep"],"picked":"Dagger Spray","floor":4},{"not_picked":["Dagger Spray","Dodge and Roll","Bullet Time"],"picked":"SKIP","floor":7},{"not_picked":["Underhanded Strike","Cloak And Dagger","Terror"],"picked":"SKIP","floor":10},{"not_picked":["Outmaneuver","Acrobatics"],"picked":"Crippling Poison","floor":11},{"not_picked":["Prepared","Calculated Gamble","Dodge and Roll"],"picked":"SKIP","floor":12},{"not_picked":["Flechettes","Prepared"],"picked":"PiercingWail","floor":13},{"not_picked":["Acrobatics","Quick Slash","Calculated Gamble"],"picked":"SKIP","floor":14},{"not_picked":["Corpse Explosion","Adrenaline"],"picked":"After Image","floor":16},{"not_picked":["Flying Knee","Slice"],"picked":"Blade Dance","floor":18},{"not_picked":["Tactician","Bouncing Flask","Outmaneuver"],"picked":"SKIP","floor":21},{"not_picked":["Well Laid Plans","Dagger Throw"],"picked":"Backflip","floor":22},{"not_picked":["Underhanded Strike","PiercingWail"],"picked":"Accuracy","floor":23},{"not_picked":["Flying Knee+1","Outmaneuver"],"picked":"Blade Dance+1","floor":25},{"not_picked":["Underhanded Strike","Dagger Throw+1","Cloak And Dagger"],"picked":"SKIP","floor":28},{"not_picked":["Dash","Underhanded Strike","Masterful Stab"],"picked":"SKIP","floor":29},{"not_picked":["Dodge and Roll","PiercingWail"],"picked":"Dagger Spray+1","floor":31},{"not_picked":["Tools of the Trade","Phantasmal Killer"],"picked":"Corpse Explosion","floor":33},{"not_picked":["Cloak And Dagger+1","Dagger Throw+1"],"picked":"Blade Dance+1","floor":35},{"not_picked":["PiercingWail+1","Calculated Gamble+1","Dash"],"picked":"SKIP","floor":36},{"not_picked":["Expertise+1","Skewer+1","Distraction+1"],"picked":"SKIP","floor":37},{"not_picked":["Poisoned Stab+1","Quick Slash+1","Sucker Punch"],"picked":"SKIP","floor":39},{"not_picked":["Choke","Malaise","Leg Sweep"],"picked":"SKIP","floor":45},{"not_picked":["Bane+1","Dodge and Roll","Skewer+1"],"picked":"SKIP","floor":47},{"not_picked":["Blade Dance","Dagger Spray+1","Underhanded Strike"],"picked":"SKIP","floor":54}],"player_experience":307800,"relics_obtained":[{"floor":7,"key":"Mango"},{"floor":9,"key":"Ninja Scroll"},{"floor":10,"key":"Whetstone"},{"floor":12,"key":"Bronze Scales"},{"floor":23,"key":"Tough Bandages"},{"floor":26,"key":"Shuriken"},{"floor":31,"key":"Matryoshka"},{"floor":41,"key":"Pocketwatch"},{"floor":43,"key":"Orichalcum"},{"floor":54,"key":"Incense Burner"}],"event_choices":[{"damage_healed":0,"gold_gain":0,"player_choice":"Grow","damage_taken":0,"max_hp_gain":0,"max_hp_loss":0,"event_name":"Living Wall","floor":5,"gold_loss":0,"cards_upgraded":["Metamorphosis"]},{"damage_healed":0,"gold_gain":0,"player_choice":"Shed Blood","damage_taken":21,"max_hp_gain":5,"max_hp_loss":0,"event_name":"Forgotten Altar","floor":20,"gold_loss":0},{"damage_healed":0,"gold_gain":0,"player_choice":"Simplicity","damage_taken":0,"max_hp_gain":0,"max_hp_loss":0,"event_name":"Back to Basics","floor":24,"gold_loss":0,"cards_upgraded":["Strike_G","Strike_G","Strike_G","Strike_G","Defend_G","Defend_G","Defend_G","Defend_G"]},{"damage_healed":29,"gold_gain":0,"player_choice":"Heal","damage_taken":0,"max_hp_gain":0,"max_hp_loss":0,"event_name":"The Library","floor":30,"gold_loss":0},{"damage_healed":0,"gold_gain":0,"player_choice":"Fight","damage_taken":0,"max_hp_gain":0,"max_hp_loss":0,"event_name":"Mysterious Sphere","floor":41,"gold_loss":0},{"damage_healed":78,"gold_gain":0,"player_choice":"Heal","damage_taken":0,"max_hp_gain":0,"max_hp_loss":11,"event_name":"The Moai Head","floor":42,"gold_loss":0},{"damage_healed":0,"gold_gain":0,"player_choice":"Paid","damage_taken":0,"relics_obtained":["Red Mask"],"max_hp_gain":0,"max_hp_loss":0,"event_name":"Tomb of Lord Red Mask","floor":48,"gold_loss":94}],"is_beta":false,"boss_relics":[{"not_picked":["Runic Pyramid","Ring of the Serpent"],"picked":"Empty Cage"},{"not_picked":["Black Star","Fusion Hammer"],"picked":"SlaversCollar"}],"items_purged_floors":[38],"is_endless":false,"potions_floor_spawned":[1,3,10,12,16,22,23,25,28,39,41,47],"killed_by":"The Heart","ascension_level":0}}