{"host":"l4jj3li0klahglqo","time":1607464424,"event":{"gold_per_floor":[119,119,131,131,141,169,169,169],"floor_reached":7,"playtime":357,"items_purged":[],"score":69,"play_id":"28810531-b2c1-4a14-a063-116e1e57a069","local_time":"20201208155344","is_ascension_mode":true,"campfire_choices":[],"neow_cost":"NONE","seed_source_timestamp":624347364016700,"circlet_count":0,"master_deck":["Strike_B","Strike_B","Strike_B","Strike_B","Defend_B","Defend_B","Defend_B","Defend_B","Zap","Dualcast","FTL","Regret","Genetic Algorithm","Gash","ReplaySolidLightProjector"],"relics":["Cracked Core","infinitespire:CheckeredPen","Lantern"],"potions_floor_usage":[6,6],"damage_taken":[{"damage":9,"enemies":"Small Slimes","floor":1,"turns":3},{"damage":3,"enemies":"Cultist","floor":3,"turns":3},{"damage":9,"enemies":"2 Louse","floor":5,"turns":3},{"damage":53,"enemies":"Lagavulin","floor":6,"turns":6},{"damage":0,"enemies":"Lots of Slimes","floor":7,"turns":1}],"seed_played":"-8526967775896702728","potions_obtained":[{"floor":1,"key":"Explosive Potion"},{"floor":3,"key":"FairyPotion"},{"floor":4,"key":"DuplicationPotion"},{"floor":4,"key":"Reflective Coating"},{"floor":4,"key":"FearPotion"}],"is_trial":false,"path_per_floor":["M","?","M","?","M","E","M"],"character_chosen":"DEFECT","items_purchased":[],"campfire_rested":0,"item_purchase_floors":[],"current_hp_per_floor":[66,66,63,63,54,1,1,1],"gold":169,"neow_bonus":"TEN_PERCENT_HP_BONUS","is_prod":false,"is_daily":false,"chose_seed":false,"campfire_upgraded":0,"win_rate":0,"timestamp":1607464424,"path_taken":["M","?","M","?","M","E","M"],"build_version":"2020-11-30","purchased_purges":0,"victory":false,"max_hp_per_floor":[82,82,82,82,82,82,82,82],"card_choices":[{"not_picked":["Steam","Panic Button"],"picked":"FTL","floor":1},{"not_picked":["Ball Lightning","Coolheaded"],"picked":"Genetic Algorithm","floor":3},{"not_picked":["Turbo","Reprogram"],"picked":"Gash","floor":5},{"not_picked":["Multi-Cast","Barrage"],"picked":"ReplaySolidLightProjector","floor":6}],"player_experience":1145566,"relics_obtained":[{"floor":6,"key":"Lantern"}],"event_choices":[{"damage_healed":0,"gold_gain":0,"player_choice":"Box","damage_taken":0,"relics_obtained":["infinitespire:CheckeredPen"],"max_hp_gain":0,"max_hp_loss":0,"event_name":"Big Fish","floor":2,"gold_loss":0,"cards_obtained":["Regret"]},{"damage_healed":0,"gold_gain":0,"player_choice":"Got Potions","damage_taken":0,"max_hp_gain":0,"max_hp_loss":0,"event_name":"Lab","floor":4,"gold_loss":0}],"is_beta":false,"boss_relics":[],"items_purged_floors":[],"is_endless":false,"potions_floor_spawned":[1,3],"killed_by":"Lots of Slimes","ascension_level":7}}