{"host":"66l9dj5oe04umhcx","time":1607469551,"event":{"gold_per_floor":[114,129,149,162,175,200,200,227,227,227,261,261,261,261,261,332,332,347,95,111,111,111,136,148,148,202,218,247,282,282,296,296,374,374,389,1,13,31,56,88,88,113,137,137,157,157,157,170,170,170,170,170,45,80,80],"floor_reached":56,"playtime":3565,"items_purged":["Strike_G","Strike_G","Strike_G"],"score":2120,"play_id":"27f7f3cb-b8f8-4d81-9c47-0b64c594f7a5","local_time":"20201209001911","is_ascension_mode":true,"campfire_choices":[{"floor":7.0,"key":"REST"},{"data":"Envenom","floor":10.0,"key":"SMITH"},{"data":"Calculated Gamble","floor":13.0,"key":"SMITH"},{"data":"Dodge and Roll","floor":15.0,"key":"SMITH"},{"floor":30,"key":"REST"},{"data":"Prepared","floor":32,"key":"SMITH"},{"data":"1","floor":41,"key":"LIFT"},{"data":"2","floor":46,"key":"LIFT"},{"floor":49,"key":"RECALL"},{"data":"3","floor":52,"key":"LIFT"}],"neow_cost":"NONE","seed_source_timestamp":1669701635810800,"circlet_count":0,"master_deck":["AscendersBane","Strike_G","Strike_G","Defend_G","Defend_G","Defend_G","Defend_G","Defend_G","Survivor","Neutralize","Dramatic Entrance","Blade Dance","Dagger Spray","PiercingWail","Envenom+1","Blade Dance","Dodge and Roll+1","Calculated Gamble+1","After Image","Terror","Prepared+1","Blur","Finisher","Acrobatics+1","Endless Agony","Footwork","Leg Sweep+1","Footwork","Malaise","Tactician","Reflex+1","Accuracy","Blur","Noxious Fumes","After Image"],"special_seed":0,"relics":["Ring of the Snake","Snake Skull","Potion Belt","Unceasing Top","Tingsha","Runic Pyramid","Gambling Chip","Meat on the Bone","Toy Ornithopter","Red Mask","Paper Crane","HoveringKite","Tough Bandages","Girya","The Specimen","Centennial Puzzle","Pen Nib","White Beast Statue"],"potions_floor_usage":[29,42,54,55],"damage_taken":[{"damage":0.0,"enemies":"Cultist","floor":1.0,"turns":4.0},{"damage":0.0,"enemies":"2 Louse","floor":2.0,"turns":2.0},{"damage":3.0,"enemies":"Small Slimes","floor":3.0,"turns":2.0},{"damage":1.0,"enemies":"Exordium Thugs","floor":4.0,"turns":4.0},{"damage":0.0,"enemies":"2 Fungi Beasts","floor":5.0,"turns":2.0},{"damage":29.0,"enemies":"3 Sentries","floor":6.0,"turns":7.0},{"damage":15.0,"enemies":"Lagavulin","floor":8.0,"turns":6.0},{"damage":18.0,"enemies":"3 Sentries","floor":11.0,"turns":7.0},{"damage":7.0,"enemies":"Hexaghost","floor":16.0,"turns":6.0},{"damage":2.0,"enemies":"Shell Parasite","floor":18.0,"turns":7.0},{"damage":6.0,"enemies":"2 Thieves","floor":20.0,"turns":4.0},{"damage":39,"enemies":"Book of Stabbing","floor":23,"turns":5},{"damage":2,"enemies":"Centurion and Healer","floor":24,"turns":6},{"damage":0,"enemies":"3 Cultists","floor":27,"turns":3},{"damage":4,"enemies":"Masked Bandits","floor":28,"turns":3},{"damage":13,"enemies":"Slavers","floor":29,"turns":6},{"damage":1,"enemies":"Snecko","floor":31,"turns":6},{"damage":0,"enemies":"Automaton","floor":33,"turns":11},{"damage":0,"enemies":"Orb Walker","floor":35,"turns":4},{"damage":0,"enemies":"3 Shapes","floor":37,"turns":2},{"damage":1,"enemies":"Writhing Mass","floor":38,"turns":8},{"damage":0,"enemies":"Mind Bloom Boss Battle","floor":39,"turns":6},{"damage":0,"enemies":"Giant Head","floor":40,"turns":7},{"damage":0,"enemies":"Reptomancer","floor":42,"turns":6},{"damage":0,"enemies":"Spire Growth","floor":45,"turns":5},{"damage":1,"enemies":"4 Shapes","floor":48,"turns":6},{"damage":4,"enemies":"Awakened One","floor":50,"turns":13},{"damage":40,"enemies":"Shield and Spear","floor":54,"turns":6},{"damage":3,"enemies":"The Heart","floor":55,"turns":11}],"seed_played":"6454984702241394255","potions_obtained":[{"floor":1.0,"key":"PowerPotion"},{"floor":4.0,"key":"DuplicationPotion"},{"floor":11.0,"key":"Explosive Potion"},{"floor":16.0,"key":"Block Potion"},{"floor":24,"key":"FairyPotion"},{"floor":31,"key":"CunningPotion"},{"floor":38,"key":"PowerPotion"},{"floor":40,"key":"Regen Potion"},{"floor":48,"key":"Weak Potion"}],"is_trial":false,"path_per_floor":["M","M","M","M","M","E","R","E","T","R","E","?","R","?","R","B",null,"M","$","M","?","?","E","M","T","T","M","?","E","R","M","R","B",null,"M","$","M","M","?","E","R","E","T","?","M","R","T","M","R","B",null,"R","$","E","B",null],"character_chosen":"THE_SILENT","items_purchased":["Prepared","Blur","Finisher","Tough Bandages"],"campfire_rested":2,"item_purchase_floors":[19,19,19,36],"current_hp_per_floor":[59,59,56,55,55,26,45,30,30,30,12,12,12,17,17,10,56,54,54,48,48,42,3,1,1,1,13,21,25,46,45,45,45,65,65,65,65,64,64,64,64,69,69,69,69,69,69,68,68,64,69,69,69,48,50],"gold":80,"neow_bonus":"RANDOM_COLORLESS","is_prod":false,"is_daily":false,"chose_seed":false,"campfire_upgraded":4,"win_rate":0,"timestamp":1607469551,"path_taken":["M","M","M","M","M","E","R","E","T","R","E","?","R","?","R","BOSS","M","$","M","?","?","E","?","?","T","M","?","E","R","M","R","BOSS","M","$","M","M","?","E","R","E","T","?","M","R","?","M","R","BOSS","R","$","E","BOSS"],"build_version":"2020-11-30","purchased_purges":3,"victory":true,"max_hp_per_floor":[66,66,66,66,66,66,66,66,66,66,66,66,66,71,71,71,71,71,71,71,71,71,71,71,71,71,71,71,71,71,71,71,71,71,71,71,71,71,71,71,71,71,71,71,71,71,71,71,71,71,71,71,71,71,71],"card_choices":[{"not_picked":["Mind Blast","Finesse"],"picked":"Dramatic Entrance","floor":0.0},{"not_picked":["Flying Knee","Acrobatics"],"picked":"Blade Dance","floor":1.0},{"not_picked":["Calculated Gamble","Sucker Punch"],"picked":"Dagger Spray","floor":2.0},{"not_picked":["Masterful Stab","Outmaneuver","Quick Slash"],"picked":"SKIP","floor":3.0},{"not_picked":["Cloak And Dagger","Infinite Blades"],"picked":"PiercingWail","floor":4.0},{"not_picked":["Calculated Gamble","Caltrops"],"picked":"Envenom","floor":5.0},{"not_picked":["Dagger Spray","Flying Knee"],"picked":"Blade Dance","floor":6.0},{"not_picked":["Deflect","Prepared"],"picked":"Dodge and Roll","floor":8.0},{"not_picked":["Grand Finale","Slice"],"picked":"Calculated Gamble","floor":11.0},{"not_picked":["Night Terror","Grand Finale"],"picked":"After Image","floor":16.0},{"not_picked":["Slice","PiercingWail"],"picked":"Terror","floor":18.0},{"not_picked":["Flechettes","Bouncing Flask"],"picked":"Acrobatics+1","floor":20.0},{"not_picked":["Heel Hook","Dagger Throw"],"picked":"Endless Agony","floor":23},{"not_picked":["Prepared","Dagger Throw"],"picked":"Footwork","floor":24},{"not_picked":["Predator","PiercingWail"],"picked":"Leg Sweep+1","floor":27},{"not_picked":["Crippling Poison","Sucker Punch"],"picked":"Footwork","floor":28},{"not_picked":["Deflect+1","Distraction"],"picked":"Malaise","floor":29},{"not_picked":["Underhanded Strike","Deflect"],"picked":"Tactician","floor":31},{"not_picked":["Phantasmal Killer","Glass Knife"],"picked":"Die Die Die","floor":33},{"not_picked":["Masterful Stab+1","Sucker Punch"],"picked":"Reflex+1","floor":35},{"not_picked":["Cloak And Dagger","Flying Knee"],"picked":"Accuracy","floor":37},{"not_picked":["Leg Sweep","Underhanded Strike","Finisher"],"picked":"SKIP","floor":38},{"not_picked":["Poisoned Stab","PiercingWail"],"picked":"Blur","floor":39},{"not_picked":["Unload","Reflex+1","Dagger Throw"],"picked":"SKIP","floor":40},{"not_picked":["Flying Knee","Backflip+1","Skewer"],"picked":"SKIP","floor":42},{"not_picked":["Cloak And Dagger","Flying Knee","Acrobatics"],"picked":"SKIP","floor":45},{"not_picked":["Riddle With Holes+1","Infinite Blades+1"],"picked":"Noxious Fumes","floor":48},{"not_picked":["Caltrops","Bouncing Flask"],"picked":"After Image","floor":54}],"player_experience":2307391,"relics_obtained":[{"floor":6.0,"key":"Snake Skull"},{"floor":8.0,"key":"Potion Belt"},{"floor":9.0,"key":"Unceasing Top"},{"floor":11.0,"key":"Tingsha"},{"floor":23,"key":"Gambling Chip"},{"floor":25,"key":"Meat on the Bone"},{"floor":26,"key":"Toy Ornithopter"},{"floor":28,"key":"Red Mask"},{"floor":29,"key":"Paper Crane"},{"floor":39,"key":"Girya"},{"floor":40,"key":"The Specimen"},{"floor":42,"key":"Centennial Puzzle"},{"floor":47,"key":"Pen Nib"},{"floor":54,"key":"White Beast Statue"}],"event_choices":[{"damage_healed":0.0,"max_hp_gain":0.0,"max_hp_loss":0.0,"gold_gain":0.0,"event_name":"Shining Light","player_choice":"Ignored","floor":12.0,"gold_loss":0.0,"damage_taken":0.0},{"damage_healed":0.0,"max_hp_gain":5.0,"max_hp_loss":0.0,"gold_gain":0.0,"event_name":"Big Fish","player_choice":"Donut","floor":14.0,"gold_loss":0.0,"damage_taken":0.0},{"damage_healed":0.0,"max_hp_gain":0.0,"max_hp_loss":0.0,"gold_gain":0.0,"event_name":"Vampires","player_choice":"Ignored","floor":21.0,"gold_loss":0.0,"damage_taken":0.0},{"damage_healed":0.0,"max_hp_gain":0.0,"max_hp_loss":0.0,"gold_gain":0.0,"event_name":"Knowing Skull","player_choice":"","floor":22.0,"potions_obtained":[],"gold_loss":0.0,"damage_taken":6.0,"cards_obtained":[]},{"damage_healed":0,"gold_gain":0,"player_choice":"Fought Bandits","damage_taken":0,"max_hp_gain":0,"max_hp_loss":0,"event_name":"Masked Bandits","floor":28,"gold_loss":0},{"damage_healed":0,"gold_gain":0,"player_choice":"Fight","damage_taken":0,"max_hp_gain":0,"max_hp_loss":0,"event_name":"MindBloom","floor":39,"gold_loss":0},{"cards_removed":["Die Die Die"],"damage_healed":0,"gold_gain":0,"player_choice":"Removed Attack","damage_taken":0,"max_hp_gain":0,"max_hp_loss":0,"event_name":"Falling","floor":44,"gold_loss":0}],"is_beta":false,"boss_relics":[{"not_picked":["Runic Dome","SacredBark"],"picked":"Runic Pyramid"},{"not_picked":["Philosopher\u0027s Stone","Black Star"],"picked":"HoveringKite"}],"items_purged_floors":[19,36,53],"is_endless":false,"potions_floor_spawned":[1,4,11,16,20,24,31,37,38,40,48],"ascension_level":15}}