{"host":"dpbezu80jg8zk7un","time":1607464303,"event":{"gold_per_floor":[109,126,126,126,126,126,141,141,193,38,38,53,53,203,203,280,280,296,310,326,29,304,304,334,334,359,374,394,414,440,440,440,440,440],"floor_reached":33,"playtime":1142,"items_purged":["Strike_R","Strike_R"],"score":550,"play_id":"784946a6-acc8-4020-9e25-d04b6dfd254b","local_time":"20201209065143","is_ascension_mode":true,"campfire_choices":[{"data":"Flame Barrier","floor":6.0,"key":"SMITH"},{"data":"Disarm","floor":8.0,"key":"SMITH"},{"data":"Fire Breathing","floor":11.0,"key":"SMITH"},{"data":"Power Through","floor":15,"key":"SMITH"},{"data":"True Grit","floor":23,"key":"SMITH"},{"data":"Immolate","floor":25,"key":"SMITH"},{"data":"Bludgeon","floor":32,"key":"SMITH"}],"neow_cost":"NONE","seed_source_timestamp":66399014347300,"circlet_count":0,"master_deck":["AscendersBane","Defend_R","Defend_R","Defend_R","Defend_R","Bash","Flame Barrier+1","Pummel","Disarm+1","Impervious","Immolate+1","Shockwave+1","True Grit+1","Impervious","Shrug It Off","Bludgeon+1","Anger"],"special_seed":0,"relics":["Burning Blood","Magic Flower","Blue Candle","Omamori","Runic Pyramid","TheAbacus","Bag of Preparation","Ancient Tea Set","Lantern"],"potions_floor_usage":[24,33],"damage_taken":[{"damage":4.0,"enemies":"Small Slimes","floor":1.0,"turns":4.0},{"damage":8.0,"enemies":"2 Louse","floor":2.0,"turns":5.0},{"damage":7.0,"enemies":"Cultist","floor":7.0,"turns":5.0},{"damage":0.0,"enemies":"Blue Slaver","floor":12.0,"turns":8.0},{"damage":6,"enemies":"The Guardian","floor":16,"turns":15},{"damage":0,"enemies":"3 Byrds","floor":18,"turns":3},{"damage":19,"enemies":"Shell Parasite","floor":19,"turns":14},{"damage":0,"enemies":"Snake Plant","floor":20,"turns":7},{"damage":14,"enemies":"Slavers","floor":24,"turns":4},{"damage":0,"enemies":"Cultist and Chosen","floor":27,"turns":5},{"damage":0,"enemies":"Chosen and Byrds","floor":28,"turns":6},{"damage":5,"enemies":"Centurion and Healer","floor":29,"turns":5},{"damage":5,"enemies":"Gremlin Leader","floor":30,"turns":8},{"damage":163,"enemies":"Champ","floor":33,"turns":19}],"seed_played":"-8346283101584260960","potions_obtained":[{"floor":2.0,"key":"GamblersBrew"},{"floor":16,"key":"FairyPotion"},{"floor":18,"key":"Explosive Potion"},{"floor":24,"key":"Strength Potion"}],"is_trial":false,"path_per_floor":["M","M","?","?","?","R","M","R","T","$","R","M","?","?","R","B",null,"M","M","M","$","?","R","E","R","T","M","M","M","E","?","R","B"],"character_chosen":"IRONCLAD","items_purchased":["Fire Breathing","True Grit","TheAbacus"],"campfire_rested":0,"item_purchase_floors":[10,21,21],"current_hp_per_floor":[70,68,61,43,43,43,45,45,45,45,45,54,54,54,54,57,71,75,65,74,74,74,74,69,69,69,75,75,75,75,75,75,0,0],"gold":440,"neow_bonus":"TRANSFORM_CARD","is_prod":false,"is_daily":false,"chose_seed":false,"campfire_upgraded":7,"win_rate":0,"timestamp":1607464303,"path_taken":["M","M","?","?","?","R","?","R","T","$","R","M","?","?","R","BOSS","M","M","M","$","?","R","E","R","T","?","M","M","E","?","R","BOSS"],"build_version":"2020-11-30","purchased_purges":2,"victory":false,"max_hp_per_floor":[75,75,75,75,75,75,75,75,75,75,75,75,75,75,75,75,75,75,75,75,75,75,75,75,75,75,75,75,75,75,75,75,75,75],"card_choices":[{"not_picked":["Iron Wave","Havoc"],"picked":"Pummel","floor":1.0},{"not_picked":["Feel No Pain","Anger","Iron Wave"],"picked":"SKIP","floor":2.0},{"not_picked":["Clothesline","Heavy Blade"],"picked":"Disarm","floor":7.0},{"not_picked":["Hemokinesis","Thunderclap"],"picked":"Power Through","floor":12.0},{"not_picked":["Wild Strike","Havoc","Thunderclap"],"picked":"SKIP","floor":18},{"not_picked":["Infernal Blade","Heavy Blade+1"],"picked":"Immolate","floor":19},{"not_picked":["Thunderclap","Carnage"],"picked":"Shockwave+1","floor":20},{"not_picked":["Thunderclap","Iron Wave"],"picked":"Impervious","floor":24},{"not_picked":["Heavy Blade","Sword Boomerang"],"picked":"Shrug It Off","floor":27},{"not_picked":["Shrug It Off","Sword Boomerang","Searing Blow"],"picked":"SKIP","floor":28},{"not_picked":["Thunderclap+1","Pommel Strike","Heavy Blade"],"picked":"SKIP","floor":29},{"not_picked":["Whirlwind","Armaments","Heavy Blade"],"picked":"SKIP","floor":30}],"player_experience":2725607,"relics_obtained":[{"floor":9.0,"key":"Omamori"},{"floor":24,"key":"Bag of Preparation"},{"floor":26,"key":"Ancient Tea Set"},{"floor":30,"key":"Lantern"}],"event_choices":[{"cards_removed":["Strike_R"],"damage_healed":0.0,"max_hp_gain":0.0,"max_hp_loss":0.0,"gold_gain":0.0,"event_name":"Golden Wing","player_choice":"Card Removal","floor":3.0,"gold_loss":0.0,"damage_taken":7.0},{"damage_healed":0.0,"max_hp_gain":0.0,"max_hp_loss":0.0,"gold_gain":0.0,"event_name":"Scrap Ooze","player_choice":"Success","floor":4.0,"gold_loss":0.0,"damage_taken":18.0,"relics_obtained":["Magic Flower"]},{"damage_healed":0.0,"max_hp_gain":0.0,"max_hp_loss":0.0,"gold_gain":0.0,"event_name":"WeMeetAgain","player_choice":"Gave Potion","floor":5.0,"gold_loss":0.0,"damage_taken":0.0,"relics_obtained":["Blue Candle"]},{"damage_healed":0.0,"max_hp_gain":0.0,"max_hp_loss":0.0,"gold_gain":0.0,"cards_transformed":["Strike_R"],"event_name":"Living Wall","player_choice":"Change","floor":13.0,"gold_loss":0.0,"damage_taken":0.0,"cards_obtained":["Impervious"]},{"damage_healed":0,"gold_gain":150,"player_choice":"AGREE","damage_taken":0,"max_hp_gain":0,"max_hp_loss":0,"event_name":"Liars Game","floor":14,"gold_loss":0,"cards_obtained":["Doubt"]},{"damage_healed":0,"gold_gain":275,"player_choice":"Desecrate","damage_taken":0,"max_hp_gain":0,"max_hp_loss":0,"event_name":"Golden Shrine","floor":22,"gold_loss":0,"cards_obtained":["Regret"]},{"damage_healed":0,"gold_gain":0,"cards_transformed":["Power Through","Fire Breathing"],"player_choice":"Became Test Subject","damage_taken":0,"max_hp_gain":0,"max_hp_loss":0,"event_name":"Drug Dealer","floor":31,"gold_loss":0,"cards_obtained":["Bludgeon","Anger"]}],"is_beta":false,"boss_relics":[{"not_picked":["Fusion Hammer","Snecko Eye"],"picked":"Runic Pyramid"}],"items_purged_floors":[10,21],"is_endless":false,"potions_floor_spawned":[2,16,18,24,28,29,30],"killed_by":"Champ","ascension_level":20}}