{"host":"11728qvdvolffudn","time":1607467677,"event":{"gold_per_floor":[111,128,128,203,128,128,128,169,195,195,208,208,184,228,228,353,416,436,452,129,154,169,169,169,169],"floor_reached":24,"playtime":1068,"items_purged":["Strike_R","Strike_R"],"score":229,"play_id":"bdfce68f-01cc-40d6-af87-c0e581a84bea","local_time":"20201208224757","is_ascension_mode":false,"campfire_choices":[{"data":"Flex","floor":6,"key":"SMITH"},{"floor":10,"key":"REST"},{"data":"Infernal Blade","floor":15,"key":"SMITH"},{"floor":23,"key":"REST"}],"neow_cost":"NONE","seed_source_timestamp":108942903275900,"circlet_count":0,"master_deck":["Strike_R","Strike_R+1","Defend_R","Defend_R","Defend_R","Defend_R","Bash","Limit Break+1","Flex+1","Flex","Flex","Cleave","Flex","Infernal Blade+1","Twin Strike","Pummel"],"relics":["Burning Blood","Golden Idol","MealTicket","Blood Vial","Juzu Bracelet","Tiny House","Chemical X"],"potions_floor_usage":[8,16,19,24,24],"damage_taken":[{"damage":6,"enemies":"2 Louse","floor":1,"turns":2},{"damage":5,"enemies":"Small Slimes","floor":2,"turns":3},{"damage":30,"enemies":"3 Sentries","floor":8,"turns":8},{"damage":0,"enemies":"Cultist","floor":11,"turns":2},{"damage":36,"enemies":"Gremlin Nob","floor":14,"turns":4},{"damage":18,"enemies":"Hexaghost","floor":16,"turns":7},{"damage":14,"enemies":"Chosen","floor":18,"turns":5},{"damage":26,"enemies":"Spheric Guardian","floor":19,"turns":5},{"damage":48,"enemies":"Snake Plant","floor":21,"turns":5},{"damage":30,"enemies":"3 Cultists","floor":22,"turns":5},{"damage":42,"enemies":"Book of Stabbing","floor":24,"turns":4}],"seed_played":"-1004838761547418596","potions_obtained":[{"floor":2,"key":"PowerPotion"},{"floor":8,"key":"SteroidPotion"},{"floor":17,"key":"EssenceOfSteel"},{"floor":18,"key":"ElixirPotion"},{"floor":22,"key":"CultistPotion"}],"is_trial":false,"path_per_floor":["M","M","?","?","$","R","?","E","T","R","M","?","$","E","R","B",null,"M","M","$","M","M","R","E"],"character_chosen":"IRONCLAD","items_purchased":["Flex","Chemical X","Pummel"],"campfire_rested":2,"item_purchase_floors":[13,20,20],"current_hp_per_floor":[80,80,80,69,69,69,49,25,25,49,57,50,65,37,37,27,85,77,59,74,34,12,37,0,0],"gold":169,"neow_bonus":"ONE_RANDOM_RARE_CARD","is_prod":false,"is_daily":false,"chose_seed":false,"campfire_upgraded":2,"win_rate":0,"timestamp":1607467677,"path_taken":["M","M","?","?","$","R","?","E","T","R","M","?","$","E","R","BOSS","M","M","$","M","M","R","E"],"build_version":"2020-11-30","purchased_purges":2,"victory":false,"max_hp_per_floor":[80,80,80,80,80,80,80,80,80,80,80,80,80,80,80,80,85,85,85,85,85,85,85,85,85],"relic_stats":{"Blood Vial":14,"counters":[11,50],"Golden Idol":73,"MealTicket":30,"Juzu Bracelet":0,"Chemical X":[1],"obtain_stats":[{"Blood Vial":9,"Tiny House":17,"Golden Idol":7,"MealTicket":8,"Juzu Bracelet":14,"Chemical X":20,"Burning Blood":0},{"Blood Vial":3,"Tiny House":6,"Golden Idol":2,"MealTicket":3,"Juzu Bracelet":5,"Chemical X":8,"Burning Blood":0},{"Blood Vial":13,"Tiny House":26,"Golden Idol":5,"MealTicket":13,"Juzu Bracelet":19,"Chemical X":36,"Burning Blood":0}],"Burning Blood":59},"card_choices":[{"not_picked":["True Grit","Blood for Blood"],"picked":"Flex","floor":1},{"not_picked":["Warcry","Dropkick"],"picked":"Flex","floor":2},{"not_picked":["Battle Trance","Ghostly Armor"],"picked":"Flex","floor":8},{"not_picked":["Inflame","Warcry"],"picked":"Cleave","floor":11},{"not_picked":["Thunderclap","Reckless Charge"],"picked":"Infernal Blade","floor":14},{"not_picked":["Flame Barrier","Armaments"],"picked":"Twin Strike","floor":18},{"not_picked":["Heavy Blade","Havoc+1","Perfected Strike+1"],"picked":"SKIP","floor":19},{"not_picked":["Anger","Entrench","Evolve+1"],"picked":"SKIP","floor":21},{"not_picked":["Fire Breathing","Intimidate","Thunderclap"],"picked":"SKIP","floor":22}],"player_experience":109371,"relics_obtained":[{"floor":8,"key":"MealTicket"},{"floor":9,"key":"Blood Vial"},{"floor":14,"key":"Juzu Bracelet"}],"event_choices":[{"damage_healed":0,"gold_gain":0,"player_choice":"Grow","damage_taken":0,"max_hp_gain":0,"max_hp_loss":0,"event_name":"Living Wall","floor":3,"gold_loss":0,"cards_upgraded":["Limit Break"]},{"damage_healed":0,"gold_gain":75,"player_choice":"Gather Gold","damage_taken":11,"max_hp_gain":0,"max_hp_loss":0,"event_name":"World of Goop","floor":4,"gold_loss":0},{"damage_healed":0,"gold_gain":0,"player_choice":"Take Damage","damage_taken":20,"relics_obtained":["Golden Idol"],"max_hp_gain":0,"max_hp_loss":0,"event_name":"Golden Idol","floor":7,"gold_loss":0},{"cards_removed":["Strike_R"],"damage_healed":0,"gold_gain":0,"player_choice":"Card Removal","damage_taken":7,"max_hp_gain":0,"max_hp_loss":0,"event_name":"Golden Wing","floor":12,"gold_loss":0}],"is_beta":false,"boss_relics":[{"not_picked":["Busted Crown","Empty Cage"],"picked":"Tiny House"}],"items_purged_floors":[5,20],"is_endless":false,"potions_floor_spawned":[2,8,18,22],"killed_by":"Book of Stabbing","ascension_level":0}}