{"host":"k6w1k0xtzejbq5ja","time":1607471256,"event":{"gold_per_floor":[15,29,29,80,99,99,116,146,169,189,189,221,236,249,249,249,249],"floor_reached":16,"playtime":2459,"items_purged":[],"score":120,"play_id":"6ac95d15-0a11-4ed6-a862-884b4c6f70c8","local_time":"20201208184736","is_ascension_mode":true,"campfire_choices":[{"data":"Dualcast","floor":6,"key":"SMITH"},{"data":"Redo","floor":15,"key":"SMITH"}],"neow_cost":"NO_GOLD","seed_source_timestamp":13613896425900,"circlet_count":0,"master_deck":["Strike_B","Strike_B","Defend_B","Defend_B","Defend_B","Zap","Dualcast+1","Cold Snap","Reinforced Body","Glacier","Consume","Redo+1","Sweeping Beam","Hologram"],"relics":["Cracked Core","Pen Nib","Orichalcum","MealTicket","Vajra"],"potions_floor_usage":[8,8],"damage_taken":[{"damage":1,"enemies":"Cultist","floor":1,"turns":3},{"damage":3,"enemies":"Small Slimes","floor":2,"turns":3},{"damage":0,"enemies":"2 Louse","floor":5,"turns":2},{"damage":0,"enemies":"Looter","floor":7,"turns":3},{"damage":6,"enemies":"Lagavulin","floor":8,"turns":7},{"damage":3,"enemies":"3 Louse","floor":10,"turns":5},{"damage":14,"enemies":"Gremlin Nob","floor":12,"turns":5},{"damage":1,"enemies":"Large Slime","floor":13,"turns":4},{"damage":0,"enemies":"2 Fungi Beasts","floor":14,"turns":4},{"damage":47,"enemies":"The Guardian","floor":16,"turns":9}],"seed_played":"-5535696681540601148","potions_obtained":[{"floor":2,"key":"ColorlessPotion"},{"floor":7,"key":"PotionOfCapacity"},{"floor":12,"key":"Ancient Potion"},{"floor":14,"key":"Strength Potion"}],"is_trial":false,"path_per_floor":["M","M","$","T","M","R","M","E","T","M","?","E","M","M","R","B"],"character_chosen":"DEFECT","items_purchased":[],"campfire_rested":0,"item_purchase_floors":[],"current_hp_per_floor":[74,71,71,71,71,71,71,65,65,62,55,41,40,40,40,0,0],"gold":249,"neow_bonus":"REMOVE_TWO","is_prod":false,"is_daily":false,"chose_seed":false,"campfire_upgraded":2,"win_rate":0,"timestamp":1607471256,"path_taken":["M","M","?","?","M","R","M","E","T","M","?","E","M","M","R","BOSS"],"build_version":"2020-11-30","purchased_purges":0,"victory":false,"max_hp_per_floor":[75,75,75,75,75,75,75,75,75,75,75,75,75,75,75,75,75],"relic_stats":{"counters":[10,45],"MealTicket":0,"Pen Nib":[3],"Orichalcum":[12],"obtain_stats":[{"Vajra":12,"MealTicket":9,"Pen Nib":4,"Orichalcum":8,"Cracked Core":0},{"Vajra":7,"MealTicket":5,"Pen Nib":2,"Orichalcum":5,"Cracked Core":0},{"Vajra":28,"MealTicket":18,"Pen Nib":6,"Orichalcum":18,"Cracked Core":0}]},"card_choices":[{"not_picked":["Steam","Rebound"],"picked":"Cold Snap","floor":1},{"not_picked":["Aggregate","Steam"],"picked":"Reinforced Body","floor":2},{"not_picked":["Rip and Tear","Steam"],"picked":"Glacier","floor":5},{"not_picked":["Hologram","Compile Driver"],"picked":"Consume","floor":7},{"not_picked":["Beam Cell","Recycle","Heatsinks"],"picked":"SKIP","floor":8},{"not_picked":["Turbo","Rebound"],"picked":"Redo","floor":10},{"not_picked":["Darkness","Gash"],"picked":"Sweeping Beam","floor":12},{"not_picked":["Stack","Rip and Tear"],"picked":"Hologram","floor":13},{"not_picked":["Aggregate","Leap","Cold Snap"],"picked":"SKIP","floor":14}],"player_experience":346894,"relics_obtained":[{"floor":4,"key":"Pen Nib"},{"floor":8,"key":"Orichalcum"},{"floor":9,"key":"MealTicket"},{"floor":12,"key":"Vajra"}],"event_choices":[{"cards_removed":["Defend_B"],"damage_healed":0,"gold_gain":0,"player_choice":"Card Removal","damage_taken":7,"max_hp_gain":0,"max_hp_loss":0,"event_name":"Golden Wing","floor":11,"gold_loss":0}],"is_beta":false,"boss_relics":[],"items_purged_floors":[],"is_endless":false,"potions_floor_spawned":[2,7,12,14],"killed_by":"The Guardian","ascension_level":1}}