{"host":"33tdiii64sqff79a","time":1607471045,"event":{"gold_per_floor":[114,39,52,127,107,132,132,167,192,192,217,263,279,308,308,406,406,425,194,214,60,71,102,133,146,146],"floor_reached":25,"playtime":2341,"items_purged":["Strike_B"],"score":324,"play_id":"9b72f845-f949-4781-8fb4-1c9965ed31c4","local_time":"20201208234405","daily_mods":["Diverse","Heirloom","DeadlyEvents","Elite Swarm"],"is_ascension_mode":true,"campfire_choices":[{"floor":7,"key":"REST"},{"floor":10,"key":"REST"},{"floor":15,"key":"REST"}],"neow_cost":"","seed_source_timestamp":0,"circlet_count":0,"master_deck":["Strike_B","Strike_B","Strike_B","Defend_B","Defend_B","Defend_B","Defend_B","Zap","Dualcast","Runesmith:BackupBattery","PathToVictory","Omniscience","Creative AI","Creative AI","Devotion","Glacier","Runesmith:FissionHammer","Runesmith:ChiselStab","Riddle With Holes","Cloak And Dagger","Adrenaline","Thunderclap"],"relics":["Cracked Core","halation:BlackBeret","Bag of Preparation","halation:PrussianBluePaint","halation:AfternoonTea","halation:Trompette","Dota2Spire:UrnOfShadows","conspire:GiftBox","aspiration:WatcherSkillbook","trackpad:CultistFigurine","Toy Ornithopter","vexMod:ConsolationPrize"],"potions_floor_usage":[6,8,12,22,22,23,24,25],"damage_taken":[{"damage":2,"enemies":"2 Louse","floor":1,"turns":2},{"damage":3,"enemies":"Jaw Worm","floor":3,"turns":5},{"damage":21,"enemies":"Lagavulin","floor":6,"turns":6},{"damage":25,"enemies":"Gremlin Nob","floor":8,"turns":4},{"damage":58,"enemies":"3 Sentries","floor":11,"turns":10},{"damage":2,"enemies":"Gremlin Nob","floor":12,"turns":4},{"damage":6,"enemies":"Cultist","floor":13,"turns":5},{"damage":0,"enemies":"Lagavulin","floor":14,"turns":6},{"damage":45,"enemies":"Hexaghost","floor":16,"turns":12},{"damage":18,"enemies":"Chosen","floor":18,"turns":8},{"damage":35,"enemies":"3 Byrds","floor":20,"turns":6},{"damage":20,"enemies":"Snake Plant","floor":22,"turns":6},{"damage":23,"enemies":"conspire:SneckoGhost","floor":23,"turns":8},{"damage":16,"enemies":"Centurion and Healer","floor":24,"turns":6},{"damage":28,"enemies":"Gremlin Leader","floor":25,"turns":6}],"seed_played":"273463132601507935","potions_obtained":[{"floor":5,"key":"Dota2Spire:HealingSalve"},{"floor":6,"key":"DistilledChaos"},{"floor":11,"key":"ColorlessPotion"},{"floor":14,"key":"FocusPotion"},{"floor":16,"key":"Dota2Spire:Clarity"},{"floor":20,"key":"SpeedPotion"},{"floor":22,"key":"BlessingOfTheForge"},{"floor":24,"key":"Block Potion"}],"is_trial":true,"path_per_floor":["M","$","M","?","?","E","R","E","T","R","E","E","M","E","R","B",null,"M","$","M","$","M","E","M","E"],"character_chosen":"DEFECT","items_purchased":["Riddle With Holes","trackpad:CultistFigurine","Toy Ornithopter"],"campfire_rested":3,"item_purchase_floors":[19,19,21],"current_hp_per_floor":[73,73,70,59,59,47,69,44,44,66,23,21,15,15,37,13,75,57,57,22,22,12,6,7,0,0],"gold":146,"neow_bonus":"","is_prod":false,"is_daily":false,"chose_seed":false,"campfire_upgraded":0,"win_rate":0,"timestamp":1607471045,"path_taken":["M","$","M","?","?","E","R","?","T","R","E","?","M","E","R","BOSS","M","$","M","$","M","E","M","E"],"build_version":"2020-11-30","purchased_purges":1,"victory":false,"max_hp_per_floor":[75,75,75,75,75,75,75,75,75,75,75,75,75,75,75,75,75,75,75,75,75,75,75,75,75,75],"card_choices":[{"not_picked":["Heavy Blade","Masterful Stab"],"picked":"Runesmith:BackupBattery","floor":1},{"not_picked":["Dagger Spray","Crescendo"],"picked":"PathToVictory","floor":3},{"not_picked":["Rainbow","Impervious"],"picked":"Omniscience","floor":6},{"not_picked":["Runesmith:LightningRod","Runesmith:GenerateForcefield"],"picked":"Creative AI","floor":8},{"not_picked":["Machine Learning","Tools of the Trade"],"picked":"Creative AI","floor":11},{"not_picked":["Establishment","Runesmith:CraftMedicinae"],"picked":"Devotion","floor":12},{"not_picked":["Meditate","Tactician"],"picked":"Glacier","floor":13},{"not_picked":["Establishment","Blasphemy"],"picked":"Runesmith:FissionHammer","floor":14},{"not_picked":["Skim+1","Beam Cell","Runesmith:Grindstone"],"picked":"Runesmith:ChiselStab","floor":18},{"not_picked":["Dagger Throw+1","Runesmith:HammerThrow","Protect"],"picked":"Cloak And Dagger","floor":20},{"not_picked":["Anger","Runesmith:NanitesCloud","Deadly Poison","Runesmith:CraftMagma"],"picked":"SKIP","floor":22},{"not_picked":["Alpha","Runesmith:ArcReactor","Runesmith:CreatorForm"],"picked":"Adrenaline","floor":23},{"not_picked":["BowlingBash+1","Warcry","Coolheaded+1"],"picked":"Thunderclap","floor":24}],"player_experience":749339,"relics_obtained":[{"floor":6,"key":"Bag of Preparation"},{"floor":8,"key":"halation:PrussianBluePaint"},{"floor":9,"key":"halation:AfternoonTea"},{"floor":11,"key":"halation:Trompette"},{"floor":12,"key":"Dota2Spire:UrnOfShadows"},{"floor":14,"key":"conspire:GiftBox"},{"floor":23,"key":"vexMod:ConsolationPrize"}],"event_choices":[{"damage_healed":0,"gold_gain":75,"player_choice":"Gather Gold","damage_taken":11,"max_hp_gain":0,"max_hp_loss":0,"event_name":"World of Goop","floor":4,"gold_loss":0},{"damage_healed":0,"gold_gain":0,"player_choice":"Bought 1 Potion","damage_taken":0,"max_hp_gain":0,"max_hp_loss":0,"event_name":"The Woman in Blue","floor":5,"gold_loss":0}],"is_beta":false,"boss_relics":[{"not_picked":["Runesmith:UraniumAnvil","halation:ForbiddenBikini"],"picked":"aspiration:WatcherSkillbook"}],"items_purged_floors":[2],"is_endless":false,"potions_floor_spawned":[6,11,14,16,20,22,24],"killed_by":"Gremlin Leader","ascension_level":1}}