{"host":"4qkvkh7pd9qr2mca","time":1610724462,"event":{"mods":["AchievementEnabler","Act Like it!","BaseMod","Colored Map","Colored Powertips","Highlight Path","Minty Spire (QoL Compilation)","Pale of the Ancients","Permanent Neow","Quick Restart","Relic Stats","StSLib","SuperFastMode"],"gold_per_floor":[116,116,133,143,42,42,42,42,42],"floor_reached":8,"language":"ENG","playtime":218,"items_purged":[],"score":92,"play_id":"8026cf7a-a5fa-497e-b405-26f5604ac1e1","local_time":"20210115162742","is_ascension_mode":true,"campfire_choices":[{"data":"Footwork","floor":6,"key":"SMITH"}],"circlet_count":0,"master_deck":["AscendersBane","Strike_G","Strike_G","Strike_G","Strike_G","Strike_G","Defend_G","Defend_G","Defend_G","Defend_G","Defend_G","Survivor","Neutralize","Burst","Endless Agony","Calculated Gamble","Terror","Footwork+1","Backflip","Noxious Fumes"],"relics":["Ring of the Snake"],"acts_visited":["Exordium"],"potions_floor_usage":[],"damage_taken":[{"damage":0.0,"enemies":"Jaw Worm","floor":1.0,"turns":7.0},{"damage":0.0,"enemies":"Cultist","floor":3.0,"turns":4.0},{"damage":7,"enemies":"Small Slimes","floor":4,"turns":5},{"damage":60,"enemies":"Gremlin Nob","floor":8,"turns":4}],"seed_played":"-3322934041690001790","potions_obtained":[],"is_trial":false,"path_per_floor":["M","$","M","M","$","R","?","E"],"character_chosen":"THE_SILENT","items_purchased":["Footwork","Backflip"],"campfire_rested":0,"item_purchase_floors":[5,5],"current_hp_per_floor":[59,59,59,52,52,52,52,0,0],"gold":42,"neow_bonus":"THREE_RARE_CARDS","is_daily":false,"chose_seed":false,"campfire_upgraded":1,"win_rate":0.0,"timestamp":1610724462,"path_taken":["M","$","M","M","$","R","?","E"],"items_purchased_type":["Card","Card"],"build_version":"2020-12-22","purchased_purges":0,"victory":false,"max_hp_per_floor":[60,60,60,60,60,60,60,60,60],"relic_stats":{"counters":[4,20],"obtain_stats":[{"Ring of the Snake":0},{"Ring of the Snake":0},{"Ring of the Snake":0}],"Ring of the Snake":[8]},"card_choices":[{"not_picked":["A Thousand Cuts","Malaise"],"picked":"Burst","floor":0.0},{"not_picked":["Quick Slash","Tactician"],"picked":"Endless Agony","floor":1.0},{"not_picked":["Choke","Eviscerate"],"picked":"Calculated Gamble","floor":3.0},{"not_picked":["Dagger Spray","PiercingWail"],"picked":"Terror","floor":4}],"player_experience":558926,"relics_obtained":[],"event_choices":[{"damage_healed":0,"gold_gain":0,"player_choice":"1 cards matched","damage_taken":0,"max_hp_gain":0,"max_hp_loss":0,"event_name":"Match and Keep!","floor":7,"gold_loss":0,"cards_obtained":["Noxious Fumes"]}],"is_beta":false,"boss_relics":[],"items_purged_floors":[],"is_endless":false,"potions_floor_spawned":[],"killed_by":"Gremlin Nob","ascension_level":20}}