{"host":"7zdktqb5xjtif29d","time":1610744773,"event":{"mods":["AchievementEnabler","BaseMod","Colored Map","Colored Powertips","Highlight Path","Minty Spire (QoL Compilation)","Rare Cards Sparkle","SuperFastMode","Waifu the Spire","everything is the same but u backflip on backflip"],"gold_per_floor":[117,117,192,215,290,290,325,345,372,387,418,432,432,472,472,591,591,615,262,276,191,116,147,147,191,191,234,359,398,419,434,434,554,554,569,569,569,341,356,356,400,420,420,420,453,17,30,43,43,43],"floor_reached":51,"language":"ENG","playtime":3869,"items_purged":["Strike_B","Strike_B","Strike_B","Fission"],"score":943,"play_id":"9ad3e6f8-fb21-44cd-b86e-f58a537c82a8","local_time":"20210115210613","is_ascension_mode":true,"campfire_choices":[{"data":"Zap","floor":6.0,"key":"SMITH"},{"floor":13.0,"key":"REST"},{"floor":15.0,"key":"REST"},{"data":"Rainbow","floor":24.0,"key":"SMITH"},{"floor":32.0,"key":"REST"},{"data":"Dualcast","floor":40.0,"key":"SMITH"},{"data":"Loop","floor":44.0,"key":"SMITH"},{"floor":49.0,"key":"REST"}],"circlet_count":0,"master_deck":["Defend_B","Defend_B","Defend_B+1","Defend_B+1","Zap+1","Dualcast+1","Conserve Battery","Rainbow+1","CurseOfTheBell","Conserve Battery","Loop+1","BootSequence+1","Leap+1","Melter","Hello World+1","Melter","Conserve Battery","Loop","Conserve Battery+1","Loop","Leap","Hello World+1","BootSequence+1"],"relics":["Cracked Core","Golden Idol","Anchor","PreservedInsect","Oddly Smooth Stone","Smiling Mask","Calling Bell","War Paint","Mercury Hourglass","WingedGreaves","Ice Cream","Vajra","Incense Burner","Blood Vial","Emotion Chip","Calipers","Bottled Lightning","HornCleat","Philosopher\u0027s Stone","Pen Nib","Toy Ornithopter","Dead Branch","Shuriken","Bag of Marbles","DollysMirror"],"acts_visited":["Exordium","TheCity","TheBeyond"],"potions_floor_usage":[50,50],"damage_taken":[{"damage":6.0,"enemies":"2 Louse","floor":1.0,"turns":2.0},{"damage":1.0,"enemies":"Cultist","floor":4.0,"turns":4.0},{"damage":30.0,"enemies":"Lagavulin","floor":7.0,"turns":7.0},{"damage":2.0,"enemies":"Small Slimes","floor":8.0,"turns":3.0},{"damage":0.0,"enemies":"2 Fungi Beasts","floor":10.0,"turns":3.0},{"damage":8.0,"enemies":"Gremlin Nob","floor":11.0,"turns":3.0},{"damage":2.0,"enemies":"Blue Slaver","floor":12.0,"turns":4.0},{"damage":7.0,"enemies":"3 Sentries","floor":14.0,"turns":6.0},{"damage":41.0,"enemies":"Slime Boss","floor":16.0,"turns":15.0},{"damage":18.0,"enemies":"Spheric Guardian","floor":18.0,"turns":6.0},{"damage":0.0,"enemies":"Chosen","floor":20.0,"turns":6.0},{"damage":7.0,"enemies":"Book of Stabbing","floor":23.0,"turns":6.0},{"damage":8.0,"enemies":"Slavers","floor":25.0,"turns":6.0},{"damage":0.0,"enemies":"Book of Stabbing","floor":27.0,"turns":4.0},{"damage":0.0,"enemies":"Colosseum Slavers","floor":28.0,"turns":5.0},{"damage":15.0,"enemies":"Colosseum Nobs","floor":28.0,"turns":6.0},{"damage":5.0,"enemies":"Slavers","floor":29.0,"turns":5.0},{"damage":0.0,"enemies":"Snake Plant","floor":30.0,"turns":4.0},{"damage":0.0,"enemies":"Centurion and Healer","floor":31.0,"turns":7.0},{"damage":24.0,"enemies":"Champ","floor":33.0,"turns":15.0},{"damage":7.0,"enemies":"Orb Walker","floor":35.0,"turns":5.0},{"damage":0.0,"enemies":"3 Shapes","floor":39.0,"turns":5.0},{"damage":17.0,"enemies":"Giant Head","floor":41.0,"turns":8.0},{"damage":0.0,"enemies":"Jaw Worm Horde","floor":42.0,"turns":7.0},{"damage":34.0,"enemies":"Reptomancer","floor":45.0,"turns":7.0},{"damage":0.0,"enemies":"Transient","floor":47.0,"turns":5.0},{"damage":0.0,"enemies":"Maw","floor":48.0,"turns":7.0},{"damage":36,"enemies":"Awakened One","floor":50,"turns":17}],"seed_played":"6504195206955522771","potions_obtained":[{"floor":1.0,"key":"PowerPotion"},{"floor":7.0,"key":"FearPotion"},{"floor":12.0,"key":"Weak Potion"},{"floor":14.0,"key":"Ancient Potion"},{"floor":23.0,"key":"SkillPotion"},{"floor":27.0,"key":"FearPotion"},{"floor":31.0,"key":"DistilledChaos"},{"floor":41.0,"key":"SneckoOil"},{"floor":42.0,"key":"GamblersBrew"},{"floor":47.0,"key":"Fire Potion"}],"is_trial":false,"path_per_floor":["M","?","?","M","?","R","E","M","T","M","E","M","R","E","R","B",null,"M","$","M","$","?","E","R","E","T","E","?","E","M","M","R","B",null,"M","?","?","$","M","R","E","M","T","R","E","$","M","M","R","B",null],"character_chosen":"DEFECT","items_purchased":["Ice Cream","Loop","Conserve Battery","Pen Nib","Loop","Bag of Marbles","Leap","DollysMirror"],"campfire_rested":4,"item_purchase_floors":[19,21,38,38,46,46,46,46],"current_hp_per_floor":[76,76,65,64,57,57,27,25,25,25,17,15,37,30,52,11,76,58,58,58,58,58,51,51,43,43,45,34,31,33,35,57,35,76,69,69,69,69,71,71,55,57,57,57,25,25,27,29,50,26],"gold":43,"neow_bonus":"TEN_PERCENT_HP_BONUS","is_daily":false,"chose_seed":false,"campfire_upgraded":4,"win_rate":0.0,"timestamp":1610744773,"path_taken":["M","?","?","M","?","R","E","M","T","M","E","?","R","E","R","BOSS","M","$","M","$","?","E","R","E","T","E","?","E","M","M","R","BOSS","M","?","?","?","M","R","E","M","T","R","E","$","M","M","R","BOSS"],"items_purchased_type":["Relic","Card","Card","Relic","Card","Relic","Card","Relic"],"build_version":"2020-12-22","purchased_purges":4,"victory":true,"max_hp_per_floor":[82,76,76,76,76,76,76,76,76,76,76,76,76,76,76,76,76,76,76,76,76,76,76,76,76,76,76,76,76,76,76,76,76,76,76,76,72,72,72,72,72,72,72,72,72,72,72,72,72,72],"card_choices":[{"not_picked":["Sunder","Darkness","Scrape"],"picked":"SKIP","floor":1.0},{"not_picked":["Cold Snap","Hologram","Turbo"],"picked":"SKIP","floor":4.0},{"not_picked":["Loop","Stack","Sweeping Beam"],"picked":"SKIP","floor":7.0},{"not_picked":["Sweeping Beam","Leap","Turbo"],"picked":"SKIP","floor":8.0},{"not_picked":["Aggregate","Skim","Compile Driver"],"picked":"SKIP","floor":10.0},{"not_picked":["Seek","Reinforced Body","Storm"],"picked":"SKIP","floor":11.0},{"not_picked":["White Noise","Compile Driver"],"picked":"Conserve Battery","floor":12.0},{"not_picked":["Storm","Meteor Strike","Rebound"],"picked":"SKIP","floor":14.0},{"not_picked":["Core Surge","Amplify"],"picked":"Rainbow","floor":16.0},{"not_picked":["Meteor Strike","Reinforced Body","Barrage"],"picked":"SKIP","floor":18.0},{"not_picked":["Hologram","Rip and Tear"],"picked":"Conserve Battery","floor":20.0},{"not_picked":["Double Energy","Beam Cell"],"picked":"BootSequence+1","floor":23.0},{"not_picked":["Hyperbeam","Double Energy"],"picked":"Leap+1","floor":25.0},{"not_picked":["Undo","Skim+1","Beam Cell+1"],"picked":"SKIP","floor":27.0},{"not_picked":["Doom and Gloom+1","Turbo+1"],"picked":"Melter","floor":28.0},{"not_picked":["Glacier","Stack","Barrage+1"],"picked":"SKIP","floor":29.0},{"not_picked":["Cold Snap+1","Coolheaded"],"picked":"Hello World+1","floor":30.0},{"not_picked":["Force Field","Self Repair"],"picked":"Melter","floor":31.0},{"not_picked":["Thunder Strike","Seek"],"picked":"Fission","floor":33.0},{"not_picked":["Undo+1","Static Discharge+1","Compile Driver"],"picked":"SKIP","floor":35.0},{"not_picked":["Gash","Coolheaded","Tempest"],"picked":"SKIP","floor":39.0},{"not_picked":["All For One","Storm+1","Coolheaded+1"],"picked":"SKIP","floor":41.0},{"not_picked":["BootSequence","Double Energy+1"],"picked":"Loop","floor":42.0},{"not_picked":["Ball Lightning+1","Static Discharge+1"],"picked":"Conserve Battery+1","floor":45.0},{"not_picked":["FTL","Streamline"],"picked":"BootSequence+1","floor":47.0},{"not_picked":["Chaos+1","Lockon","Hologram+1"],"picked":"SKIP","floor":48.0}],"player_experience":216930,"relics_obtained":[{"floor":7.0,"key":"Anchor"},{"floor":9.0,"key":"PreservedInsect"},{"floor":11.0,"key":"Oddly Smooth Stone"},{"floor":14.0,"key":"Smiling Mask"},{"floor":17.0,"key":"War Paint"},{"floor":17.0,"key":"Mercury Hourglass"},{"floor":17.0,"key":"WingedGreaves"},{"floor":23.0,"key":"Vajra"},{"floor":25.0,"key":"Incense Burner"},{"floor":26.0,"key":"Blood Vial"},{"floor":27.0,"key":"Emotion Chip"},{"floor":28.0,"key":"Calipers"},{"floor":28.0,"key":"Bottled Lightning"},{"floor":29.0,"key":"HornCleat"},{"floor":41.0,"key":"Toy Ornithopter"},{"floor":43.0,"key":"Dead Branch"},{"floor":45.0,"key":"Shuriken"}],"event_choices":[{"damage_healed":0.0,"max_hp_gain":0.0,"max_hp_loss":6.0,"gold_gain":0.0,"event_name":"Golden Idol","player_choice":"Lose Max HP","floor":2.0,"gold_loss":0.0,"damage_taken":0.0,"relics_obtained":["Golden Idol"]},{"damage_healed":0.0,"max_hp_gain":0.0,"max_hp_loss":0.0,"gold_gain":75.0,"event_name":"World of Goop","player_choice":"Gather Gold","floor":3.0,"gold_loss":0.0,"damage_taken":11.0},{"damage_healed":0.0,"max_hp_gain":0.0,"max_hp_loss":0.0,"gold_gain":75.0,"event_name":"FaceTrader","player_choice":"Touch","floor":5.0,"gold_loss":0.0,"damage_taken":7.0},{"cards_removed":["Strike_B"],"damage_healed":0.0,"max_hp_gain":0.0,"max_hp_loss":0.0,"gold_gain":0.0,"event_name":"Beggar","player_choice":"Gave Gold","floor":22.0,"gold_loss":75.0,"damage_taken":0.0},{"damage_healed":0.0,"max_hp_gain":0.0,"max_hp_loss":0.0,"gold_gain":0.0,"event_name":"Colosseum","player_choice":"Fight","floor":28.0,"gold_loss":0.0,"damage_taken":0.0},{"damage_healed":0.0,"max_hp_gain":0.0,"max_hp_loss":0.0,"gold_gain":0.0,"event_name":"Colosseum","player_choice":"Fought Nobs","floor":28.0,"gold_loss":0.0,"damage_taken":0.0},{"damage_healed":0.0,"max_hp_gain":0.0,"max_hp_loss":0.0,"gold_gain":0.0,"event_name":"Tomb of Lord Red Mask","player_choice":"Ignored","floor":36.0,"gold_loss":0.0,"damage_taken":0.0},{"damage_healed":0.0,"max_hp_gain":0.0,"max_hp_loss":4.0,"gold_gain":0.0,"event_name":"Winding Halls","player_choice":"Max HP","floor":37.0,"gold_loss":0.0,"damage_taken":0.0}],"is_beta":false,"boss_relics":[{"not_picked":["Tiny House","FrozenCore"],"picked":"Calling Bell"},{"not_picked":["Snecko Eye","Cursed Key"],"picked":"Philosopher\u0027s Stone"}],"items_purged_floors":[19,21,38,46],"is_endless":false,"potions_floor_spawned":[1,7,12,14,23,27,28,31,41,42,47],"ascension_level":1}}