{"host":"d40xu1tklzkpvzv9","time":1610720038,"event":{"mods":["Aspiration","BaseMod","BetterRewards","Colored Map","Colored Powertips","Conspire","Custom Start","DeckTracker","Downfall","Highlight Path","Hubris","Infinite Spire","Mimic Mod","Minty Spire (QoL Compilation)","Quick Restart","Replay The Spire","StSLib","SuperFastMode"],"gold_per_floor":[119,119,119,137,149,149,149,169,205,205,236,236,255,281,281,380,380,393,393,393,403,421,439,451,475,475,504,548,548,558,558,657,657,674,674,684,684,684,684,709,384,384,384,410,410,410,410],"floor_reached":51,"language":"ENG","playtime":2266,"items_purged":["Strike_R","Defend_R"],"score":876,"play_id":"d64cbe75-16d2-4033-bc99-2f8bba212f55","local_time":"20210115151358","is_ascension_mode":false,"campfire_choices":[{"data":"Feed","floor":6,"key":"SMITH"},{"floor":15,"key":"DIG"},{"data":"Hemogenesis","floor":32,"key":"SMITH"},{"data":"Alpha","floor":40,"key":"SMITH"},{"data":"Barricade","floor":42,"key":"SMITH"},{"data":"Armaments","floor":45,"key":"SMITH"}],"circlet_count":0,"master_deck":["Defend_R","Defend_R","Bash","Feed+1","Offering","Armaments+1","Combust","Bloodletting","Disarm","All Out Attack","Draining Mist+1","Heel Hook","Flex","Feed","Barricade+1","Shrug It Off","Bite","Bite","Bite","Bite","Bite","ReplayTheSpireMod:Muscle Training","Spot Weakness","Burning Pact","Shrug It Off+1","Thunderclap+1","ReplayTheSpireMod:Corrosion Curse","Hemogenesis+1","Alpha+1","Pummel+1","expansioncontent:StudyTheSpire","Dropkick","Crescendo+1","Double Tap"],"relics":["Burning Blood","infinitespire:Joker Card","Pondfish Scales","Replay:Mystery Machine","Ancient Tea Set","Du-Vu Doll","hubris:Teleporter","Replay:Grab Bag","Mark of Pain","aspiration:FutureDiary","SlaversCollar","ReplayFunnel","Replay:Accelerometer","hubris:ToyBattleship","Self Forming Clay","PrismaticShard","Honey Jar","MealTicket","infinitespire:PuzzleCube","ReplayTheSpireMod:Ring of Exchange","Ring of Panic","Mummified Hand"],"acts_visited":["Exordium","TheCity","TheBeyond"],"potions_floor_usage":[16,50,50],"damage_taken":[{"damage":7,"enemies":"Jaw Worm","floor":1,"turns":2},{"damage":7,"enemies":"conspire:RoseBush","floor":4,"turns":3},{"damage":13,"enemies":"infinitespire:Voidling","floor":5,"turns":5},{"damage":17,"enemies":"Blue Slaver","floor":8,"turns":4},{"damage":11,"enemies":"Exordium Wildlife","floor":9,"turns":7},{"damage":12,"enemies":"Gremlin Nob","floor":11,"turns":3},{"damage":6,"enemies":"Exordium Wildlife","floor":13,"turns":3},{"damage":13,"enemies":"Replay:BlueRogue","floor":14,"turns":3},{"damage":37,"enemies":"The Guardian","floor":16,"turns":13},{"damage":23,"enemies":"Shell Parasite","floor":18,"turns":9},{"damage":14,"enemies":"3 Byrds","floor":22,"turns":5},{"damage":33,"enemies":"3 Cultists","floor":23,"turns":6},{"damage":25,"enemies":"Centurion and Healer","floor":24,"turns":4},{"damage":16,"enemies":"Chosen and Byrds","floor":25,"turns":8},{"damage":12,"enemies":"Replay:Snechameleon","floor":28,"turns":5},{"damage":12,"enemies":"Snake Plant","floor":31,"turns":5},{"damage":17,"enemies":"Collector","floor":33,"turns":9},{"damage":16,"enemies":"3 Shapes","floor":35,"turns":3},{"damage":43,"enemies":"3 Darklings","floor":39,"turns":6},{"damage":21,"enemies":"Nemesis","floor":47,"turns":5},{"damage":24,"enemies":"infinitespire:MassOfShapes","floor":50,"turns":6}],"seed_played":"-6402329002389563819","potions_obtained":[{"floor":1,"key":"AttackPotion"},{"floor":11,"key":"Dexterity Potion"},{"floor":13,"key":"Dexterity Potion"},{"floor":14,"key":"SteroidPotion"},{"floor":22,"key":"Reflective Coating"},{"floor":23,"key":"Guardian:BlockOnCardUsePotion"},{"floor":28,"key":"DuplicationPotion"},{"floor":47,"key":"Slimebound:ThreeZeroPotion"}],"is_trial":false,"path_per_floor":["M","?","?","M","M","R","?","M","MIM","?","E","?","M","E","R_BF","B",null,"M","?","?","M","M","M","M","T","T","E","?","?","M","R","B",null,"M","?","M","R","?","R","T","$","R","?","E","?","R_BF","B",null],"character_chosen":"IRONCLAD","items_purchased":["Feed","Offering","Pondfish Scales","infinitespire:PuzzleCube","Dropkick"],"campfire_rested":0,"item_purchase_floors":[0,0,0,44,44],"current_hp_per_floor":[46,46,46,48,51,51,51,44,43,43,37,37,41,38,38,11,109,96,79,79,85,70,60,60,60,60,64,40,32,32,32,55,96,90,90,80,80,80,80,80,95,95,95,94,94,94,94],"gold":410,"neow_bonus":"","is_daily":false,"chose_seed":false,"campfire_upgraded":5,"win_rate":0.0,"timestamp":1610720038,"path_taken":["M","?","?","M","M","R","?","?","MIM","?","E","?","M","E","R_BF","BOSS","M","?","?","M","M","?","M","T","?","E","?","?","?","R","BOSS","M","?","M","R","?","R","T","$","R","?","E","?","R_BF","BOSS"],"items_purchased_type":["Card","Card","Relic","Relic","Card"],"build_version":"2020-12-22","purchased_purges":2,"victory":true,"max_hp_per_floor":[83,83,83,86,89,89,89,93,97,97,97,97,101,105,105,109,109,113,79,79,86,93,96,96,96,96,96,96,96,96,96,96,96,96,96,96,96,96,96,96,96,96,96,100,100,100,104],"card_choices":[{"not_picked":["Shockwave","hubris:CleavingFinish"],"picked":"Armaments","floor":1},{"not_picked":["Sword Boomerang","Fire Breathing"],"picked":"Combust","floor":4},{"not_picked":["Twin Strike","hubris:SharpeningStone","ReplayTheSpireMod:Strike From Hell"],"picked":"SKIP","floor":5},{"not_picked":["Burning Pact","Headbutt"],"picked":"Bloodletting","floor":8},{"not_picked":["True Grit","Armaments"],"picked":"Disarm","floor":9},{"not_picked":["Heavy Blade","Cleave","Perfected Strike"],"picked":"SKIP","floor":11},{"not_picked":["Twin Strike","Entrench"],"picked":"Flex","floor":13},{"not_picked":["Entrench","Ghostly Armor"],"picked":"Feed","floor":14},{"not_picked":["Offering","Berserk"],"picked":"Barricade","floor":16},{"not_picked":["Iron Wave","Seeing Red"],"picked":"Shrug It Off","floor":18},{"not_picked":["Run Through","Anger"],"picked":"Spot Weakness","floor":22},{"not_picked":["Cleave","conspire:ExplosiveBarrier","Sword Boomerang"],"picked":"SKIP","floor":23},{"not_picked":["Clash","Bloodletting","Rage"],"picked":"SKIP","floor":24},{"not_picked":["Entrench","Spot Weakness","infinitespire:OneForAll"],"picked":"SKIP","floor":25},{"not_picked":["Disarm","Clothesline"],"picked":"Burning Pact","floor":28},{"not_picked":["Warcry","Run Through+1"],"picked":"Shrug It Off+1","floor":29},{"not_picked":["Sword Boomerang","ReplayTheSpireMod:Strike From Hell+1"],"picked":"Thunderclap+1","floor":29},{"not_picked":["Second Wind","Life Link"],"picked":"ReplayTheSpireMod:Corrosion Curse","floor":30},{"not_picked":["Guardian:Gem_Cyan","expansioncontent:Flail+1"],"picked":"Hemogenesis","floor":31},{"not_picked":["Guardian:HyperBeam_Guardian","Hemogenesis"],"picked":"Alpha","floor":33},{"not_picked":["CutThroughFate+1","Cloak And Dagger+1","Mind Blast+1"],"picked":"Pummel+1","floor":35},{"not_picked":["Poisoned Strike","Replay:SS_hec_1","expansioncontent:GoopSpray"],"picked":"expansioncontent:StudyTheSpire","floor":37},{"not_picked":["WaveOfTheHand","champ:CalledShot+1","hexamod:ShieldOfDarkness+1"],"picked":"Sweeping Beam","floor":39},{"not_picked":["expansioncontent:Hexaburn+1","Bane","Feel No Pain+1"],"picked":"Crescendo+1","floor":47}],"player_experience":127853,"relics_obtained":[{"floor":9,"key":"Replay:Mystery Machine"},{"floor":11,"key":"Ancient Tea Set"},{"floor":14,"key":"Du-Vu Doll"},{"floor":15,"key":"hubris:Teleporter"},{"floor":26,"key":"ReplayFunnel"},{"floor":27,"key":"Replay:Accelerometer"},{"floor":28,"key":"hubris:ToyBattleship"},{"floor":29,"key":"Self Forming Clay"},{"floor":30,"key":"PrismaticShard"},{"floor":43,"key":"MealTicket"},{"floor":46,"key":"ReplayTheSpireMod:Ring of Exchange"},{"floor":46,"key":"Ring of Panic"},{"floor":47,"key":"Mummified Hand"}],"event_choices":[{"damage_healed":0,"gold_gain":0,"player_choice":"Ignored","damage_taken":0,"max_hp_gain":0,"max_hp_loss":0,"event_name":"NoteForYourself","floor":7,"gold_loss":0},{"damage_healed":0,"gold_gain":0,"player_choice":"Became a vampire","damage_taken":0,"max_hp_gain":0,"max_hp_loss":34,"event_name":"Vampires","floor":19,"gold_loss":0,"cards_obtained":["Bite","Bite","Bite","Bite","Bite"]},{"damage_healed":0,"gold_gain":0,"player_choice":"1 cards matched","damage_taken":0,"max_hp_gain":0,"max_hp_loss":0,"event_name":"Match and Keep!","floor":21,"gold_loss":0,"cards_obtained":["ReplayTheSpireMod:Muscle Training"]},{"damage_healed":0,"gold_gain":0,"player_choice":"Memory 1","damage_taken":0,"max_hp_gain":0,"max_hp_loss":0,"event_name":"SensoryStone","floor":37,"gold_loss":0},{"cards_removed":["Sweeping Beam"],"damage_healed":0,"gold_gain":0,"player_choice":"Removed Attack","damage_taken":0,"max_hp_gain":0,"max_hp_loss":0,"event_name":"Falling","floor":41,"gold_loss":0},{"cards_removed":["Voices"],"damage_healed":0,"gold_gain":0,"player_choice":"Removed Curses","damage_taken":0,"max_hp_gain":0,"max_hp_loss":0,"event_name":"Fountain of Cleansing","floor":48,"gold_loss":0},{"damage_healed":0,"gold_gain":0,"player_choice":"1 cards matched","damage_taken":0,"max_hp_gain":0,"max_hp_loss":0,"event_name":"Match and Keep!","floor":49,"gold_loss":0,"cards_obtained":["Double Tap"]},{"damage_healed":0,"gold_gain":0,"player_choice":"1 cards matched","damage_taken":0,"max_hp_gain":0,"max_hp_loss":0,"event_name":"Match and Keep!","floor":49,"gold_loss":0,"cards_obtained":["Double Tap"]}],"is_beta":false,"boss_relics":[{"not_picked":["aspiration:RitualDagger","Snecko Eye"],"picked":"Replay:Grab Bag"},{"not_picked":["Replay:Bronze Core","Fusion Hammer"],"picked":"Mark of Pain"},{"not_picked":["hubris:GrandSneckoEye","ReplayTheSpireMod:DimensionalGlitch"],"picked":"aspiration:FutureDiary"},{"not_picked":["Kintsugi","Runic Cube"],"picked":"SlaversCollar"},{"not_picked":["infinitespire:Burning Sword","Calling Bell"],"picked":"Honey Jar"}],"items_purged_floors":[0,44],"is_endless":false,"potions_floor_spawned":[1,11,13,14,22,23,24,28,31,47],"ascension_level":0}}