{"host":"6ayekdpky30mcb5q","time":1610678789,"event":{"mods":["BaseMod","Colored Map","Highlight Path","Minty Spire (QoL Compilation)","StSLib","WoW Paladin Mod"],"gold_per_floor":[111,111,61,75,93,93,48,67,144,178,178,190,201,81,81,176,176,176,176,101,101,101,101,101,101,101,101,1,1,1,1,1,1,1,1,1,1,1,1,1,1,1,1],"floor_reached":42,"language":"ENG","playtime":4067,"items_purged":["WoWPaladin:StrikePaladin","Pain"],"score":471,"play_id":"0f32bf9e-a90f-4cf3-ae35-0138669a2bb2","local_time":"20210114204629","is_ascension_mode":false,"campfire_choices":[{"data":"WoWPaladin:BlindingLight","floor":6,"key":"SMITH"},{"data":"WoWPaladin:Thorns","floor":11,"key":"SMITH"},{"data":"WoWPaladin:CrusaderStrike","floor":15,"key":"SMITH"},{"floor":23,"key":"REST"},{"floor":25,"key":"REST"},{"data":"WoWPaladin:ResistanceAura","floor":30,"key":"SMITH"},{"floor":32,"key":"REST"},{"floor":40,"key":"REST"}],"circlet_count":0,"master_deck":["WoWPaladin:StrikePaladin","WoWPaladin:DefendPaladin","WoWPaladin:DefendPaladin","WoWPaladin:DefendPaladin","WoWPaladin:DefendPaladin","WoWPaladin:HolySmite","WoWPaladin:HammerOfWrath","WoWPaladin:DivineBulwark","WoWPaladin:BlindingLight+1","WoWPaladin:Thorns+1","WoWPaladin:JusticeDemandsRetribution","WoWPaladin:RapturousCharge","WoWPaladin:CrusaderStrike+1","WoWPaladin:CrusaderAura","WoWPaladin:Thorns","WoWPaladin:ResistanceAura+1","WoWPaladin:FistOfTheHeavens+1","WoWPaladin:DivineBulwark","WoWPaladin:BlessingOfKings+1","WoWPaladin:EstablishmentPaladin","WoWPaladin:ValiantCharge","WoWPaladin:Thorns+1","Dark Shackles","Finesse","WoWPaladin:BlessedBreastplate"],"relics":["WoWPaladin:AshbringerRelic","Kunai","Potion Belt","Ectoplasm","Juzu Bracelet","WarpedTongs","Empty Cage","CaptainsWheel"],"acts_visited":["Exordium","TheCity","TheBeyond"],"potions_floor_usage":[8,22,22,22],"damage_taken":[{"damage":4,"enemies":"Cultist","floor":1,"turns":3},{"damage":0,"enemies":"Jaw Worm","floor":4,"turns":3},{"damage":2,"enemies":"Small Slimes","floor":5,"turns":4},{"damage":0,"enemies":"Looter","floor":8,"turns":4},{"damage":0,"enemies":"Lagavulin","floor":10,"turns":8},{"damage":23,"enemies":"Gremlin Gang","floor":12,"turns":6},{"damage":6,"enemies":"Lots of Slimes","floor":13,"turns":4},{"damage":14,"enemies":"The Guardian","floor":16,"turns":11},{"damage":8,"enemies":"3 Byrds","floor":18,"turns":4},{"damage":8,"enemies":"Shell Parasite","floor":19,"turns":8},{"damage":38,"enemies":"Centurion and Healer","floor":21,"turns":14},{"damage":7,"enemies":"3 Cultists","floor":22,"turns":6},{"damage":34,"enemies":"Gremlin Leader","floor":24,"turns":10},{"damage":28,"enemies":"Snake Plant","floor":31,"turns":5},{"damage":1,"enemies":"Champ","floor":33,"turns":14},{"damage":9,"enemies":"3 Shapes","floor":35,"turns":7},{"damage":41,"enemies":"3 Darklings","floor":36,"turns":6},{"damage":38,"enemies":"Nemesis","floor":41,"turns":11},{"damage":16,"enemies":"Mind Bloom Boss Battle","floor":42,"turns":4}],"seed_played":"2059905575918613345","potions_obtained":[{"floor":1,"key":"Strength Potion"},{"floor":5,"key":"Energy Potion"},{"floor":10,"key":"FearPotion"},{"floor":12,"key":"Strength Potion"},{"floor":18,"key":"EssenceOfSteel"},{"floor":19,"key":"SpeedPotion"},{"floor":31,"key":"Dexterity Potion"},{"floor":35,"key":"WoWPaladin:PlaceholderPotion"}],"is_trial":false,"path_per_floor":["M","?","?","M","M","R","$","M","T","E","R","M","M","$","R","B",null,"M","M","?","M","M","R","E","R","T","?","$","?","R","M","R","B",null,"M","M","$","?","?","R","E","?"],"character_chosen":"THE_PALADIN","items_purchased":["WoWPaladin:Thorns","WoWPaladin:Thorns"],"campfire_rested":4,"item_purchase_floors":[7,14],"current_hp_per_floor":[84,77,77,77,75,75,75,75,75,75,75,52,46,46,46,32,88,80,72,72,34,27,53,19,45,45,45,45,45,45,17,43,42,88,79,38,38,28,28,54,16,0,0],"gold":1,"neow_bonus":"TEN_PERCENT_HP_BONUS","is_daily":false,"chose_seed":false,"campfire_upgraded":4,"win_rate":0.0,"timestamp":1610678789,"path_taken":["M","?","?","M","M","R","$","M","T","E","R","M","M","$","R","BOSS","M","M","?","M","M","R","E","R","T","?","$","?","R","M","R","BOSS","M","M","$","?","?","R","E","?"],"items_purchased_type":["Card","Card"],"build_version":"2020-12-22","purchased_purges":2,"victory":false,"max_hp_per_floor":[88,88,88,88,88,88,88,88,88,88,88,88,88,88,88,88,88,88,88,88,88,88,88,88,88,88,88,88,88,88,88,88,88,88,88,88,88,88,88,88,88,88,88],"card_choices":[{"not_picked":["WoWPaladin:JusticeDemandsRetribution","WoWPaladin:RighteousExpulsion"],"picked":"WoWPaladin:HammerOfWrath","floor":1},{"not_picked":["WoWPaladin:EqualizingSwath","WoWPaladin:RapturousCharge"],"picked":"WoWPaladin:DivineBulwark","floor":4},{"not_picked":["WoWPaladin:ValiantCharge","WoWPaladin:RighteousDuty"],"picked":"WoWPaladin:BlindingLight","floor":5},{"not_picked":["WoWPaladin:OathOfPiety","WoWPaladin:HammerOfWrath"],"picked":"WoWPaladin:JusticeDemandsRetribution","floor":8},{"not_picked":["WoWPaladin:Rebuke","WoWPaladin:ArdentDefense"],"picked":"WoWPaladin:RapturousCharge","floor":10},{"not_picked":["WoWPaladin:CrusadersJudgement","WoWPaladin:JusticeDemandsRetribution"],"picked":"WoWPaladin:CrusaderStrike","floor":12},{"not_picked":["WoWPaladin:BlessingOfWisdom","WoWPaladin:AvengersShield"],"picked":"WoWPaladin:CrusaderAura","floor":13},{"not_picked":["WoWPaladin:CrusaderAura","WoWPaladin:WakeOfAshes"],"picked":"WoWPaladin:ResistanceAura","floor":16},{"not_picked":["WoWPaladin:RapturousCharge","WoWPaladin:GuidingStrike+1","WoWPaladin:BlessingOfWisdom"],"picked":"SKIP","floor":18},{"not_picked":["WoWPaladin:RapturousCharge","WoWPaladin:GuidingStrike+1","WoWPaladin:BlessingOfWisdom"],"picked":"SKIP","floor":18},{"not_picked":["WoWPaladin:RapturousCharge","WoWPaladin:GuidingStrike+1","WoWPaladin:BlessingOfWisdom"],"picked":"SKIP","floor":18},{"not_picked":["WoWPaladin:RighteousExpulsion","WoWPaladin:Prayer","WoWPaladin:FistOfTheHeavens+1"],"picked":"SKIP","floor":19},{"not_picked":["WoWPaladin:SeraphStrike","WoWPaladin:BlessingOfWisdom"],"picked":"WoWPaladin:FistOfTheHeavens+1","floor":21},{"not_picked":["WoWPaladin:FaithInTheLight","WoWPaladin:JusticeDemandsRetribution"],"picked":"WoWPaladin:DivineBulwark","floor":22},{"not_picked":["WoWPaladin:OathOfVigilance","WoWPaladin:CrusadersJudgement+1"],"picked":"WoWPaladin:BlessingOfKings+1","floor":24},{"not_picked":["WoWPaladin:GuidingStrike","WoWPaladin:RapturousCharge","WoWPaladin:AvengersShield+1"],"picked":"SKIP","floor":31},{"not_picked":["WoWPaladin:OathOfChains","WoWPaladin:LightsMeditation"],"picked":"WoWPaladin:EstablishmentPaladin","floor":33},{"not_picked":["WoWPaladin:GuidingStrike+1","WoWPaladin:Zeal"],"picked":"WoWPaladin:ValiantCharge","floor":35},{"not_picked":["WoWPaladin:Zeal+1","WoWPaladin:FistOfTheHeavens+1"],"picked":"WoWPaladin:Thorns+1","floor":36},{"not_picked":["Jack Of All Trades","Enlightenment"],"picked":"Dark Shackles","floor":38},{"not_picked":["Madness","PanicButton"],"picked":"Finesse","floor":38},{"not_picked":["WoWPaladin:CrusadersJudgement+1","WoWPaladin:Prayer+1"],"picked":"WoWPaladin:BlessedBreastplate","floor":41}],"player_experience":540998,"relics_obtained":[{"floor":9,"key":"Kunai"},{"floor":10,"key":"Potion Belt"},{"floor":24,"key":"Juzu Bracelet"},{"floor":41,"key":"CaptainsWheel"}],"event_choices":[{"cards_removed":["WoWPaladin:StrikePaladin"],"damage_healed":0,"gold_gain":0,"player_choice":"Card Removal","damage_taken":7,"max_hp_gain":0,"max_hp_loss":0,"event_name":"Golden Wing","floor":2,"gold_loss":0},{"cards_removed":["WoWPaladin:DefendPaladin"],"damage_healed":0,"gold_gain":0,"player_choice":"Card Removal","damage_taken":0,"max_hp_gain":0,"max_hp_loss":0,"event_name":"The Cleric","floor":3,"gold_loss":50},{"cards_removed":["WoWPaladin:TemplarsVerdict"],"damage_healed":0,"gold_gain":0,"player_choice":"Gave Gold","damage_taken":0,"max_hp_gain":0,"max_hp_loss":0,"event_name":"Beggar","floor":20,"gold_loss":75},{"damage_healed":0,"gold_gain":0,"player_choice":"Rummage","damage_taken":0,"relics_obtained":["WarpedTongs"],"max_hp_gain":0,"max_hp_loss":0,"event_name":"Accursed Blacksmith","floor":27,"gold_loss":0,"cards_obtained":["Pain"]},{"damage_healed":0,"gold_gain":0,"player_choice":"Ignored","damage_taken":0,"max_hp_gain":0,"max_hp_loss":0,"event_name":"Transmorgrifier","floor":29,"gold_loss":0},{"damage_healed":0,"gold_gain":0,"player_choice":"Memory 3","damage_taken":10,"max_hp_gain":0,"max_hp_loss":0,"event_name":"SensoryStone","floor":38,"gold_loss":0},{"damage_healed":0,"gold_gain":0,"player_choice":"Ignored","damage_taken":0,"max_hp_gain":0,"max_hp_loss":0,"event_name":"The Moai Head","floor":39,"gold_loss":0},{"damage_healed":0,"gold_gain":0,"player_choice":"Fight","damage_taken":0,"max_hp_gain":0,"max_hp_loss":0,"event_name":"MindBloom","floor":42,"gold_loss":0}],"is_beta":false,"boss_relics":[{"not_picked":["Busted Crown","Runic Dome"],"picked":"Ectoplasm"},{"not_picked":["Tiny House","Sozu"],"picked":"Empty Cage"}],"items_purged_floors":[14,28],"is_endless":false,"potions_floor_spawned":[1,5,10,12,18,19,21,31,35],"killed_by":"Mind Bloom Boss Battle","ascension_level":0}}