{"host":"ishme5wb80o83upk","time":1610735926,"event":{"mods":["BaseMod","HololiveMod","Minty Spire (QoL Compilation)","StSLib"],"gold_per_floor":[85,100,116,146,167,200,200,234,313,313,327,380,330,369,369,500,500,535,564,591,617,643,685,685,732,732,530,579,579,633,533,533,678,678,702,718,749,767,798,875,875,906,906,906,974,1013,1013,1069,1069,1129,1129,1129,807,883,924],"floor_reached":56,"language":"KOR","playtime":3093,"items_purged":["Hololive_Strike","Hololive_Strike","Hololive_Defend"],"score":2460,"play_id":"68022200-7d95-4abe-bb22-41b8806b6fc7","local_time":"20210116033846","is_ascension_mode":true,"campfire_choices":[{"data":"Apotheosis","floor":7.0,"key":"SMITH"},{"data":"Hololive_FlareMind","floor":10.0,"key":"SMITH"},{"data":"Hololive_CallSakuraMiko","floor":15.0,"key":"SMITH"},{"data":"Hololive_Thief","floor":24.0,"key":"SMITH"},{"data":"Hololive_CallFriendA","floor":29.0,"key":"SMITH"},{"data":"Hololive_RevenueBasedLive","floor":32.0,"key":"SMITH"},{"floor":41.0,"key":"RECALL"},{"floor":47.0,"key":"REST"},{"data":"Hololive_CallYozoraMel","floor":49.0,"key":"SMITH"},{"data":"Hololive_RevenueBasedLive","floor":52.0,"key":"SMITH"}],"circlet_count":0,"master_deck":["AscendersBane","Hololive_CallCivia","Hololive_CallRoboco","Hololive_CallUsadaPekora","Hololive_CallMinatoAqua","Hololive_CallFriendA+1","Apotheosis+1","Hololive_CallNatsuiroMatsuri","Hololive_RevenueBasedLive+1","Hololive_FlareMind+1","Hololive_CallSakuraMiko+1","Hololive_Thief+1","Hololive_CallNakiriAyame","Hololive_Watashimo+1","Hololive_CallHoushouMarine","Hololive_CallOzoraSubaru","Hololive_RevenueBasedLive+1","Hololive_CallYogiri+1","Hololive_Spy+1","Hololive_CallUsadaPekora+1","Hololive_CallAmaneKanata","Hololive_CallTsunomakiWatame+1","Hololive_CallUruhaRushia+1","Hololive_CallShiroganeNoel+1","Hololive_RevenueBasedLive+1","Hololive_CallHimemoriLuna+1","Hololive_CallYozoraMel+1","Hololive_RevenueBasedLive+1"],"relics":["Hololive_TheStar","Ginger","Ancient Tea Set","Smiling Mask","CaptainsWheel","SlaversCollar","Vajra","Toy Ornithopter","Ornamental Fan","Medical Kit","Pantograph","Astrolabe","Shuriken","StoneCalendar","Happy Flower","Orichalcum","Hololive_LightStick","Mercury Hourglass"],"acts_visited":["Exordium","TheCity","TheBeyond","TheEnding"],"potions_floor_usage":[55],"damage_taken":[{"damage":0.0,"enemies":"Cultist","floor":1.0,"turns":4.0},{"damage":1.0,"enemies":"Small Slimes","floor":2.0,"turns":4.0},{"damage":0.0,"enemies":"Jaw Worm","floor":3.0,"turns":4.0},{"damage":2.0,"enemies":"Lots of Slimes","floor":4.0,"turns":6.0},{"damage":6.0,"enemies":"Red Slaver","floor":5.0,"turns":4.0},{"damage":0.0,"enemies":"Lagavulin","floor":6.0,"turns":7.0},{"damage":0.0,"enemies":"3 Sentries","floor":8.0,"turns":11.0},{"damage":0.0,"enemies":"3 Louse","floor":11.0,"turns":4.0},{"damage":0.0,"enemies":"Lagavulin","floor":14.0,"turns":5.0},{"damage":0.0,"enemies":"Hexaghost","floor":16.0,"turns":6.0},{"damage":0.0,"enemies":"3 Byrds","floor":18.0,"turns":4.0},{"damage":0.0,"enemies":"Spheric Guardian","floor":19.0,"turns":4.0},{"damage":2.0,"enemies":"Centurion and Healer","floor":20.0,"turns":5.0},{"damage":0.0,"enemies":"Shelled Parasite and Fungi","floor":21.0,"turns":5.0},{"damage":0.0,"enemies":"Snake Plant","floor":22.0,"turns":3.0},{"damage":0.0,"enemies":"Slavers","floor":23.0,"turns":4.0},{"damage":0.0,"enemies":"Book of Stabbing","floor":25.0,"turns":4.0},{"damage":0.0,"enemies":"Centurion and Healer","floor":28.0,"turns":5.0},{"damage":0.0,"enemies":"Gremlin Leader","floor":30.0,"turns":4.0},{"damage":0.0,"enemies":"Champ","floor":33.0,"turns":6.0},{"damage":0.0,"enemies":"Orb Walker","floor":35.0,"turns":3.0},{"damage":9.0,"enemies":"3 Shapes","floor":36.0,"turns":5.0},{"damage":19.0,"enemies":"Writhing Mass","floor":37.0,"turns":5.0},{"damage":21.0,"enemies":"Jaw Worm Horde","floor":38.0,"turns":4.0},{"damage":1.0,"enemies":"3 Darklings","floor":39.0,"turns":2.0},{"damage":0.0,"enemies":"Nemesis","floor":40.0,"turns":6.0},{"damage":0.0,"enemies":"Spire Growth","floor":42.0,"turns":4.0},{"damage":19.0,"enemies":"Reptomancer","floor":45.0,"turns":6.0},{"damage":0.0,"enemies":"Maw","floor":46.0,"turns":5.0},{"damage":0.0,"enemies":"Nemesis","floor":48.0,"turns":3.0},{"damage":0.0,"enemies":"Time Eater","floor":50.0,"turns":9.0},{"damage":0.0,"enemies":"Shield and Spear","floor":54.0,"turns":6.0},{"damage":0,"enemies":"The Heart","floor":55,"turns":6}],"seed_played":"6752879244265936300","potions_obtained":[{"floor":1.0,"key":"Block Potion"},{"floor":3.0,"key":"EntropicBrew"},{"floor":4.0,"key":"Energy Potion"},{"floor":5.0,"key":"Weak Potion"},{"floor":20.0,"key":"LiquidMemories"},{"floor":23.0,"key":"GamblersBrew"},{"floor":38.0,"key":"DistilledChaos"},{"floor":39.0,"key":"Block Potion"}],"is_trial":false,"path_per_floor":["M","M","M","M","M","E","R","E","T","R","M","T","$","E","R","B",null,"M","M","M","M","M","E","R","E","T","$","M","R","E","$","R","B",null,"M","M","M","M","M","E","R","M","T","?","E","M","R","E","R","B",null,"R","$","E","B",null],"character_chosen":"Hololive_HololiveCharacter","items_purchased":["Medical Kit","Hololive_RevenueBasedLive","Hololive_LightStick","Block Potion","Regen Potion","ColorlessPotion"],"campfire_rested":1,"item_purchase_floors":[27,31,53,53,53,53],"current_hp_per_floor":[32,31,31,29,23,23,23,23,23,23,23,23,23,23,23,23,30,30,30,28,28,28,28,28,28,28,28,28,28,28,28,28,32,32,32,23,9,3,17,17,17,17,17,17,3,3,12,12,12,32,32,32,32,32,32],"gold":924,"neow_bonus":"RANDOM_COLORLESS_2","is_daily":false,"chose_seed":false,"campfire_upgraded":8,"win_rate":0.0,"timestamp":1610735926,"path_taken":["M","M","M","M","M","E","R","E","T","R","M","?","$","E","R","BOSS","M","M","M","M","M","E","R","E","T","$","M","R","E","$","R","BOSS","M","M","M","M","M","E","R","M","T","?","E","M","R","E","R","BOSS","R","$","E","BOSS"],"items_purchased_type":["Relic","Card","Relic","Potion","Potion","Potion"],"build_version":"2020-12-22","purchased_purges":3,"victory":true,"max_hp_per_floor":[32,32,32,32,32,32,32,32,32,32,32,32,32,32,32,32,32,32,32,32,32,32,32,32,32,32,32,32,32,32,32,32,32,32,32,32,32,32,32,32,32,32,32,32,32,32,32,32,32,32,32,32,32,32,32],"card_choices":[{"not_picked":["Chrysalis","The Bomb"],"picked":"Apotheosis","floor":0.0},{"not_picked":["Hololive_CallYukihanaLamy","Hololive_Sequa","Hololive_FlyingPonyTail","Hololive_Psychosis"],"picked":"SKIP","floor":1.0},{"not_picked":["Hololive_CallYukihanaLamy","Hololive_Sequa","Hololive_FlyingPonyTail","Hololive_Psychosis"],"picked":"SKIP","floor":1.0},{"not_picked":["Hololive_CallInugamiKorone","Hololive_CocoNews","Hololive_CallSpadeEcho"],"picked":"Hololive_CallNatsuiroMatsuri","floor":2.0},{"not_picked":["Hololive_HuntDinosaur","Hololive_Psychosis","Hololive_LuckPotion"],"picked":"Hololive_RevenueBasedLive","floor":3.0},{"not_picked":["Hololive_FlyingPonyTail","Hololive_Psychosis","Hololive_CallNatsuiroMatsuri","Hololive_Drill"],"picked":"SKIP","floor":4.0},{"not_picked":["Hololive_Rebound","Hololive_HuntDinosaur","Hololive_Trident","Hololive_Drill"],"picked":"SKIP","floor":5.0},{"not_picked":["Hololive_CallUsadaPekora","Hololive_Watashimo","Hololive_DevilCharm"],"picked":"Hololive_FlareMind","floor":6.0},{"not_picked":["Hololive_LuckPotion","Hololive_FlyingPonyTail","Hololive_Sequa","Hololive_HighAtkLowDef"],"picked":"SKIP","floor":8.0},{"not_picked":["Hololive_Sequa","Hololive_CallHoshimachiSuisei","Hololive_Psychosis"],"picked":"Hololive_CallSakuraMiko","floor":11.0},{"not_picked":["Hololive_OvertimeWork","Hololive_Trident","Hololive_Rebound","Hololive_CallUsadaPekora"],"picked":"SKIP","floor":14.0},{"not_picked":["Hololive_AWSL","Hololive_WolfAndLamb","Hololive_Rebirth"],"picked":"Hololive_Thief","floor":16.0},{"not_picked":["Hololive_CallMoonaHoshinova","Hololive_CallTsunomakiWatame","Hololive_Psychosis+1"],"picked":"Hololive_CallNakiriAyame","floor":18.0},{"not_picked":["Hololive_HuntDinosaur","Hololive_Trident","Hololive_Breathe"],"picked":"Hololive_Watashimo+1","floor":19.0},{"not_picked":["Hololive_CocoNews","Hololive_CallNekomataOkayu","Hololive_CallKiryuuCoco+1","Hololive_CallRoboco"],"picked":"SKIP","floor":20.0},{"not_picked":["Hololive_Yoholoon+1","Hololive_OvertimeWork","Hololive_Rebound"],"picked":"Hololive_CallHoushouMarine","floor":21.0},{"not_picked":["Hololive_Yoholoon","Hololive_Rebound+1","Hololive_StrengthChampion","Hololive_CocoNews"],"picked":"SKIP","floor":22.0},{"not_picked":["Hololive_Yoholoon","Hololive_Rebound+1","Hololive_StrengthChampion","Hololive_CocoNews"],"picked":"SKIP","floor":22.0},{"not_picked":["Hololive_Psychosis","Hololive_CallYozoraMel","Hololive_FlyingPonyTail+1"],"picked":"Hololive_CallOzoraSubaru","floor":23.0},{"not_picked":["Hololive_HighAtkLowDef","Hololive_Rebound+1","Hololive_CallAZKi"],"picked":"Hololive_RevenueBasedLive","floor":25.0},{"not_picked":["Hololive_Rebound+1","Hololive_HuntDinosaur","Hololive_CocoNews+1","Hololive_Sequa"],"picked":"SKIP","floor":28.0},{"not_picked":["Hololive_ManjiGathering","Hololive_StarCraft","Hololive_CallShishiroBotan"],"picked":"Hololive_CallYogiri+1","floor":30.0},{"not_picked":["Hololive_RevenueBasedLive+1","Hololive_Psychosis","Hololive_FlyingPonyTail+1"],"picked":"Hololive_CallAmaneKanata","floor":35.0},{"not_picked":["Hololive_CallMomosuzuNene","Hololive_OvertimeWork+1","Hololive_LuckPotion"],"picked":"Hololive_CallTsunomakiWatame+1","floor":36.0},{"not_picked":["Hololive_Watashimo","Hololive_Trident","Hololive_Sequa"],"picked":"Hololive_CallUruhaRushia+1","floor":37.0},{"not_picked":["Hololive_CocoNews+1","Hololive_Sequa","Hololive_CandyCastle","Hololive_CallMinatoAqua+1"],"picked":"SKIP","floor":38.0},{"not_picked":["Hololive_CocoNews+1","Hololive_LuckPotion+1","Hololive_HuntDinosaur+1"],"picked":"Hololive_CallShiroganeNoel+1","floor":39.0},{"not_picked":["Hololive_StrengthChampion","Hololive_Sequa","Hololive_LuckPotion"],"picked":"Hololive_RevenueBasedLive+1","floor":40.0},{"not_picked":["Hololive_AWSL","Hololive_Drill","Hololive_CallOkamiMio","Hololive_Psychosis+1"],"picked":"SKIP","floor":42.0},{"not_picked":["Hololive_CallCivia+1","Hololive_FlyingPonyTail+1","Hololive_CallUruhaRushia"],"picked":"Hololive_CallHimemoriLuna+1","floor":45.0},{"not_picked":["Hololive_Sequa+1","Hololive_CocoNews+1","Hololive_CallMomosuzuNene","Hololive_Psychosis"],"picked":"SKIP","floor":46.0},{"not_picked":["Hololive_CallUsadaPekora","Hololive_RevenueBasedLive","Hololive_StrengthChampion"],"picked":"Hololive_CallYozoraMel","floor":48.0},{"not_picked":["Hololive_CallUruhaRushia+1","Hololive_Trident","Hololive_Rebound"],"picked":"Hololive_RevenueBasedLive+1","floor":54.0}],"player_experience":1093651,"relics_obtained":[{"floor":6.0,"key":"Ginger"},{"floor":8.0,"key":"Ancient Tea Set"},{"floor":12.0,"key":"Smiling Mask"},{"floor":14.0,"key":"CaptainsWheel"},{"floor":23.0,"key":"Vajra"},{"floor":25.0,"key":"Toy Ornithopter"},{"floor":26.0,"key":"Ornamental Fan"},{"floor":30.0,"key":"Pantograph"},{"floor":40.0,"key":"Shuriken"},{"floor":43.0,"key":"StoneCalendar"},{"floor":45.0,"key":"Happy Flower"},{"floor":48.0,"key":"Orichalcum"},{"floor":54.0,"key":"Mercury Hourglass"}],"event_choices":[{"cards_removed":["Hololive_OvertimeWork"],"damage_healed":0.0,"max_hp_gain":0.0,"max_hp_loss":0.0,"gold_gain":0.0,"event_name":"Purifier","player_choice":"Purged","floor":44.0,"gold_loss":0.0,"damage_taken":0.0}],"is_beta":false,"boss_relics":[{"not_picked":["SacredBark","Snecko Eye"],"picked":"SlaversCollar"},{"not_picked":["Hololive_Finger","Hololive_TopUpMoneyS"],"picked":"Astrolabe"}],"items_purged_floors":[13,27,31],"is_endless":false,"potions_floor_spawned":[1,3,4,5,20,21,23,30,33,36,38,39],"ascension_level":10}}