{"host":"u6jirsjme6gm26s9","time":1610687410,"event":{"mods":["BaseMod","Downfall","GifTheSpireLib","Minty Spire (QoL Compilation)","StSLib","The Servant 0.9.4"],"gold_per_floor":[116,116,131,144,69,98,115,140,163,163,338,370,11,40,40,137,137,155,7,7,7,24,24,58,78,78,78,92,127,140,42,42,142,142,156,56,56,56,0,25,59,59,59,91,124,134,134,159,159,159,159,159,34,69,69,69],"floor_reached":55,"language":"ENG","playtime":7956,"items_purged":["Strike_B","Shame","Doubt"],"score":947,"play_id":"65969a0f-53db-4102-a78e-b10a20ff27e0","local_time":"20210114231009","is_ascension_mode":true,"campfire_choices":[{"floor":10,"key":"REST"},{"floor":15,"key":"REST"},{"data":"Defragment","floor":23,"key":"SMITH"},{"floor":27,"key":"REST"},{"floor":32,"key":"REST"},{"floor":47,"key":"REST"},{"floor":49,"key":"RECALL"},{"floor":52,"key":"REST"}],"circlet_count":0,"master_deck":["Strike_B","Strike_B","Defend_B+1","Defend_B+1","Defend_B+1","Defend_B+1","Zap","Dualcast","Cold Snap","Ball Lightning","Hologram+1","Conserve Battery+1","Storm","Electrodynamics","Seek+1","Defragment+1","Leap+1","Ball Lightning+1","Biased Cognition","Core Surge"],"relics":["Cracked Core","Toxic Egg 2","Pen Nib","War Paint","PreservedInsect","Ice Cream","Potion Belt","Nuclear Battery","MutagenicStrength","Centennial Puzzle","Kunai","White Beast Statue","Bag of Preparation","Fusion Hammer","Red Mask","WingedGreaves","Torii","Happy Flower","HornCleat","Gremlin Horn","Nunchaku"],"acts_visited":["Exordium","TheCity","TheBeyond","TheEnding"],"potions_floor_usage":[8,31,50,55,55,55,55],"damage_taken":[{"damage":8,"enemies":"Jaw Worm","floor":1,"turns":3},{"damage":0,"enemies":"2 Louse","floor":3,"turns":3},{"damage":0,"enemies":"Small Slimes","floor":4,"turns":2},{"damage":14,"enemies":"3 Sentries","floor":6,"turns":9},{"damage":12,"enemies":"Exordium Wildlife","floor":7,"turns":3},{"damage":9,"enemies":"Lagavulin","floor":8,"turns":6},{"damage":10,"enemies":"3 Sentries","floor":12,"turns":7},{"damage":18,"enemies":"Gremlin Nob","floor":14,"turns":4},{"damage":42,"enemies":"Slime Boss","floor":16,"turns":9},{"damage":0,"enemies":"Spheric Guardian","floor":18,"turns":3},{"damage":32,"enemies":"Shell Parasite","floor":22,"turns":7},{"damage":0,"enemies":"Slavers","floor":24,"turns":1},{"damage":12,"enemies":"Centurion and Healer","floor":25,"turns":4},{"damage":1,"enemies":"Snake Plant","floor":28,"turns":3},{"damage":12,"enemies":"Book of Stabbing","floor":29,"turns":4},{"damage":2,"enemies":"Snecko","floor":30,"turns":3},{"damage":37,"enemies":"Automaton","floor":33,"turns":11},{"damage":0,"enemies":"3 Shapes","floor":35,"turns":1},{"damage":0,"enemies":"Reptomancer","floor":40,"turns":2},{"damage":23,"enemies":"Nemesis","floor":41,"turns":5},{"damage":22,"enemies":"Giant Head","floor":44,"turns":7},{"damage":0,"enemies":"Reptomancer","floor":45,"turns":3},{"damage":8,"enemies":"3 Darklings","floor":46,"turns":2},{"damage":9,"enemies":"Giant Head","floor":48,"turns":6},{"damage":34,"enemies":"Time Eater","floor":50,"turns":11},{"damage":28,"enemies":"Shield and Spear","floor":54,"turns":5},{"damage":100,"enemies":"The Heart","floor":55,"turns":8}],"seed_played":"5282964187753350153","potions_obtained":[{"floor":3,"key":"Block Potion"},{"floor":6,"key":"Ancient Potion"},{"floor":8,"key":"FairyPotion"},{"floor":12,"key":"GamblersBrew"},{"floor":14,"key":"PotionOfCapacity"},{"floor":18,"key":"ColorlessPotion"},{"floor":33,"key":"PowerPotion"},{"floor":54,"key":"Ancient Potion"}],"is_trial":false,"path_per_floor":["M","?","M","M","$","E","M","E","T","R","?","E","$","E","R","B",null,"M","$","?","?","M","R","E","M","T","R","M","E","M","$","R","B",null,"M","$","?","$","?","E","E","?","T","E","E","M","R","E","R","B",null,"R","$","E","B"],"character_chosen":"DEFECT","items_purchased":["Ice Cream","Conserve Battery+1","Seek+1","Fruit Juice"],"campfire_rested":6,"item_purchase_floors":[13,13,19,31],"current_hp_per_floor":[74,58,58,58,58,44,32,23,23,47,47,37,37,19,43,1,82,82,82,82,82,50,50,50,38,38,62,61,49,47,52,78,41,87,87,87,87,87,87,87,64,64,64,42,42,34,60,51,51,17,87,87,87,59,0,0],"gold":69,"neow_bonus":"TEN_PERCENT_HP_BONUS","is_daily":false,"chose_seed":false,"campfire_upgraded":1,"win_rate":0.0,"timestamp":1610687409,"path_taken":["M","?","M","M","$","E","M","E","T","R","?","E","$","E","R","BOSS","M","$","?","?","M","R","E","M","T","R","M","E","M","?","R","BOSS","M","$","?","$","?","E","E","?","T","E","E","?","R","E","R","BOSS","R","$","E","BOSS"],"items_purchased_type":["Relic","Card","Card","Potion"],"build_version":"2020-12-22","purchased_purges":3,"victory":false,"max_hp_per_floor":[82,82,82,82,82,82,82,82,82,82,82,82,82,82,82,82,82,82,82,82,82,82,82,82,82,82,82,82,82,82,87,87,87,87,87,87,87,87,87,87,87,87,87,87,87,87,87,87,87,87,87,87,87,87,87,87],"card_choices":[{"not_picked":["Rebound","Redo"],"picked":"Cold Snap","floor":1},{"not_picked":["Stack","Cold Snap","Beam Cell"],"picked":"SKIP","floor":3},{"not_picked":["Darkness","Compile Driver","Cold Snap"],"picked":"SKIP","floor":4},{"not_picked":["Meteor Strike","Sweeping Beam"],"picked":"Ball Lightning","floor":6},{"not_picked":["Steam+1","Turbo+1"],"picked":"Hologram+1","floor":7},{"not_picked":["Streamline","Turbo+1","Compile Driver"],"picked":"SKIP","floor":8},{"not_picked":["Steam Power+1","Darkness+1","Barrage"],"picked":"SKIP","floor":12},{"not_picked":["Double Energy+1","Auto Shields+1"],"picked":"Storm","floor":14},{"not_picked":["Machine Learning","Seek+1"],"picked":"Electrodynamics","floor":16},{"not_picked":["Turbo+1","Go for the Eyes","Compile Driver+1"],"picked":"SKIP","floor":18},{"not_picked":["Sweeping Beam+1","Compile Driver"],"picked":"Defragment","floor":22},{"not_picked":["Double Energy+1","All For One"],"picked":"Leap+1","floor":24},{"not_picked":["Chaos+1","Sweeping Beam"],"picked":"Ball Lightning+1","floor":25},{"not_picked":["Coolheaded+1","Sweeping Beam","Conserve Battery+1"],"picked":"SKIP","floor":28},{"not_picked":["Beam Cell","Chill+1","Creative AI"],"picked":"SKIP","floor":29},{"not_picked":["Go for the Eyes","Rebound+1","Hologram+1"],"picked":"SKIP","floor":30},{"not_picked":["Multi-Cast+1","Fission+1"],"picked":"Biased Cognition","floor":33},{"not_picked":["Barrage","Hello World+1","Glacier+1"],"picked":"SKIP","floor":35},{"not_picked":["Hello World","Chill+1","Sunder"],"picked":"SKIP","floor":40},{"not_picked":["Hello World+1","Beam Cell+1","Steam+1"],"picked":"SKIP","floor":41},{"not_picked":["Compile Driver","Self Repair+1"],"picked":"Core Surge","floor":44},{"not_picked":["Leap+1","Aggregate+1","FTL"],"picked":"SKIP","floor":45},{"not_picked":["Barrage","Leap+1","Redo+1"],"picked":"SKIP","floor":46},{"not_picked":["BootSequence+1","Coolheaded+1","Hyperbeam"],"picked":"SKIP","floor":48},{"not_picked":["Turbo+1","Blizzard+1","Streamline"],"picked":"SKIP","floor":54}],"player_experience":352705,"relics_obtained":[{"floor":6,"key":"Toxic Egg 2"},{"floor":8,"key":"Pen Nib"},{"floor":9,"key":"War Paint"},{"floor":12,"key":"PreservedInsect"},{"floor":14,"key":"Potion Belt"},{"floor":24,"key":"Kunai"},{"floor":26,"key":"White Beast Statue"},{"floor":29,"key":"Bag of Preparation"},{"floor":40,"key":"WingedGreaves"},{"floor":41,"key":"Torii"},{"floor":44,"key":"Happy Flower"},{"floor":45,"key":"HornCleat"},{"floor":48,"key":"Gremlin Horn"},{"floor":54,"key":"Nunchaku"}],"event_choices":[{"damage_healed":0,"gold_gain":0,"player_choice":"Entered Light","damage_taken":16,"max_hp_gain":0,"max_hp_loss":0,"event_name":"Shining Light","floor":2,"gold_loss":0,"cards_upgraded":["Defend_B","Defend_B"]},{"damage_healed":0,"gold_gain":175,"player_choice":"AGREE","damage_taken":0,"max_hp_gain":0,"max_hp_loss":0,"event_name":"Liars Game","floor":11,"gold_loss":0,"cards_obtained":["Doubt"]},{"damage_healed":0,"gold_gain":0,"player_choice":"Inject Mutagens","damage_taken":0,"relics_obtained":["MutagenicStrength"],"max_hp_gain":0,"max_hp_loss":0,"event_name":"Drug Dealer","floor":20,"gold_loss":0},{"damage_healed":0,"gold_gain":0,"player_choice":"Stole Relic","damage_taken":0,"relics_obtained":["Centennial Puzzle"],"max_hp_gain":0,"max_hp_loss":0,"event_name":"Addict","floor":21,"gold_loss":0,"cards_obtained":["Shame"]},{"cards_removed":["Strike_B"],"damage_healed":0,"gold_gain":0,"player_choice":"Removed Attack","damage_taken":0,"max_hp_gain":0,"max_hp_loss":0,"event_name":"Falling","floor":37,"gold_loss":0},{"damage_healed":0,"gold_gain":0,"player_choice":"Paid","damage_taken":0,"relics_obtained":["Red Mask"],"max_hp_gain":0,"max_hp_loss":0,"event_name":"Tomb of Lord Red Mask","floor":39,"gold_loss":56},{"damage_healed":0,"gold_gain":0,"player_choice":"0 cards matched","damage_taken":0,"max_hp_gain":0,"max_hp_loss":0,"event_name":"Match and Keep!","floor":42,"gold_loss":0,"cards_obtained":[]}],"is_beta":false,"boss_relics":[{"not_picked":["Runic Pyramid","Empty Cage"],"picked":"Nuclear Battery"},{"not_picked":["Cursed Key","Snecko Eye"],"picked":"Fusion Hammer"}],"items_purged_floors":[5,36,53],"is_endless":false,"potions_floor_spawned":[3,6,8,12,14,18,24,28,29,30,33,35,40,41,44,45,46,48,54],"killed_by":"The Heart","ascension_level":1}}