{"host":"kiauivt48syq9iz6","time":1610749739,"event":{"mods":["A Magickal Journey","BaseMod","Conspire","Downfall","Hermit","Minty Spire (QoL Compilation)","Replay The Spire","SIMod","Somnambulant","StSLib","The Animator","The Construct","The Cursed","The Disciple","The Forsaken","The Judge","The Marked","The Runesmith","The Servant 0.9.4","The Spell Scribe"],"gold_per_floor":[114,114,133,143,20,20,55,55,79,79,93,93,104,120,120,215,215,230,249,281,281,293,293,59,90,90,106,34,34,9,9,9,9,9],"floor_reached":33,"language":"ENG","playtime":1555,"items_purged":["Pain"],"score":265,"play_id":"9f0898ba-0a13-4992-a462-a76943a33eb1","local_time":"20210115152859","is_ascension_mode":false,"campfire_choices":[{"data":"Genetic Algorithm","floor":6,"key":"SMITH"},{"floor":8,"key":"REST"},{"data":"Sunder","floor":10,"key":"SMITH"},{"data":"ReplayTheSpireMod:Calculation Training","floor":12,"key":"SMITH"},{"data":"conspire:Rain","floor":15,"key":"SMITH"},{"floor":23,"key":"REST"},{"floor":32,"key":"REST"}],"circlet_count":0,"master_deck":["Strike_B+1","Strike_B+1","Strike_B+2","Strike_B+1","Defend_B+1","Defend_B+1","Defend_B+2","Defend_B+1","Zap","Dualcast","ReplaySort","ReplayTheSpireMod:Calculation Training+1","Genetic Algorithm+1","Sweeping Beam","Sunder+1","Conserve Battery","conspire:Rain+1","Beam Cell","Electrodynamics","Conserve Battery+1","Capacitor","Aggregate","Cold Snap","Consume","BasicCrystalCard","Go for the Eyes","Defragment","Heatsinks","Redo+1","Stack+1","Self Repair","Coolheaded"],"relics":["Cracked Core","WarpedTongs","Replay:Mystery Machine","Toy Ornithopter","conspire:SpecialSausage","Prayer Wheel","Red Mask","Simple Rune","ClockworkSouvenir","Nunchaku","PreservedInsect"],"acts_visited":["Exordium","TheCity"],"potions_floor_usage":[7,13,16,20,25,25],"damage_taken":[{"damage":5,"enemies":"Jaw Worm","floor":1,"turns":4},{"damage":0,"enemies":"Cultist","floor":3,"turns":4},{"damage":2,"enemies":"Small Slimes","floor":4,"turns":2},{"damage":30,"enemies":"Lagavulin","floor":7,"turns":6},{"damage":5,"enemies":"Looter","floor":11,"turns":4},{"damage":1,"enemies":"Lots of Slimes","floor":13,"turns":2},{"damage":0,"enemies":"Exordium Wildlife","floor":14,"turns":2},{"damage":51,"enemies":"Hexaghost","floor":16,"turns":11},{"damage":35,"enemies":"Shell Parasite","floor":18,"turns":7},{"damage":5,"enemies":"Chosen","floor":19,"turns":4},{"damage":16,"enemies":"Masked Bandits","floor":20,"turns":5},{"damage":18,"enemies":"Shelled Parasite and Fungi","floor":22,"turns":5},{"damage":12,"enemies":"Book of Stabbing","floor":25,"turns":5},{"damage":19,"enemies":"Cultist and Chosen","floor":27,"turns":5},{"damage":53,"enemies":"Collector","floor":33,"turns":11}],"seed_played":"4747187806556682951","potions_obtained":[{"floor":3,"key":"Explosive Potion"},{"floor":4,"key":"FocusPotion"},{"floor":13,"key":"champ:CounterPotion"},{"floor":18,"key":"Weak Potion"},{"floor":20,"key":"FocusPotion"},{"floor":22,"key":"champ:CounterPotion"}],"is_trial":false,"path_per_floor":["M","?","M","M","$","R","E","R","T","R","M","R","M","M","R","B",null,"M","M","?","T","M","R","$","E","T","M","$","?","$","?","R","B"],"character_chosen":"DEFECT","items_purchased":["Sweeping Beam","Defragment","ClockworkSouvenir","Self Repair","Coolheaded"],"campfire_rested":3,"item_purchase_floors":[5,24,24,28,30],"current_hp_per_floor":[77,77,77,75,75,75,45,69,69,69,64,64,68,68,68,22,82,47,42,31,31,13,37,37,35,35,16,16,16,16,16,40,0,0],"gold":9,"neow_bonus":"TEN_PERCENT_HP_BONUS","is_daily":false,"chose_seed":false,"campfire_upgraded":4,"win_rate":0.0,"timestamp":1610749739,"path_taken":["M","?","M","M","$","R","E","R","T","R","M","R","M","M","R","BOSS","M","M","?","?","M","R","?","E","T","?","$","?","$","?","R","BOSS"],"items_purchased_type":["Card","Card","Relic","Card","Card"],"build_version":"2020-12-22","purchased_purges":1,"victory":false,"max_hp_per_floor":[82,82,82,82,82,82,82,82,82,82,82,82,82,82,82,82,82,82,82,82,82,82,82,82,82,82,82,82,82,82,82,82,82,82],"card_choices":[{"not_picked":["Turbo","Heatsinks"],"picked":"ReplaySort","floor":1},{"not_picked":["Streamline","Gash"],"picked":"ReplayTheSpireMod:Calculation Training","floor":3},{"not_picked":["Redo","Reprogram"],"picked":"Genetic Algorithm","floor":4},{"not_picked":["Tempest","Go for the Eyes"],"picked":"Sunder","floor":7},{"not_picked":["Hologram","Streamline"],"picked":"Conserve Battery","floor":11},{"not_picked":["BasicCrystalCard","ReplayTheSpireMod:GoodbyeWorld"],"picked":"conspire:Rain","floor":13},{"not_picked":["Darkness","Panic Button"],"picked":"Beam Cell","floor":14},{"not_picked":["Multi-Cast","Machine Learning"],"picked":"ReplayTheSpireMod:Fabricate Wheel","floor":16},{"not_picked":["Gash","conspire:SharedLibrary"],"picked":"Conserve Battery+1","floor":18},{"not_picked":["Compile Driver","Ball Lightning"],"picked":"Capacitor","floor":18},{"not_picked":["Ball Lightning+1","Steam"],"picked":"Aggregate","floor":19},{"not_picked":["FTL","Streamline"],"picked":"Cold Snap","floor":19},{"not_picked":["Beam Cell","Conserve Battery"],"picked":"Consume","floor":20},{"not_picked":["ReplayTheSpireMod:Dual Polarity","Consume"],"picked":"BasicCrystalCard","floor":22},{"not_picked":["Cold Snap+1","Darkness"],"picked":"Go for the Eyes","floor":22},{"not_picked":["Gash","Biased Cognition"],"picked":"Heatsinks","floor":25},{"not_picked":["ReplayTheSpireMod:GoodbyeWorld","Hologram"],"picked":"Redo+1","floor":27},{"not_picked":["Streamline","Hello World"],"picked":"Stack+1","floor":27}],"player_experience":155746,"relics_obtained":[{"floor":7,"key":"Replay:Mystery Machine"},{"floor":9,"key":"Toy Ornithopter"},{"floor":20,"key":"Red Mask"},{"floor":21,"key":"Simple Rune"},{"floor":25,"key":"Nunchaku"},{"floor":26,"key":"PreservedInsect"}],"event_choices":[{"damage_healed":0,"gold_gain":0,"player_choice":"Rummage","damage_taken":0,"relics_obtained":["WarpedTongs"],"max_hp_gain":0,"max_hp_loss":0,"event_name":"Accursed Blacksmith","floor":2,"gold_loss":0,"cards_obtained":["Pain"]},{"damage_healed":0,"gold_gain":0,"player_choice":"Fought Bandits","damage_taken":0,"max_hp_gain":0,"max_hp_loss":0,"event_name":"Masked Bandits","floor":20,"gold_loss":0},{"damage_healed":0,"gold_gain":0,"player_choice":"Simplicity","damage_taken":0,"max_hp_gain":0,"max_hp_loss":0,"event_name":"Back to Basics","floor":29,"gold_loss":0,"cards_upgraded":["Strike_B","Strike_B","Strike_B","Strike_B","Defend_B","Defend_B","Defend_B","Defend_B"]}],"is_beta":false,"boss_relics":[{"not_picked":["Velvet Choker","Calling Bell"],"picked":"conspire:SpecialSausage"}],"items_purged_floors":[5],"is_endless":false,"potions_floor_spawned":[3,4,13,18,20,22],"killed_by":"Collector","ascension_level":0}}