{"host":"fm9e0lfunjlbhzxv","time":1610737927,"event":{"mods":["2.2 Compatiblity","Astrologer","BaseMod","Bestiary","Better Match","Better Skull","Better Third Choice","Colored Map","Colored Powertips","Curses Come First","Dark Map","Energized Spire","Key Reminder","Koishi","Minty Spire (QoL Compilation)","Permanent Neow","Rare Cards Sparkle","Relic Stats","Shade Mod","Spicy Shops","StSLib","The Administrix","The Bug Knight","The Disciple","The Marked","The Vixen","slay the spire mod where everything is the same but ironclad has a cowboy hat"],"gold_per_floor":[117,117,135,95,111,111,128,158,158,171,26,26,26,70,70,194,194,207,207,226,83,102,138,138,182,232,272,293,311,344,359,359,480,480,496,496,516,532,532,532,568,568,568,568,632,83,101,120,120,120,120,120,3,36,36],"floor_reached":56,"language":"ENG","playtime":4924,"items_purged":["Shade:Strike_Shade","Shade:Strike_Shade","Shade:Strike_Shade"],"score":1342,"play_id":"11181f46-f8ec-4034-8f61-9262fbbd2252","local_time":"20210115111207","is_ascension_mode":false,"campfire_choices":[{"data":"Shade:Bonestorm","floor":6,"key":"SMITH"},{"data":"Shade:AnimateDead","floor":13,"key":"SMITH"},{"data":"Shade:Bonestorm","floor":15,"key":"SMITH"},{"data":"Shade:SensePrey","floor":24,"key":"SMITH"},{"data":"Shade:TouchOfTheGrave","floor":32,"key":"SMITH"},{"data":"Shade:RitualOffering","floor":40,"key":"SMITH"},{"floor":42,"key":"RECALL"},{"data":"Shade:GreyBargain","floor":49,"key":"SMITH"},{"data":"Shade:SkeletonArmy","floor":52,"key":"SMITH"}],"circlet_count":0,"master_deck":["Shade:Strike_Shade","Shade:Defend_Shade","Shade:Defend_Shade","Shade:Defend_Shade","Shade:AnimateDead+1","Shade:CarefulCut","Shade:RitualOffering+1","Shade:Bonestorm+1","Shade:FleshToFlesh+1","Shade:SoulToxin","Shade:AblativeArmor","Shade:OfferingToTheBeyond","Injury","Shade:Bonestorm+1","Shade:Putrefaction","Shade:AuraOfUnlife+1","Shade:SensePrey+1","Shade:Carnophage","Shade:WallOfFlesh+1","Shade:RitualOffering+1","Shade:Excise+1","Shade:CallOfTheGrave+1","Shade:TouchOfTheGrave+1","Shade:Brains","Shade:OminousRitual+1","Shade:DangerousRitual+1","Shade:DangerousRitual+1","Shade:WallOfFlesh+1","Shade:GoDigging+1","Shade:FuneraryArmor+1","Shade:Bonestorm+1","Shade:Asphyxiate+1","Shade:SkeletonArmy+1","Shade:GreyBargain+1","Shade:PressTheAttack+1","Shade:ScuttlingHand+1","Shade:ExtraLimbs+1"],"relics":["Shade:YorickSkull","Torii","Mercury Hourglass","Medical Kit","Golden Idol","Question Card","energizedSpire:EnergizedDie","InkBottle","PreservedInsect","Molten Egg 2","Meat on the Bone","energizedSpire:OgreHead","FossilizedHelix","Ornamental Fan","Pear","TheVixenMod:UmbreonRelic","Incense Burner","Membership Card","Toy Ornithopter","Kunai","Blue Candle","Happy Flower"],"acts_visited":["Exordium","TheCity","TheBeyond","TheEnding"],"potions_floor_usage":[25,31,38,46,47],"damage_taken":[{"damage":1,"enemies":"Small Slimes","floor":1,"turns":4},{"damage":0,"enemies":"2 Louse","floor":3,"turns":3},{"damage":1,"enemies":"Cultist","floor":5,"turns":3},{"damage":0,"enemies":"Red Slaver","floor":7,"turns":3},{"damage":18,"enemies":"Lagavulin","floor":8,"turns":6},{"damage":0,"enemies":"Blue Slaver","floor":10,"turns":3},{"damage":0,"enemies":"HollowMod:MossKnight","floor":14,"turns":5},{"damage":7,"enemies":"The Guardian","floor":16,"turns":11},{"damage":0,"enemies":"Chosen","floor":18,"turns":4},{"damage":0,"enemies":"2 Thieves","floor":20,"turns":3},{"damage":16,"enemies":"Snake Plant","floor":22,"turns":4},{"damage":1,"enemies":"Gremlin Leader","floor":23,"turns":5},{"damage":23,"enemies":"Book of Stabbing","floor":25,"turns":6},{"damage":0,"enemies":"Gremlin Leader","floor":27,"turns":4},{"damage":0,"enemies":"Cultist and Chosen","floor":28,"turns":4},{"damage":0,"enemies":"Shelled Parasite and Fungi","floor":29,"turns":2},{"damage":0,"enemies":"HollowMod:Nosk","floor":30,"turns":6},{"damage":0,"enemies":"Chosen and Byrds","floor":31,"turns":5},{"damage":1,"enemies":"Champ","floor":33,"turns":10},{"damage":0,"enemies":"Orb Walker","floor":35,"turns":5},{"damage":0,"enemies":"Mind Bloom Boss Battle","floor":36,"turns":6},{"damage":0,"enemies":"3 Darklings","floor":37,"turns":4},{"damage":1,"enemies":"Jaw Worm Horde","floor":38,"turns":4},{"damage":0,"enemies":"Nemesis","floor":41,"turns":7},{"damage":0,"enemies":"Nemesis","floor":44,"turns":4},{"damage":0,"enemies":"2 Orb Walkers","floor":45,"turns":5},{"damage":1,"enemies":"Spire Growth","floor":47,"turns":5},{"damage":0,"enemies":"Maw","floor":48,"turns":6},{"damage":35,"enemies":"Time Eater","floor":50,"turns":14},{"damage":41,"enemies":"Shield and Spear","floor":54,"turns":4},{"damage":9,"enemies":"The Heart","floor":55,"turns":10}],"seed_played":"-8150037935369858974","potions_obtained":[{"floor":3,"key":"BlessingOfTheForge"},{"floor":4,"key":"ColorlessPotion"},{"floor":4,"key":"Ancient Potion"},{"floor":4,"key":"Explosive Potion"},{"floor":5,"key":"ColorlessPotion"},{"floor":16,"key":"SkillPotion"},{"floor":27,"key":"FairyPotion"},{"floor":33,"key":"Strength Potion"},{"floor":35,"key":"Fruit Juice"},{"floor":41,"key":"Swift Potion"},{"floor":47,"key":"Strength Potion"}],"is_trial":false,"path_per_floor":["M","?","M","?","M","R","M","E","T","M","$","?","R","E","R","B",null,"M","?","M","$","M","E","R","E","T","E","M","M","E","M","R","B",null,"M","?","M","M","?","R","E","R","T","?","?","$","M","M","R","B",null,"R","$","E","B",null],"character_chosen":"SHADE","items_purchased":["Medical Kit","Shade:Carnophage","Membership Card","Toy Ornithopter","Kunai","Blue Candle","SkillPotion","Shade:Asphyxiate+1","Shade:PressTheAttack+1","Shade:ScuttlingHand+1"],"campfire_rested":0,"item_purchase_floors":[11,21,46,46,46,46,46,46,53,53],"current_hp_per_floor":[58,51,51,51,50,50,50,32,32,32,32,32,32,32,32,25,77,77,77,77,77,61,60,60,37,37,37,37,37,37,49,49,48,77,77,77,77,76,76,76,76,76,86,86,86,92,91,91,91,56,92,92,92,51,54],"gold":36,"neow_bonus":"TWENTY_PERCENT_HP_BONUS","is_daily":false,"chose_seed":false,"campfire_upgraded":8,"win_rate":0.0,"timestamp":1610737927,"path_taken":["M","?","M","?","?","R","M","E","T","M","?","?","R","E","R","BOSS","M","?","M","$","M","E","R","E","T","E","M","M","E","M","R","BOSS","M","?","M","M","?","R","E","R","T","?","?","$","M","M","R","BOSS","R","$","E","BOSS"],"items_purchased_type":["Relic","Card","Relic","Relic","Relic","Relic","Potion","Card","Card","Card"],"build_version":"2020-12-22","purchased_purges":3,"victory":true,"max_hp_per_floor":[77,77,77,77,77,77,77,77,77,77,77,77,77,77,77,77,77,77,77,77,77,77,77,77,77,77,77,77,77,77,77,77,77,77,77,77,77,77,77,77,77,77,87,87,87,92,92,92,92,92,92,92,92,92,92],"relic_stats":{"Torii":34,"Happy Flower":[3],"counters":[31,160],"Golden Idol":238,"Blue Candle":[0],"PreservedInsect":174,"Medical Kit":[18],"Question Card":22,"Mercury Hourglass":[463],"Ornamental Fan":[68],"Kunai":[16],"obtain_stats":[{"Pear":43,"Torii":8,"Happy Flower":54,"Shade:YorickSkull":0,"Golden Idol":12,"Blue Candle":46,"energizedSpire:EnergizedDie":17,"PreservedInsect":25,"energizedSpire:OgreHead":34,"Incense Burner":45,"Medical Kit":11,"Question Card":14,"Mercury Hourglass":9,"keyreminder:keyreminder":25,"Ornamental Fan":41,"Molten Egg 2":27,"Membership Card":46,"Kunai":46,"InkBottle":23,"FossilizedHelix":36,"TheVixenMod:UmbreonRelic":44,"Toy Ornithopter":46,"Meat on the Bone":30},{"Pear":24,"Torii":5,"Happy Flower":30,"Shade:YorickSkull":0,"Golden Idol":6,"Blue Candle":26,"energizedSpire:EnergizedDie":8,"PreservedInsect":13,"energizedSpire:OgreHead":19,"Incense Burner":26,"Medical Kit":6,"Question Card":7,"Mercury Hourglass":5,"keyreminder:keyreminder":13,"Ornamental Fan":24,"Molten Egg 2":14,"Membership Card":26,"Kunai":26,"InkBottle":12,"FossilizedHelix":21,"TheVixenMod:UmbreonRelic":24,"Toy Ornithopter":26,"Meat on the Bone":17},{"Pear":113,"Torii":19,"Happy Flower":150,"Shade:YorickSkull":0,"Golden Idol":22,"Blue Candle":121,"energizedSpire:EnergizedDie":38,"PreservedInsect":57,"energizedSpire:OgreHead":87,"Incense Burner":121,"Medical Kit":22,"Question Card":27,"Mercury Hourglass":19,"keyreminder:keyreminder":57,"Ornamental Fan":113,"Molten Egg 2":61,"Membership Card":121,"Kunai":121,"InkBottle":52,"FossilizedHelix":98,"TheVixenMod:UmbreonRelic":113,"Toy Ornithopter":121,"Meat on the Bone":73}],"InkBottle":[62],"Toy Ornithopter":1,"Meat on the Bone":24},"card_choices":[{"not_picked":["Shade:Brains","Shade:Trample"],"picked":"Shade:RitualOffering","floor":1},{"not_picked":["Shade:Brains","Shade:GreyBargain"],"picked":"Shade:Bonestorm","floor":3},{"not_picked":["Shade:MadHubris","Shade:Bonestorm"],"picked":"Shade:FleshToFlesh","floor":5},{"not_picked":["Shade:PotionOfRestlessness","Shade:Bonestorm"],"picked":"Shade:SoulToxin","floor":7},{"not_picked":["Shade:FuneraryJewels","Shade:AncientSpear"],"picked":"Shade:AblativeArmor","floor":8},{"not_picked":["Shade:Bonestorm","Shade:GraveStillness"],"picked":"Shade:OfferingToTheBeyond","floor":10},{"not_picked":["Shade:FleshOffering","Shade:CallWraith"],"picked":"Shade:Bonestorm","floor":14},{"not_picked":["Shade:UnbarTheGrave","Shade:MadHubris","Shade:DarkOfNight"],"picked":"Shade:Putrefaction","floor":16},{"not_picked":["Shade:CallWraith","Shade:GoDigging","Shade:FreshBones+1"],"picked":"Shade:AuraOfUnlife+1","floor":18},{"not_picked":["Shade:AblativeArmor","Shade:CallWraith+1","Shade:CoffinDance+1"],"picked":"Shade:SensePrey","floor":20},{"not_picked":["Shade:Frenzy","Shade:FuneraryArmor","Shade:CoffinDance+1"],"picked":"Shade:WallOfFlesh+1","floor":22},{"not_picked":["Shade:Trample","Shade:FleshToFlesh","Shade:ClawBack"],"picked":"Shade:RitualOffering+1","floor":23},{"not_picked":["Shade:AncientSpear","Shade:LichForm","Shade:LyeBath"],"picked":"Shade:Excise+1","floor":25},{"not_picked":["Shade:PoundOfFlesh+1","Shade:Premonition+1","Shade:CoffinDance+1"],"picked":"Shade:CallOfTheGrave+1","floor":27},{"not_picked":["Shade:GraveStillness","Shade:CoffinDance+1","Shade:PotionOfRestlessness"],"picked":"Shade:TouchOfTheGrave","floor":28},{"not_picked":["Shade:RitualOffering+1","Shade:SkeletonArmy","Shade:PotionOfRestlessness"],"picked":"Shade:Brains","floor":29},{"not_picked":["Shade:Trample+1","Shade:RavenousHorde+1","Shade:SoulPierce","Shade:ClawBack+1"],"picked":"SKIP","floor":30},{"not_picked":["Shade:FuneraryArmor","Shade:BoneShards+1","Shade:SkeletonHug+1","Shade:Patience"],"picked":"SKIP","floor":31},{"not_picked":["Shade:OneIsEnough+1","Shade:LichForm","Shade:UnbarTheGrave"],"picked":"Shade:OminousRitual+1","floor":33},{"not_picked":["Shade:Premonition+1","Shade:FingerOfDeath+1","Shade:GreyBargain"],"picked":"Shade:DangerousRitual+1","floor":35},{"not_picked":["Shade:CoffinDance+1","Shade:RitualOffering","Shade:FleshToFlesh"],"picked":"Shade:DangerousRitual+1","floor":36},{"not_picked":["Shade:LyeBath+1","Shade:AncientSpear+1","Shade:Bite_Shade+1"],"picked":"Shade:WallOfFlesh+1","floor":37},{"not_picked":["Shade:FreshBones+1","Shade:Frenzy","Shade:Premonition"],"picked":"Shade:GoDigging+1","floor":38},{"not_picked":["Shade:CommandSoldier+1","Shade:SkeletonArmy+1","Shade:GraveStillness"],"picked":"Shade:FuneraryArmor+1","floor":41},{"not_picked":["Shade:Frenzy","Shade:CoffinDance+1","Shade:Premonition"],"picked":"Shade:Bonestorm+1","floor":45},{"not_picked":["Shade:CallOfTheGrave","Shade:Brains","Shade:FleshToFlesh"],"picked":"Shade:SkeletonArmy","floor":47},{"not_picked":["Shade:FingerOfDeath+1","Shade:FeralStrike+1","Shade:CommandSoldier"],"picked":"Shade:GreyBargain","floor":48},{"not_picked":["Shade:Doomsay+1","Shade:Excise","Shade:SpontaneousRitual+1"],"picked":"Shade:ExtraLimbs+1","floor":54}],"player_experience":665096,"relics_obtained":[{"floor":8,"key":"Torii"},{"floor":9,"key":"Mercury Hourglass"},{"floor":14,"key":"Question Card"},{"floor":23,"key":"InkBottle"},{"floor":25,"key":"PreservedInsect"},{"floor":27,"key":"Molten Egg 2"},{"floor":30,"key":"Meat on the Bone"},{"floor":36,"key":"FossilizedHelix"},{"floor":41,"key":"Ornamental Fan"},{"floor":43,"key":"Pear"},{"floor":45,"key":"Incense Burner"},{"floor":54,"key":"Happy Flower"}],"event_choices":[{"cards_removed":["Shade:Defend_Shade"],"damage_healed":0,"gold_gain":0,"player_choice":"Card Removal","damage_taken":7,"max_hp_gain":0,"max_hp_loss":0,"event_name":"Golden Wing","floor":2,"gold_loss":0},{"damage_healed":0,"gold_gain":0,"player_choice":"Bought 3 Potions","damage_taken":0,"max_hp_gain":0,"max_hp_loss":0,"event_name":"The Woman in Blue","floor":4,"gold_loss":0},{"damage_healed":0,"gold_gain":0,"player_choice":"Take Wound","damage_taken":0,"relics_obtained":["Golden Idol"],"max_hp_gain":0,"max_hp_loss":0,"event_name":"Golden Idol","floor":12,"gold_loss":0,"cards_obtained":["Injury"]},{"damage_healed":0,"gold_gain":0,"player_choice":"Upgraded","damage_taken":0,"max_hp_gain":0,"max_hp_loss":0,"event_name":"Upgrade Shrine","floor":19,"gold_loss":0,"cards_upgraded":["Shade:FleshToFlesh"]},{"damage_healed":0,"gold_gain":0,"player_choice":"Fight","damage_taken":0,"max_hp_gain":0,"max_hp_loss":0,"event_name":"MindBloom","floor":36,"gold_loss":0},{"damage_healed":0,"gold_gain":0,"player_choice":"Ignored","damage_taken":0,"max_hp_gain":0,"max_hp_loss":0,"event_name":"Tomb of Lord Red Mask","floor":39,"gold_loss":0},{"damage_healed":0,"gold_gain":0,"player_choice":"Fight the Beast\u0027s assailants","damage_taken":0,"relics_obtained":["TheVixenMod:UmbreonRelic"],"max_hp_gain":0,"max_hp_loss":0,"event_name":"Creature of the Night","floor":44,"gold_loss":0},{"damage_healed":0,"gold_gain":0,"player_choice":"Fight","damage_taken":0,"max_hp_gain":0,"max_hp_loss":0,"event_name":"Mysterious Sphere","floor":45,"gold_loss":0}],"is_beta":false,"boss_relics":[{"not_picked":["SacredBark","Runic Dome"],"picked":"energizedSpire:EnergizedDie"},{"not_picked":["Tiny House","Coffee Dripper"],"picked":"energizedSpire:OgreHead"}],"items_purged_floors":[21,46,53],"is_endless":false,"potions_floor_spawned":[3,5,14,16,18,23,25,27,33,35,41,47,54],"ascension_level":0}}