{"host":"vddkjx04kiwje1tk","time":1610694394,"event":{"mods":["AchievementEnabler","BaseMod","Colored Map","Minty Spire (QoL Compilation)","Quick Restart","SuperFastMode"],"gold_per_floor":[117,137,11,24,24,24,55,55,55,69,69,144,144,164,164,164,164],"floor_reached":16,"language":"KOR","playtime":388,"items_purged":["Defend_B"],"score":120,"play_id":"11c2efe0-b2d1-4e75-9a80-fb19d382c057","local_time":"20210115160634","is_ascension_mode":true,"campfire_choices":[{"data":"Go for the Eyes","floor":6,"key":"SMITH"},{"floor":8,"key":"REST"},{"floor":13,"key":"REST"},{"data":"Gash","floor":15,"key":"SMITH"}],"circlet_count":0,"master_deck":["Strike_B","Strike_B","Strike_B","Strike_B","Defend_B","Defend_B","Defend_B","Zap","Dualcast","All For One","Turbo","Gash+1","Go for the Eyes+1","Hologram","Beam Cell"],"relics":["Cracked Core","White Beast Statue","Toxic Egg 2"],"acts_visited":["Exordium"],"potions_floor_usage":[16],"damage_taken":[{"damage":6,"enemies":"Cultist","floor":1,"turns":3},{"damage":3,"enemies":"2 Louse","floor":2,"turns":3},{"damage":0,"enemies":"Small Slimes","floor":4,"turns":3},{"damage":37,"enemies":"Lagavulin","floor":7,"turns":6},{"damage":0,"enemies":"Exordium Wildlife","floor":10,"turns":2},{"damage":40,"enemies":"Exordium Thugs","floor":14,"turns":4},{"damage":11,"enemies":"Slime Boss","floor":16,"turns":6}],"seed_played":"8767724349502891481","potions_obtained":[{"floor":1,"key":"Explosive Potion"},{"floor":10,"key":"FearPotion"},{"floor":14,"key":"Energy Potion"}],"is_trial":false,"path_per_floor":["M","M","$","M","$","R","E","R","T","M","?","?","R","M","R","B"],"character_chosen":"DEFECT","items_purchased":["Go for the Eyes"],"campfire_rested":2,"item_purchase_floors":[3],"current_hp_per_floor":[62,59,59,59,59,59,22,42,42,42,42,31,51,11,11,0,0],"gold":164,"neow_bonus":"THREE_RARE_CARDS","is_daily":false,"chose_seed":false,"campfire_upgraded":2,"win_rate":0.0,"timestamp":1610694394,"path_taken":["M","M","$","?","$","R","E","R","T","M","?","?","R","M","R","BOSS"],"items_purchased_type":["Card"],"build_version":"2020-12-22","purchased_purges":1,"victory":false,"max_hp_per_floor":[68,68,68,68,68,68,68,68,68,68,68,68,68,68,68,68,68],"card_choices":[{"not_picked":["Buffer","Biased Cognition"],"picked":"All For One","floor":0},{"not_picked":["Stack","Redo"],"picked":"Turbo","floor":1},{"not_picked":["Storm","Compile Driver"],"picked":"Gash","floor":2},{"not_picked":["Force Field","Melter"],"picked":"Hologram","floor":4},{"not_picked":["Hologram","Steam Power","Coolheaded"],"picked":"SKIP","floor":7},{"not_picked":["Leap+1","Storm"],"picked":"Beam Cell","floor":10},{"not_picked":["Turbo+1","Heatsinks","Aggregate+1"],"picked":"SKIP","floor":14}],"player_experience":193988,"relics_obtained":[{"floor":7,"key":"White Beast Statue"},{"floor":9,"key":"Toxic Egg 2"}],"event_choices":[{"damage_healed":0,"gold_gain":0,"player_choice":"Ignored","damage_taken":0,"max_hp_gain":0,"max_hp_loss":0,"event_name":"Liars Game","floor":11,"gold_loss":0},{"damage_healed":0,"gold_gain":75,"player_choice":"Gather Gold","damage_taken":11,"max_hp_gain":0,"max_hp_loss":0,"event_name":"World of Goop","floor":12,"gold_loss":0}],"is_beta":false,"boss_relics":[],"items_purged_floors":[3],"is_endless":false,"potions_floor_spawned":[1,10,14],"killed_by":"Slime Boss","ascension_level":4}}