{"host":"foq4mrde4mssg7vt","time":1610719819,"event":{"mods":["AchievementEnabler","BaseMod","Colored Map","Colored Powertips","Highlight Path","Minty Spire (QoL Compilation)","Relic Stats","everything is the same but u backflip on backflip"],"gold_per_floor":[111,131,142,154,24,49,49,84,84,135,192,247,247,262,262,335,335,355,355,355,68,81,81,110,110,134,153,153,164,176,176,176,251,251,267,278,34,34,34,34,68,68,68,68,68],"floor_reached":44,"language":"ENG","playtime":2165,"items_purged":["Zap"],"score":977,"play_id":"9e19a120-85b9-4b2c-b32d-6a16a5d0cd7c","local_time":"20210115221019","is_ascension_mode":true,"campfire_choices":[{"floor":7.0,"key":"REST"},{"data":"Defragment","floor":13.0,"key":"SMITH"},{"data":"Loop","floor":15.0,"key":"SMITH"},{"data":"Seek","floor":23.0,"key":"SMITH"},{"data":"Multi-Cast","floor":25.0,"key":"SMITH"},{"floor":32.0,"key":"REST"},{"data":"Hologram","floor":40.0,"key":"SMITH"},{"data":"Multi-Cast","floor":42.0,"key":"SMITH"}],"circlet_count":0,"master_deck":["AscendersBane","Dualcast","Darkness","Cold Snap","FTL","Melter","Defragment+1","Barrage","Hologram+1","Multi-Cast+1","Compile Driver","Loop+1","Seek+1","Auto Shields","Double Energy","Glacier","Sunder","Capacitor","Reinforced Body","Turbo","Multi-Cast+1","Rainbow","Redo","Echo Form","Force Field","Defragment+1","Self Repair"],"relics":["Cracked Core","Toy Ornithopter","Torii","Turnip","Girya","Juzu Bracelet","Eternal Feather","Orichalcum","Pandora\u0027s Box","ClockworkSouvenir","Pear","Cursed Key","DollysMirror","Potion Belt"],"acts_visited":["Exordium","TheCity","TheBeyond"],"potions_floor_usage":[44],"damage_taken":[{"damage":1.0,"enemies":"Cultist","floor":1.0,"turns":3.0},{"damage":2.0,"enemies":"2 Louse","floor":2.0,"turns":4.0},{"damage":7.0,"enemies":"Jaw Worm","floor":3.0,"turns":3.0},{"damage":9.0,"enemies":"Red Slaver","floor":4.0,"turns":4.0},{"damage":35.0,"enemies":"3 Sentries","floor":6.0,"turns":7.0},{"damage":12.0,"enemies":"Lagavulin","floor":8.0,"turns":6.0},{"damage":13.0,"enemies":"3 Sentries","floor":11.0,"turns":8.0},{"damage":17.0,"enemies":"Exordium Wildlife","floor":14.0,"turns":5.0},{"damage":8.0,"enemies":"The Guardian","floor":16.0,"turns":9.0},{"damage":10.0,"enemies":"Chosen","floor":18.0,"turns":5.0},{"damage":17.0,"enemies":"Shell Parasite","floor":22.0,"turns":7.0},{"damage":39.0,"enemies":"Slavers","floor":24.0,"turns":4.0},{"damage":17.0,"enemies":"Centurion and Healer","floor":27.0,"turns":4.0},{"damage":6.0,"enemies":"Cultist and Chosen","floor":29.0,"turns":7.0},{"damage":8.0,"enemies":"Snake Plant","floor":30.0,"turns":6.0},{"damage":0.0,"enemies":"Champ","floor":33.0,"turns":13.0},{"damage":16.0,"enemies":"3 Darklings","floor":35.0,"turns":9.0},{"damage":1.0,"enemies":"3 Shapes","floor":36.0,"turns":2.0},{"damage":15.0,"enemies":"Nemesis","floor":41.0,"turns":9.0},{"damage":84,"enemies":"Reptomancer","floor":44,"turns":8}],"seed_played":"-1719206965774932982","potions_obtained":[{"floor":1.0,"key":"SkillPotion"},{"floor":6.0,"key":"EssenceOfSteel"},{"floor":11.0,"key":"AttackPotion"},{"floor":14.0,"key":"Explosive Potion"},{"floor":22.0,"key":"DistilledChaos"},{"floor":29.0,"key":"SmokeBomb"}],"is_trial":false,"path_per_floor":["M","M","M","M","$","E","R","E","T","T","?","T","R","M","R","B",null,"M","?","?","$","M","R","E","R","T","M","?","M","M","?","R","B",null,"M","M","$","?","?","R","E","R","T","E"],"character_chosen":"DEFECT","items_purchased":["Defragment","Barrage","ClockworkSouvenir","Redo","DollysMirror","Self Repair"],"campfire_rested":2,"item_purchase_floors":[5,5,21,21,37,37],"current_hp_per_floor":[63,61,54,45,45,15,36,24,24,24,16,16,28,11,23,20,58,48,48,48,48,31,43,19,31,31,14,30,24,16,16,52,52,74,58,57,57,57,57,72,71,81,81,0,0],"gold":68,"neow_bonus":"RANDOM_COMMON_RELIC","is_daily":false,"chose_seed":false,"campfire_upgraded":6,"win_rate":0.0,"timestamp":1610719819,"path_taken":["M","M","M","M","$","E","R","E","T","?","?","?","R","M","R","BOSS","M","?","?","?","M","R","E","R","T","M","?","M","M","?","R","BOSS","M","M","$","?","?","R","E","R","T","E"],"items_purchased_type":["Card","Card","Relic","Card","Relic","Card"],"build_version":"2020-12-22","purchased_purges":1,"victory":false,"max_hp_per_floor":[71,71,71,71,71,71,71,71,71,71,71,71,71,71,71,71,71,71,71,71,71,71,71,81,81,81,81,81,81,81,81,81,81,81,81,81,81,81,81,81,81,81,81,81,81],"relic_stats":{"Torii":38,"counters":[20,123],"Eternal Feather":85,"Pandora\u0027s Box":["Auto Shields","Double Energy","Glacier","Sunder","Creative AI","Thunder Strike","Capacitor","Reinforced Body"],"Turnip":[14],"Juzu Bracelet":1,"Orichalcum":[126],"Cursed Key":0,"obtain_stats":[{"Potion Belt":41,"Girya":9,"Pear":24,"Torii":6,"Eternal Feather":11,"Juzu Bracelet":10,"Orichalcum":12,"Cursed Key":34,"ClockworkSouvenir":21,"DollysMirror":37,"Pandora\u0027s Box":17,"Turnip":8,"Cracked Core":0,"Toy Ornithopter":0},{"Potion Belt":19,"Girya":6,"Pear":12,"Torii":5,"Eternal Feather":7,"Juzu Bracelet":6,"Orichalcum":7,"Cursed Key":16,"ClockworkSouvenir":10,"DollysMirror":18,"Pandora\u0027s Box":9,"Turnip":6,"Cracked Core":0,"Toy Ornithopter":0},{"Potion Belt":115,"Girya":27,"Pear":65,"Torii":21,"Eternal Feather":35,"Juzu Bracelet":27,"Orichalcum":35,"Cursed Key":95,"ClockworkSouvenir":54,"DollysMirror":106,"Pandora\u0027s Box":49,"Turnip":27,"Cracked Core":0,"Toy Ornithopter":0}],"Toy Ornithopter":20},"card_choices":[{"not_picked":["Skim","Turbo"],"picked":"Darkness","floor":1.0},{"not_picked":["Capacitor","Leap"],"picked":"Cold Snap","floor":2.0},{"not_picked":["Rebound","Hologram"],"picked":"FTL","floor":3.0},{"not_picked":["Auto Shields","Go for the Eyes"],"picked":"Melter","floor":4.0},{"not_picked":["Sunder","Redo"],"picked":"Hologram","floor":6.0},{"not_picked":["Hologram","Sweeping Beam"],"picked":"Multi-Cast","floor":8.0},{"not_picked":["Steam Power","Auto Shields"],"picked":"Compile Driver","floor":11.0},{"not_picked":["Rip and Tear","Beam Cell"],"picked":"Loop","floor":14.0},{"not_picked":["Buffer","Thunder Strike"],"picked":"Seek","floor":16.0},{"not_picked":["Capacitor","Leap"],"picked":"Turbo","floor":18.0},{"not_picked":["Blizzard","Barrage","Storm"],"picked":"SKIP","floor":22.0},{"not_picked":["Heatsinks","Streamline","Stack"],"picked":"SKIP","floor":24.0},{"not_picked":["Sunder","Stack","Static Discharge"],"picked":"SKIP","floor":27.0},{"not_picked":["Barrage","Beam Cell","Turbo"],"picked":"SKIP","floor":29.0},{"not_picked":["Sweeping Beam","Streamline","Steam"],"picked":"SKIP","floor":30.0},{"not_picked":["Rainbow","Seek"],"picked":"Echo Form","floor":33.0},{"not_picked":["Chaos","Cold Snap+1"],"picked":"Force Field","floor":35.0},{"not_picked":["Conserve Battery","Stack","Barrage+1"],"picked":"SKIP","floor":36.0},{"not_picked":["Barrage","Loop+1","Sweeping Beam"],"picked":"SKIP","floor":41.0}],"player_experience":469429,"relics_obtained":[{"floor":6.0,"key":"Torii"},{"floor":8.0,"key":"Turnip"},{"floor":9.0,"key":"Girya"},{"floor":10.0,"key":"Juzu Bracelet"},{"floor":11.0,"key":"Eternal Feather"},{"floor":12.0,"key":"Orichalcum"},{"floor":24.0,"key":"Pear"},{"floor":41.0,"key":"Potion Belt"}],"event_choices":[{"damage_healed":0.0,"max_hp_gain":0.0,"max_hp_loss":0.0,"gold_gain":0.0,"event_name":"Dead Adventurer","player_choice":"Searched \u00271\u0027 times","floor":11.0,"gold_loss":0.0,"damage_taken":0.0},{"damage_healed":0.0,"max_hp_gain":0.0,"max_hp_loss":0.0,"gold_gain":0.0,"event_name":"Vampires","player_choice":"Ignored","floor":19.0,"gold_loss":0.0,"damage_taken":0.0},{"damage_healed":0.0,"max_hp_gain":0.0,"max_hp_loss":0.0,"gold_gain":0.0,"cards_transformed":["Creative AI","Thunder Strike"],"event_name":"Drug Dealer","player_choice":"Became Test Subject","floor":20.0,"gold_loss":0.0,"damage_taken":0.0,"cards_obtained":["Multi-Cast","Rainbow"]},{"damage_healed":16.0,"max_hp_gain":0.0,"max_hp_loss":0.0,"gold_gain":0.0,"event_name":"The Library","player_choice":"Heal","floor":28.0,"gold_loss":0.0,"damage_taken":0.0},{"damage_healed":0.0,"max_hp_gain":0.0,"max_hp_loss":0.0,"gold_gain":0.0,"event_name":"Cursed Tome","player_choice":"Ignored","floor":31.0,"gold_loss":0.0,"damage_taken":0.0},{"damage_healed":0.0,"max_hp_gain":0.0,"max_hp_loss":0.0,"gold_gain":0.0,"event_name":"SensoryStone","player_choice":"Memory 1","floor":38.0,"gold_loss":0.0,"damage_taken":0.0},{"damage_healed":0.0,"max_hp_gain":0.0,"max_hp_loss":0.0,"gold_gain":0.0,"event_name":"Mysterious Sphere","player_choice":"Ignored","floor":39.0,"gold_loss":0.0,"damage_taken":0.0}],"is_beta":false,"boss_relics":[{"not_picked":["Sozu","SacredBark"],"picked":"Pandora\u0027s Box"},{"not_picked":["Empty Cage","Busted Crown"],"picked":"Cursed Key"}],"items_purged_floors":[21],"is_endless":false,"potions_floor_spawned":[1,6,11,14,22,29,30,33,36],"killed_by":"Reptomancer","ascension_level":18}}