{"host":"tnsigirk6wurdark","time":1610740038,"event":{"mods":["BaseMod","Bestiary","Colored Map","Colored Powertips","Curses Come First","DeckTracker","Highlight Path","Minty Spire (QoL Compilation)","Quick Restart","Relic Sorter","StSLib","Synergy Search"],"gold_per_floor":[117,1,20,84,9,36,36,47,72,84,234,234,234,248,248,346,346,371,384,403,62,0,0,0,0,0,23,23,23,23,57,57,57,57],"floor_reached":33,"language":"ENG","playtime":2068,"items_purged":["Strike_G","Doubt"],"score":518,"play_id":"c7edb0e2-2534-4f14-a987-0ef4a6697546","local_time":"20210115194718","is_ascension_mode":true,"campfire_choices":[{"data":"Deadly Poison","floor":7,"key":"SMITH"},{"data":"Dash","floor":13,"key":"SMITH"},{"data":"Catalyst","floor":15,"key":"SMITH"},{"floor":23,"key":"REST"},{"floor":28,"key":"REST"},{"floor":30,"key":"REST"},{"floor":32,"key":"REST"}],"circlet_count":0,"master_deck":["AscendersBane","Strike_G","Strike_G","Strike_G","Defend_G","Defend_G","Defend_G","Defend_G","Defend_G","Survivor","Neutralize","Backstab","Flechettes","Dash+1","Deadly Poison+1","Deflect","Riddle With Holes","Injury","Catalyst+1","Malaise","Terror","Finisher+1","Blade Dance","Backflip","Panacea","Caltrops","RitualDagger","Deadly Poison","Shame","Dagger Spray","Backflip+1"],"relics":["Ring of the Snake","NeowsBlessing","Cursed Key","Golden Idol","Happy Flower","Boot","Blood Vial","Incense Burner"],"acts_visited":["Exordium","TheCity"],"potions_floor_usage":[6,14,16,20],"damage_taken":[{"damage":0,"enemies":"Small Slimes","floor":1,"turns":1},{"damage":0,"enemies":"Jaw Worm","floor":3,"turns":1},{"damage":0,"enemies":"Lagavulin","floor":6,"turns":1},{"damage":0,"enemies":"2 Louse","floor":8,"turns":2},{"damage":0,"enemies":"Blue Slaver","floor":10,"turns":4},{"damage":0,"enemies":"Looter","floor":14,"turns":3},{"damage":49,"enemies":"The Guardian","floor":16,"turns":12},{"damage":0,"enemies":"3 Byrds","floor":18,"turns":5},{"damage":7,"enemies":"Chosen","floor":19,"turns":3},{"damage":15,"enemies":"Snake Plant","floor":20,"turns":4},{"damage":43,"enemies":"3 Cultists","floor":27,"turns":6},{"damage":46,"enemies":"Gremlin Leader","floor":31,"turns":5},{"damage":48,"enemies":"Champ","floor":33,"turns":7}],"seed_played":"6285354391604741409","potions_obtained":[{"floor":3,"key":"FearPotion"},{"floor":8,"key":"Dexterity Potion"},{"floor":14,"key":"Fruit Juice"},{"floor":19,"key":"Regen Potion"},{"floor":31,"key":"SpeedPotion"}],"is_trial":false,"path_per_floor":["M","$","M","?","?","E","R","M","T","M","?","?","R","M","R","B",null,"M","M","M","$","?","R","?","?","T","M","R","$","R","E","R","B"],"character_chosen":"THE_SILENT","items_purchased":["Flechettes","Backflip","Panacea","Caltrops"],"campfire_rested":4,"item_purchase_floors":[2,21,21,21],"current_hp_per_floor":[59,59,59,59,59,59,59,59,59,59,59,59,59,64,64,15,57,57,50,47,47,47,68,62,62,62,21,42,42,63,19,40,0,0],"gold":57,"neow_bonus":"THREE_ENEMY_KILL","is_daily":false,"chose_seed":false,"campfire_upgraded":3,"win_rate":0.0,"timestamp":1610740038,"path_taken":["M","$","M","?","?","E","R","M","T","M","?","?","R","M","R","BOSS","M","M","M","$","?","R","?","?","T","M","R","$","R","E","R","BOSS"],"items_purchased_type":["Card","Card","Card","Card"],"build_version":"2020-12-22","purchased_purges":2,"victory":false,"max_hp_per_floor":[66,66,66,66,66,66,66,66,66,66,66,66,66,71,71,71,71,71,71,71,71,71,71,71,71,71,71,71,71,71,71,71,71,71],"card_choices":[{"not_picked":["Dodge and Roll","Calculated Gamble"],"picked":"Backstab","floor":1},{"not_picked":["Infinite Blades","Blade Dance"],"picked":"Dash","floor":3},{"not_picked":["Slice","Masterful Stab"],"picked":"Deadly Poison","floor":6},{"not_picked":["Dodge and Roll","Underhanded Strike"],"picked":"Deflect","floor":8},{"not_picked":["Acrobatics","Finisher"],"picked":"Riddle With Holes","floor":10},{"not_picked":["Dagger Throw","Dodge and Roll"],"picked":"Catalyst","floor":14},{"not_picked":["Unload","Bullet Time"],"picked":"Malaise","floor":16},{"not_picked":["Flechettes","Flying Knee"],"picked":"Terror","floor":18},{"not_picked":["Heel Hook","PiercingWail"],"picked":"Finisher+1","floor":19},{"not_picked":["Poisoned Stab","Quick Slash"],"picked":"Blade Dance","floor":20},{"not_picked":["Reflex","Cloak And Dagger"],"picked":"Dagger Spray","floor":27},{"not_picked":["Blur","Backstab"],"picked":"Backflip+1","floor":31}],"player_experience":792690,"relics_obtained":[{"floor":6,"key":"Happy Flower"},{"floor":9,"key":"Boot"},{"floor":26,"key":"Blood Vial"},{"floor":31,"key":"Incense Burner"}],"event_choices":[{"damage_healed":0,"gold_gain":64,"player_choice":"Gained Gold","damage_taken":0,"max_hp_gain":0,"max_hp_loss":0,"event_name":"Golden Wing","floor":4,"gold_loss":0},{"cards_removed":["Strike_G"],"damage_healed":0,"gold_gain":0,"player_choice":"Card Removal","damage_taken":0,"max_hp_gain":0,"max_hp_loss":0,"event_name":"The Cleric","floor":5,"gold_loss":75},{"damage_healed":0,"gold_gain":150,"player_choice":"AGREE","damage_taken":0,"max_hp_gain":0,"max_hp_loss":0,"event_name":"Liars Game","floor":11,"gold_loss":0,"cards_obtained":["Doubt"]},{"damage_healed":0,"gold_gain":0,"player_choice":"Take Wound","damage_taken":0,"relics_obtained":["Golden Idol"],"max_hp_gain":0,"max_hp_loss":0,"event_name":"Golden Idol","floor":12,"gold_loss":0,"cards_obtained":["Injury"]},{"damage_healed":0,"gold_gain":0,"player_choice":"Paid Fearfully","damage_taken":0,"max_hp_gain":0,"max_hp_loss":0,"event_name":"Masked Bandits","floor":22,"gold_loss":62},{"damage_healed":0,"gold_gain":0,"player_choice":"Joined the Cult","damage_taken":6,"max_hp_gain":0,"max_hp_loss":0,"event_name":"Nest","floor":24,"gold_loss":0,"cards_obtained":["RitualDagger"]},{"damage_healed":0,"gold_gain":0,"player_choice":"Read","damage_taken":0,"max_hp_gain":0,"max_hp_loss":0,"event_name":"The Library","floor":25,"gold_loss":0,"cards_obtained":["Deadly Poison"]}],"is_beta":false,"boss_relics":[{"not_picked":["Astrolabe","Empty Cage"],"picked":"Cursed Key"}],"items_purged_floors":[2,21],"is_endless":false,"potions_floor_spawned":[3,8,14,19,31],"killed_by":"Champ","ascension_level":16}}