{"host":"7qoz5gmva6til3yp","time":1610716361,"event":{"mods":["AchievementEnabler","BaseMod","Minty Spire (QoL Compilation)","StSLib","SuperFastMode"],"gold_per_floor":[115,125,136,136,136,136,150,163,163,183,197,197,197,197,197],"floor_reached":14,"language":"KOR","playtime":248,"items_purged":[],"score":118,"play_id":"2ff6607a-fcbb-4e33-9999-ce891a69c605","local_time":"20210115221241","is_ascension_mode":true,"campfire_choices":[{"data":"Coolheaded","floor":6,"key":"SMITH"},{"data":"Redo","floor":12,"key":"SMITH"}],"circlet_count":0,"master_deck":["Strike_B","Strike_B","Strike_B","Strike_B","Defend_B","Defend_B+1","Defend_B","Defend_B","Zap+1","Dualcast","Coolheaded+1","Redo+1","Creative AI","Conserve Battery+1"],"relics":["Cracked Core","DataDisk","Ornamental Fan","Darkstone Periapt"],"acts_visited":["Exordium"],"potions_floor_usage":[],"damage_taken":[{"damage":0,"enemies":"Cultist","floor":1,"turns":3},{"damage":1,"enemies":"Small Slimes","floor":2,"turns":3},{"damage":2,"enemies":"Jaw Worm","floor":3,"turns":4},{"damage":8,"enemies":"Exordium Wildlife","floor":7,"turns":3},{"damage":4,"enemies":"Looter","floor":8,"turns":3},{"damage":11,"enemies":"Exordium Thugs","floor":10,"turns":4},{"damage":9,"enemies":"3 Louse","floor":11,"turns":3},{"damage":16,"enemies":"3 Sentries","floor":14,"turns":4}],"seed_played":"-9027253402723796018","potions_obtained":[{"floor":2,"key":"CultistPotion"},{"floor":3,"key":"DistilledChaos"},{"floor":8,"key":"ColorlessPotion"}],"is_trial":false,"path_per_floor":["M","M","M","?","?","R","M","M","T","M","M","R","?","E"],"character_chosen":"DEFECT","items_purchased":[],"campfire_rested":0,"item_purchase_floors":[],"current_hp_per_floor":[68,67,65,62,62,62,54,50,50,39,30,30,15,0,0],"gold":197,"neow_bonus":"RANDOM_COMMON_RELIC","is_daily":false,"chose_seed":false,"campfire_upgraded":2,"win_rate":0.0,"timestamp":1610716361,"path_taken":["M","?","M","?","?","R","M","M","T","M","?","R","?","E"],"items_purchased_type":[],"build_version":"2020-12-22","purchased_purges":0,"victory":false,"max_hp_per_floor":[75,75,75,75,75,75,75,75,75,75,75,75,75,75,75],"card_choices":[{"not_picked":["Ball Lightning","Rebound"],"picked":"Coolheaded","floor":1},{"not_picked":["Skim","Beam Cell"],"picked":"Redo","floor":2},{"not_picked":["Redo","Hologram","Consume"],"picked":"SKIP","floor":3},{"not_picked":["Steam","Stack","Turbo"],"picked":"SKIP","floor":7},{"not_picked":["Rebound","Sweeping Beam"],"picked":"Creative AI","floor":8},{"not_picked":["Leap","Tempest","Darkness"],"picked":"SKIP","floor":10},{"not_picked":["Turbo","Darkness"],"picked":"Conserve Battery","floor":11}],"player_experience":358658,"relics_obtained":[{"floor":9,"key":"Darkstone Periapt"}],"event_choices":[{"damage_healed":0,"gold_gain":0,"player_choice":"Success","damage_taken":3,"relics_obtained":["Ornamental Fan"],"max_hp_gain":0,"max_hp_loss":0,"event_name":"Scrap Ooze","floor":4,"gold_loss":0},{"damage_healed":0,"gold_gain":0,"player_choice":"Forge","damage_taken":0,"max_hp_gain":0,"max_hp_loss":0,"event_name":"Accursed Blacksmith","floor":5,"gold_loss":0,"cards_upgraded":["Zap"]},{"damage_healed":0,"gold_gain":0,"player_choice":"Entered Light","damage_taken":15,"max_hp_gain":0,"max_hp_loss":0,"event_name":"Shining Light","floor":13,"gold_loss":0,"cards_upgraded":["Conserve Battery","Defend_B"]}],"is_beta":false,"boss_relics":[],"items_purged_floors":[],"is_endless":false,"potions_floor_spawned":[2,3,8],"killed_by":"3 Sentries","ascension_level":8}}