{"host":"u19jhb6amotr3ucl","time":1610684191,"event":{"mods":["Act Like it!","BaseMod","Better Match","BetterRewards","Conspire","Duelist Mod","Hubris","Infinite Spire","Marisa????????","Minty Spire (QoL Compilation)","Quick Restart","Replay The Spire","Spicy Shops","StSLib","The Animator"],"gold_per_floor":[130,142,142,160,160,160,187,232,308,335,166,181,181,198,198,198,198],"floor_reached":16,"language":"ENG","playtime":1242,"items_purged":[],"score":110,"play_id":"c1e5c54b-813c-4a23-a398-49c817edbf40","local_time":"20210114231631","is_ascension_mode":false,"campfire_choices":[{"floor":6,"key":"RECALL"},{"floor":13,"key":"REST"},{"floor":15,"key":"REST"}],"circlet_count":0,"master_deck":["animator:Strike_MadokaMagica","animator:Defend_MadokaMagica","animator:Strike","animator:Strike","animator:Strike","animator:Defend","animator:Defend","animator:Defend","animator:IrohaTamaki","animator:YuiTsuruno","animator:UneriGinkaku","animator:Togame","animator:Gillette","animator:ChaikaTrabant","ReplayTheSpireMod:Splinters","animator:Elsword","animator:Add+1","animator:NagisaMomoe+1","animator:MamizouFutatsuiwa+1","animator:Ara","animator:YaoHaDucy"],"relics":["Cracked Core","animator:TheMissingPiece","hubris:Towel","infinitespire:Cubic Diamond","hubris:SphereOfDissonance","Toxic Egg 2","Snack Pack","Replay:Multitool"],"acts_visited":["Exordium"],"potions_floor_usage":[7,12],"damage_taken":[{"damage":7,"enemies":"Small Slimes","floor":1,"turns":6},{"damage":0,"enemies":"2 Louse","floor":2,"turns":3},{"damage":0,"enemies":"Jaw Worm","floor":4,"turns":5},{"damage":29,"enemies":"Lagavulin","floor":7,"turns":6},{"damage":18,"enemies":"3 Sentries","floor":10,"turns":5},{"damage":13,"enemies":"Lots of Slimes","floor":12,"turns":3},{"damage":6,"enemies":"Exordium Wildlife","floor":14,"turns":3},{"damage":50,"enemies":"Hexaghost","floor":16,"turns":10}],"seed_played":"8272453057672114218","potions_obtained":[{"floor":1,"key":"SteroidPotion"},{"floor":2,"key":"SmokeBomb"},{"floor":8,"key":"DistilledChaos"}],"is_trial":false,"path_per_floor":["M","M","?","M","?","R","E","?","T","E","$","M","R","M","R","B"],"character_chosen":"THE_ANIMATOR","items_purchased":["animator:NagisaMomoe+1","animator:MamizouFutatsuiwa+1"],"campfire_rested":2,"item_purchase_floors":[11,11],"current_hp_per_floor":[65,66,66,66,66,66,37,37,37,19,19,10,31,25,46,0,0],"gold":198,"neow_bonus":"TEN_PERCENT_HP_BONUS","is_daily":false,"chose_seed":false,"campfire_upgraded":0,"win_rate":0.0,"timestamp":1610684191,"path_taken":["M","M","?","M","?","R","E","?","T","E","$","?","R","M","R","BOSS"],"items_purchased_type":["Card","Card"],"build_version":"2020-12-22","purchased_purges":0,"victory":false,"max_hp_per_floor":[72,73,73,73,73,73,73,73,73,73,73,73,73,73,73,73,73],"card_choices":[{"not_picked":["animator:Shichika","animator:Aisha"],"picked":"animator:UneriGinkaku","floor":1},{"not_picked":["animator:Shinoa","animator:YachiyoNanami"],"picked":"animator:Togame","floor":2},{"not_picked":["animator:Lu","animator:Ara"],"picked":"animator:Gillette","floor":4},{"not_picked":["animator:Gillette","animator:Darkness"],"picked":"animator:ChaikaTrabant","floor":7},{"not_picked":["animator:LeleiLaLalena+1","animator:ChaikaBohdan"],"picked":"animator:Elsword","floor":8},{"not_picked":["animator:Darkness","animator:TukaLunaMarceau+1"],"picked":"animator:Add+1","floor":10},{"not_picked":["animator:ChaikaBohdan","animator:Elsword"],"picked":"animator:Ara","floor":12},{"not_picked":["animator:Shinoa+1","animator:Emonzaemon"],"picked":"animator:YaoHaDucy","floor":14}],"player_experience":304626,"relics_obtained":[{"floor":7,"key":"hubris:SphereOfDissonance"},{"floor":8,"key":"Toxic Egg 2"},{"floor":9,"key":"Snack Pack"},{"floor":10,"key":"Replay:Multitool"}],"event_choices":[],"is_beta":false,"boss_relics":[],"items_purged_floors":[],"is_endless":false,"potions_floor_spawned":[1,2],"killed_by":"Hexaghost","ascension_level":0}}