{"host":"kgfs5ebhusfk1t4t","time":1610713419,"event":{"mods":["BaseMod","Colored Map","DeckTracker","Highlight Path","KOR Keyword Fix","Keyboard Shortcuts","Minty Spire (QoL Compilation)","Permanent Neow","Quick Restart","StSLib","SuperFastMode","everything is the same but u backflip on backflip"],"gold_per_floor":[116,126,141,91,108,108,133,145,157,169,216,242,254,286,298,407,419,443,455,340,340,340,374,374,408,408,418,438,467,467,497,497,602,602,616,43,61,61,61,87,101,117,141,474,474,474,474],"floor_reached":46,"language":"KOR","playtime":2539,"items_purged":["Strike_R","Strike_R"],"score":996,"play_id":"3417e4fe-941d-47cb-ab57-43edc753fb93","local_time":"20210115212339","is_ascension_mode":true,"campfire_choices":[{"data":"Armaments","floor":6.0,"key":"SMITH"},{"data":"Bludgeon","floor":10.0,"key":"SMITH"},{"data":"Shrug It Off","floor":15.0,"key":"SMITH"},{"data":"Offering","floor":30.0,"key":"SMITH"},{"floor":32.0,"key":"RECALL"},{"floor":45,"key":"REST"}],"circlet_count":0,"master_deck":["AscendersBane","Defend_R","Defend_R","Bash","Anger","Carnage","Armaments+1","Bludgeon+1","Second Wind","Shrug It Off+1","Perfected Strike","Clothesline","Reaper","Burning Pact","Power Through","Decay","Offering+1","Dark Embrace","Uppercut","Disarm","Spot Weakness","Immolate","Inflame","Twin Strike+1","Madness","Madness","Body Slam","Sever Soul","Headbutt"],"relics":["Burning Blood","MawBank","Darkstone Periapt","Mark of Pain","Mercury Hourglass","Enchiridion","Anchor","Gremlin Horn","Du-Vu Doll","Potion Belt","Nunchaku","Busted Crown","Mango","Toy Ornithopter","Bag of Marbles","Old Coin"],"acts_visited":["Exordium","TheCity","TheBeyond"],"potions_floor_usage":[],"damage_taken":[{"damage":2.0,"enemies":"Jaw Worm","floor":1.0,"turns":3.0},{"damage":3.0,"enemies":"Small Slimes","floor":2.0,"turns":3.0},{"damage":2.0,"enemies":"2 Louse","floor":3.0,"turns":3.0},{"damage":16.0,"enemies":"Exordium Thugs","floor":5.0,"turns":4.0},{"damage":10.0,"enemies":"Gremlin Nob","floor":7.0,"turns":3.0},{"damage":21.0,"enemies":"Lagavulin","floor":11.0,"turns":5.0},{"damage":10.0,"enemies":"3 Louse","floor":12.0,"turns":3.0},{"damage":4.0,"enemies":"2 Fungi Beasts","floor":14.0,"turns":3.0},{"damage":41.0,"enemies":"The Guardian","floor":16.0,"turns":10.0},{"damage":0.0,"enemies":"Spheric Guardian","floor":18.0,"turns":2.0},{"damage":22.0,"enemies":"Slavers","floor":23.0,"turns":6.0},{"damage":7.0,"enemies":"Book of Stabbing","floor":25.0,"turns":8.0},{"damage":6.0,"enemies":"3 Byrds","floor":27.0,"turns":4.0},{"damage":0.0,"enemies":"Snake Plant","floor":28.0,"turns":2.0},{"damage":8.0,"enemies":"Gremlin Leader","floor":29.0,"turns":3.0},{"damage":11.0,"enemies":"Book of Stabbing","floor":31.0,"turns":5.0},{"damage":61.0,"enemies":"Automaton","floor":33.0,"turns":10.0},{"damage":3.0,"enemies":"3 Shapes","floor":35.0,"turns":3.0},{"damage":9.0,"enemies":"3 Darklings","floor":37.0,"turns":3.0},{"damage":6.0,"enemies":"Reptomancer","floor":40.0,"turns":2.0},{"damage":41.0,"enemies":"Maw","floor":41.0,"turns":6.0},{"damage":28.0,"enemies":"Jaw Worm Horde","floor":42.0,"turns":3.0},{"damage":54,"enemies":"Nemesis","floor":44,"turns":7},{"damage":45,"enemies":"Spire Growth","floor":46,"turns":2}],"seed_played":"6727738790564582925","potions_obtained":[{"floor":3.0,"key":"FearPotion"},{"floor":5.0,"key":"LiquidBronze"},{"floor":11.0,"key":"Fire Potion"},{"floor":23.0,"key":"AttackPotion"},{"floor":27.0,"key":"Explosive Potion"},{"floor":28.0,"key":"Dexterity Potion"},{"floor":29.0,"key":"AttackPotion"},{"floor":31.0,"key":"SteroidPotion"},{"floor":37.0,"key":"LiquidMemories"},{"floor":44,"key":"LiquidBronze"}],"is_trial":false,"path_per_floor":["M","M","M","?","M","R","E","?","T","R","E","M","?","M","R","B",null,"M","?","$","T","?","E","?","E","T","M","M","E","R","E","R","B",null,"M","$","M","?","?","E","M","M","T","E","R","M"],"character_chosen":"IRONCLAD","items_purchased":["ColorlessPotion","SkillPotion","Energy Potion","Mango","Inflame"],"campfire_rested":1,"item_purchase_floors":[20,36,36,36,36],"current_hp_per_floor":[55,58,62,62,52,52,48,74,74,74,59,55,55,57,57,22,66,72,72,72,72,56,49,55,60,60,69,75,73,73,77,77,22,70,73,87,97,84,84,94,63,56,56,8,38,0,0],"gold":474,"neow_bonus":"REMOVE_TWO","is_daily":false,"chose_seed":false,"campfire_upgraded":4,"win_rate":0.0,"timestamp":1610713419,"path_taken":["M","M","M","?","M","R","E","?","T","R","E","M","?","M","R","BOSS","M","?","$","?","?","E","?","E","T","M","M","E","R","E","R","BOSS","M","$","M","?","?","E","M","M","T","E","R","M"],"items_purchased_type":["Potion","Potion","Potion","Relic","Card"],"build_version":"2020-12-22","purchased_purges":2,"victory":false,"max_hp_per_floor":[80,80,80,80,80,80,80,80,80,80,80,80,80,80,80,80,80,80,80,80,80,80,80,86,86,86,86,86,86,86,86,86,86,86,86,100,100,100,100,100,100,100,100,100,100,100,100],"card_choices":[{"not_picked":["Disarm","Pummel"],"picked":"Anger","floor":1.0},{"not_picked":["Power Through","Perfected Strike"],"picked":"Carnage","floor":2.0},{"not_picked":["Iron Wave","Pommel Strike"],"picked":"Armaments","floor":3.0},{"not_picked":["Inflame","Body Slam"],"picked":"Bludgeon","floor":5.0},{"not_picked":["Metallicize","Dual Wield"],"picked":"Second Wind","floor":7.0},{"not_picked":["Reckless Charge","Infernal Blade"],"picked":"Rage","floor":11.0},{"not_picked":["Pommel Strike","Thunderclap"],"picked":"Shrug It Off","floor":12.0},{"not_picked":["Flex","Rupture"],"picked":"Clothesline","floor":14.0},{"not_picked":["Bludgeon","Fiend Fire"],"picked":"Reaper","floor":16.0},{"not_picked":["True Grit","Hemokinesis"],"picked":"Burning Pact","floor":18.0},{"not_picked":["Clothesline","True Grit"],"picked":"Power Through","floor":23.0},{"not_picked":["Ghostly Armor","Warcry"],"picked":"Offering","floor":25.0},{"not_picked":["Shrug It Off","Intimidate+1"],"picked":"Dark Embrace","floor":27.0},{"not_picked":["Anger","Perfected Strike"],"picked":"Uppercut","floor":28.0},{"not_picked":["Shrug It Off","Anger"],"picked":"Disarm","floor":29.0},{"not_picked":["Havoc","Dual Wield"],"picked":"Spot Weakness","floor":31.0},{"not_picked":["Berserk","Offering"],"picked":"Immolate","floor":33.0},{"not_picked":["Clash"],"picked":"SKIP","floor":35.0},{"not_picked":[],"picked":"Twin Strike+1","floor":37.0},{"not_picked":["Clash"],"picked":"SKIP","floor":40.0},{"not_picked":[],"picked":"Body Slam","floor":41.0},{"not_picked":[],"picked":"Sever Soul","floor":42.0},{"not_picked":[],"picked":"Headbutt","floor":44}],"player_experience":484607,"relics_obtained":[{"floor":7.0,"key":"MawBank"},{"floor":11.0,"key":"Darkstone Periapt"},{"floor":21.0,"key":"Mercury Hourglass"},{"floor":22.0,"key":"Enchiridion"},{"floor":23.0,"key":"Anchor"},{"floor":25.0,"key":"Gremlin Horn"},{"floor":26.0,"key":"Du-Vu Doll"},{"floor":29.0,"key":"Potion Belt"},{"floor":31.0,"key":"Nunchaku"},{"floor":40.0,"key":"Toy Ornithopter"},{"floor":43.0,"key":"Bag of Marbles"},{"floor":44,"key":"Old Coin"}],"event_choices":[{"cards_removed":["Strike_R"],"damage_healed":0.0,"max_hp_gain":0.0,"max_hp_loss":0.0,"gold_gain":0.0,"event_name":"The Cleric","player_choice":"Card Removal","floor":4.0,"gold_loss":50.0,"damage_taken":0.0},{"damage_healed":26.0,"max_hp_gain":0.0,"max_hp_loss":0.0,"gold_gain":0.0,"event_name":"Big Fish","player_choice":"Banana","floor":8.0,"gold_loss":0.0,"damage_taken":0.0},{"damage_healed":0.0,"max_hp_gain":0.0,"max_hp_loss":0.0,"gold_gain":0.0,"cards_transformed":["Strike_R"],"event_name":"Living Wall","player_choice":"Change","floor":13.0,"gold_loss":0.0,"damage_taken":0.0,"cards_obtained":["Perfected Strike"]},{"cards_removed":["Strike_R"],"damage_healed":0.0,"max_hp_gain":0.0,"max_hp_loss":0.0,"gold_gain":0.0,"event_name":"Wheel of Change","player_choice":"Card Removal","floor":19.0,"gold_loss":0.0,"damage_taken":0.0},{"damage_healed":0.0,"max_hp_gain":0.0,"max_hp_loss":0.0,"gold_gain":0.0,"event_name":"Cursed Tome","player_choice":"Obtained Book","floor":22.0,"gold_loss":0.0,"damage_taken":16.0},{"damage_healed":0.0,"max_hp_gain":0.0,"max_hp_loss":0.0,"gold_gain":0.0,"event_name":"Forgotten Altar","player_choice":"Smashed Altar","floor":24.0,"gold_loss":0.0,"damage_taken":0.0,"cards_obtained":["Decay"]},{"damage_healed":0.0,"max_hp_gain":0.0,"max_hp_loss":0.0,"gold_gain":0.0,"event_name":"Winding Halls","player_choice":"Embrace Madness","floor":38.0,"gold_loss":0.0,"damage_taken":13.0,"cards_obtained":["Madness","Madness"]},{"cards_removed":["Rage"],"damage_healed":0.0,"max_hp_gain":0.0,"max_hp_loss":0.0,"gold_gain":0.0,"event_name":"Falling","player_choice":"Removed Skill","floor":39.0,"gold_loss":0.0,"damage_taken":0.0}],"is_beta":false,"boss_relics":[{"not_picked":["Black Star","Runic Cube"],"picked":"Mark of Pain"},{"not_picked":["Empty Cage","Runic Dome"],"picked":"Busted Crown"}],"items_purged_floors":[20,36],"is_endless":false,"potions_floor_spawned":[3,5,11,23,27,28,29,31,37,44],"killed_by":"Spire Growth","ascension_level":12}}