{"host":"56ghxnzsglgdq727","time":1610729383,"event":{"mods":["AchievementEnabler","BaseMod","Downfall","Duelist Mod","Minty Spire (QoL Compilation)","Rare Cards Sparkle","StSLib","The Bug Knight","The Exalted","The Senshi","The Wild Card"],"gold_per_floor":[185,70,70,140,140,174,174,207,233,233,233,252,152,213,213,372,372,437,437,536,536,196,231,231,259,313,323,44,54,54,64,64,168,168,184,234,234,249,1,1,16,16,40,40,80,80,80,100,100,100],"floor_reached":51,"language":"ENG","playtime":2304,"items_purged":["theDuelist:CastleWalls","theDuelist:CastleWalls","theDuelist:Sparks"],"score":1080,"play_id":"31afd22f-25b7-439e-90e9-86ee9028d725","local_time":"20210115114943","is_ascension_mode":true,"campfire_choices":[{"data":"theDuelist:GaiaDragonChamp","floor":7,"key":"SMITH"},{"data":"theDuelist:DragonMirror","floor":10,"key":"SMITH"},{"floor":15,"key":"REST"},{"data":"theDuelist:EvilMind","floor":24,"key":"SMITH"},{"data":"theDuelist:ArmageddonDragonEmp","floor":32,"key":"SMITH"},{"data":"1","floor":40,"key":"LIFT"},{"data":"theDuelist:DragonMastery","floor":42,"key":"SMITH"},{"data":"2","floor":47,"key":"LIFT"},{"data":"3","floor":49,"key":"LIFT"}],"circlet_count":0,"master_deck":["theDuelist:BabyDragon+1","theDuelist:CaveDragon+1","theDuelist:CaveDragon+1","theDuelist:GoldenSparks","theDuelist:LesserDragon+1","theDuelist:LesserDragon+1","theDuelist:YamataDragon+1","theDuelist:GaiaDragonChamp+1","theDuelist:DragonMirror+1","theDuelist:VoidOgreDragon+1","theDuelist:EvilMind+1","theDuelist:UltimateOffering","theDuelist:Lancephorhynchus+1","theDuelist:ArmageddonDragonEmp+1","theDuelist:CyberDragonCore+1","theDuelist:ArmageddonDragonEmp","theDuelist:SeismicShockwave+1","theDuelist:DragonMastery+1","expansioncontent:DefensiveStance","theDuelist:Nameless:Magic:KamionTimelord","Decay"],"relics":["theDuelist:MillenniumPuzzle","theDuelist:CardPoolRelic","theDuelist:CardPoolBasicRelic","theDuelist:BoosterPackPoolRelic","theDuelist:CardPoolAddRelic","theDuelist:CardPoolMinusRelic","theDuelist:CardPoolSaveRelic","theDuelist:CardPoolOptionsRelic","theDuelist:MillenniumRod","Vajra","Boot","Happy Flower","Coffee Dripper","Membership Card","Shuriken","theDuelist:DuelistTeaSet","Calipers","Potion Belt","theDuelist:DragonRelicC","Anchor","Lee\u0027s Waffle","HoveringKite","Bird Faced Urn","Ice Cream","Bromod:ArcaneAvenger","Girya","TwistedFunnel","Cables","MealTicket","Incense Burner"],"acts_visited":["Exordium","TheCity","TheBeyond"],"potions_floor_usage":[6,8,16,23,25,33,41,45],"damage_taken":[{"damage":0,"enemies":"2 Louse","floor":1,"turns":4},{"damage":1,"enemies":"Cultist","floor":4,"turns":3},{"damage":21,"enemies":"HollowMod:MossKnight","floor":6,"turns":6},{"damage":8,"enemies":"Gremlin Nob","floor":8,"turns":4},{"damage":0,"enemies":"Jaw Worm","floor":12,"turns":3},{"damage":5,"enemies":"Blue Slaver","floor":14,"turns":3},{"damage":41,"enemies":"The Guardian","floor":16,"turns":8},{"damage":13,"enemies":"Chosen","floor":18,"turns":3},{"damage":24,"enemies":"Gremlin Leader","floor":23,"turns":4},{"damage":0,"enemies":"theDuelist:KaibaA2","floor":25,"turns":3},{"damage":0,"enemies":"Snecko","floor":27,"turns":3},{"damage":11,"enemies":"3 Cultists","floor":29,"turns":4},{"damage":9,"enemies":"Shelled Parasite and Fungi","floor":31,"turns":3},{"damage":6,"enemies":"Automaton","floor":33,"turns":5},{"damage":22,"enemies":"3 Darklings","floor":35,"turns":4},{"damage":22,"enemies":"3 Darklings","floor":36,"turns":3},{"damage":7,"enemies":"Orb Walker","floor":38,"turns":3},{"damage":0,"enemies":"Transient","floor":41,"turns":5},{"damage":0,"enemies":"Nemesis","floor":45,"turns":4},{"damage":0,"enemies":"Spire Growth","floor":48,"turns":2},{"damage":31,"enemies":"Time Eater","floor":50,"turns":5}],"seed_played":"7802424133384136775","potions_obtained":[{"floor":4,"key":"theDuelist:DragonOrbBottle"},{"floor":6,"key":"theDuelist:StunPotion"},{"floor":8,"key":"theDuelist:WaterBottle"},{"floor":16,"key":"Weak Potion"},{"floor":18,"key":"theDuelist:VoidBottle"},{"floor":27,"key":"theDuelist:DragonfirePotion"},{"floor":29,"key":"Energy Potion"},{"floor":36,"key":"theDuelist:WaterBottle"},{"floor":41,"key":"theDuelist:LavaBottle"}],"is_trial":false,"path_per_floor":["M","$","?","M","?","E","R","E","T","R","?","M","$","M","R","B",null,"M","?","?","?","$","E","R","E","T","M","$","M","?","M","R","B",null,"M","?","T","M","$","R","M","R","T","?","E","?","R","M","R","B",null],"character_chosen":"THE_DUELIST","items_purchased":["theDuelist:DragonMirror","Membership Card","Shuriken","theDuelist:DragonRelicC","Anchor","Lee\u0027s Waffle","expansioncontent:DefensiveStance","TwistedFunnel","Cables"],"campfire_rested":1,"item_purchase_floors":[2,22,22,28,28,28,39,39,39],"current_hp_per_floor":[72,72,72,71,64,43,43,35,35,35,35,35,35,30,51,10,57,44,44,44,44,44,20,20,20,20,20,79,68,68,59,59,53,73,51,29,29,24,24,24,30,30,30,30,34,34,34,38,38,15],"gold":100,"neow_bonus":"THREE_RARE_CARDS","is_daily":false,"chose_seed":false,"campfire_upgraded":5,"win_rate":0.0,"timestamp":1610729383,"path_taken":["M","$","?","?","?","E","R","E","T","R","?","M","$","M","R","BOSS","M","?","?","?","$","E","R","E","T","?","?","M","?","M","R","BOSS","M","?","?","M","$","R","?","R","T","?","E","?","R","M","R","BOSS"],"items_purchased_type":["Card","Relic","Relic","Relic","Relic","Relic","Card","Relic","Relic"],"build_version":"2020-12-22","purchased_purges":3,"victory":true,"max_hp_per_floor":[72,72,72,72,72,72,72,72,72,72,72,72,72,72,72,72,72,72,72,72,72,72,72,72,72,72,72,79,79,79,79,79,79,79,79,79,79,79,79,79,79,79,79,79,79,79,79,79,79,79],"card_choices":[{"not_picked":["theDuelist:WaterDragon","theDuelist:DefensiveTactics"],"picked":"theDuelist:GaiaDragonChamp","floor":0},{"not_picked":["theDuelist:BigFire","theDuelist:Hinotama","theDuelist:LightningDarts","theDuelist:ForbiddenLance","theDuelist:RainbowOverdragon"],"picked":"SKIP","floor":1},{"not_picked":["theDuelist:LostWorld","theDuelist:DoomkaiserDragon","theDuelist:BlueDuston","theDuelist:GravityLash"],"picked":"theDuelist:VoidOgreDragon","floor":4},{"not_picked":["theDuelist:LesserDragon","theDuelist:CoralDragon","theDuelist:MirageDragon","theDuelist:Earthquake","theDuelist:CyberDinosaur"],"picked":"SKIP","floor":6},{"not_picked":["theDuelist:Beatraptor","theDuelist:CyberDragonNachster","theDuelist:Pyrorex","theDuelist:TwinBarrelDragon"],"picked":"theDuelist:EvilMind","floor":8},{"not_picked":["theDuelist:LightningDarts","theDuelist:MagicalStone","theDuelist:BattleguardKing","theDuelist:ShardGreed"],"picked":"theDuelist:UltimateOffering","floor":12},{"not_picked":["theDuelist:SuperancientDinobeast","theDuelist:SauropodBrachion","theDuelist:Kabazauls","theDuelist:Carboneddon","theDuelist:BlackVeloci"],"picked":"SKIP","floor":14},{"not_picked":["theDuelist:WaterDragon","theDuelist:QueenDragunDjinn","theDuelist:DefensiveTactics","theDuelist:BlueDuston"],"picked":"theDuelist:Lancephorhynchus","floor":16},{"not_picked":["theDuelist:ViceDragon","theDuelist:CloudianGhost","theDuelist:BusterDrake","theDuelist:MoltenDestruction","theDuelist:GenesisDragon"],"picked":"SKIP","floor":18},{"not_picked":["theDuelist:TrihornedDragon","theDuelist:EvilMind+1","theDuelist:BlackTyranno","theDuelist:DarkHorus","theDuelist:BlackVeloci"],"picked":"SKIP","floor":23},{"not_picked":["theDuelist:LeviaDragon","theDuelist:DreadnoughtDreadnoid+1","theDuelist:GalaxySoldier","theDuelist:CyberDragonInfinity"],"picked":"theDuelist:ArmageddonDragonEmp","floor":25},{"not_picked":["theDuelist:Pyrorex","theDuelist:BusterDrake","theDuelist:MoltenDestruction","theDuelist:MirageDragon"],"picked":"theDuelist:CyberDragonCore","floor":27},{"not_picked":["theDuelist:RainbowOverdragon","theDuelist:RainbowBridge","theDuelist:BattleguardKing","theDuelist:Wiseman","theDuelist:Mausoleum"],"picked":"SKIP","floor":29},{"not_picked":["theDuelist:VeilDarkness","theDuelist:TrihornedDragon","theDuelist:DreadnoughtDreadnoid","theDuelist:DarkDriceratops+1","theDuelist:BlackBrutdrago"],"picked":"SKIP","floor":31},{"not_picked":["theDuelist:WaterDragon+1","theDuelist:VoidOgreDragon","theDuelist:SurvivalFittest","theDuelist:OceanDragonLord"],"picked":"theDuelist:ArmageddonDragonEmp","floor":33},{"not_picked":["theDuelist:SurvivalFittest+1","theDuelist:DefensiveTactics+1","theDuelist:JurassicImpact","theDuelist:BackupSoldier"],"picked":"theDuelist:SeismicShockwave+1","floor":35},{"not_picked":["theDuelist:WingedDragonRa+1","theDuelist:Lancephorhynchus+1","theDuelist:FiveHeaded","theDuelist:DefensiveTactics"],"picked":"theDuelist:DragonMastery","floor":36},{"not_picked":["theDuelist:BattleguardKing","theDuelist:RainbowOverdragon+1","theDuelist:BlueBloodedOni+1","theDuelist:GoldenApples+1","theDuelist:RainbowBridge+1"],"picked":"SKIP","floor":38},{"not_picked":["theDuelist:TwinBarrelDragon+1","theDuelist:CurseDragon+1","theDuelist:SnowDragon+1","theDuelist:Anthrosaurus","theDuelist:ArtifactIgnition"],"picked":"SKIP","floor":41},{"not_picked":["theDuelist:TrihornedDragon","theDuelist:BusterBlader+1","theDuelist:SuperancientDinobeast+1","theDuelist:CyberneticOverflow","theDuelist:ClawHermos"],"picked":"SKIP","floor":45},{"not_picked":["theDuelist:Earthquake+1","theDuelist:CyberEmergency+1","theDuelist:SilverWing","theDuelist:DragonRavine+1","theDuelist:EvilMind"],"picked":"SKIP","floor":48}],"player_experience":257696,"relics_obtained":[{"floor":6,"key":"Vajra"},{"floor":8,"key":"Boot"},{"floor":9,"key":"Happy Flower"},{"floor":23,"key":"theDuelist:DuelistTeaSet"},{"floor":25,"key":"Calipers"},{"floor":26,"key":"Potion Belt"},{"floor":36,"key":"Bird Faced Urn"},{"floor":36,"key":"Ice Cream"},{"floor":36,"key":"Bromod:ArcaneAvenger"},{"floor":37,"key":"Girya"},{"floor":43,"key":"MealTicket"},{"floor":45,"key":"Incense Burner"}],"event_choices":[{"damage_healed":0,"gold_gain":0,"player_choice":"Took item - Received: Millennium Rod","duelist":true,"damage_taken":0,"max_hp_gain":0,"max_hp_loss":0,"event_name":"Millennium Items","floor":3,"gold_loss":0},{"cards_removed":["theDuelist:CurseAging"],"damage_healed":0,"gold_gain":0,"player_choice":"Card Removal","damage_taken":7,"max_hp_gain":0,"max_hp_loss":0,"event_name":"Golden Wing","floor":5,"gold_loss":0},{"damage_healed":0,"gold_gain":0,"player_choice":"Leave","duelist":true,"damage_taken":0,"max_hp_gain":0,"max_hp_loss":0,"event_name":"Card Trader","floor":11,"gold_loss":0},{"damage_healed":0,"gold_gain":0,"player_choice":"Ignored","damage_taken":0,"max_hp_gain":0,"max_hp_loss":0,"event_name":"Ghosts","floor":19,"gold_loss":0},{"damage_healed":0,"gold_gain":99,"player_choice":"Stole From Cult","damage_taken":0,"max_hp_gain":0,"max_hp_loss":0,"event_name":"Nest","floor":20,"gold_loss":0},{"damage_healed":0,"gold_gain":0,"player_choice":"Leave","duelist":true,"damage_taken":0,"max_hp_gain":0,"max_hp_loss":0,"event_name":"Tomb of the Nameless","floor":21,"gold_loss":0},{"damage_healed":0,"gold_gain":0,"player_choice":"Fight","duelist":true,"damage_taken":0,"max_hp_gain":0,"max_hp_loss":0,"event_name":"Battle City","floor":36,"gold_loss":0},{"total_magic_score":110,"gold_gain":0,"duelist":true,"damage_taken":0,"relics_obtained":[],"points":4,"max_hp_gain":0,"max_hp_loss":0,"spent_points":{"magic":4,"greed":0,"war":0,"power":0,"hunger":0},"event_name":"Nameless Tomb","floor":44,"gold_loss":0,"magic_reward":4,"cards_obtained":["theDuelist:Nameless:Magic:KamionTimelord"]},{"damage_healed":0,"gold_gain":0,"player_choice":"Cursed","damage_taken":0,"max_hp_gain":0,"max_hp_loss":0,"event_name":"Wheel of Change","floor":46,"gold_loss":0,"cards_obtained":["Decay"]}],"is_beta":false,"boss_relics":[{"not_picked":["Mark of Pain","theDuelist:MillenniumKey"],"picked":"Coffee Dripper"},{"not_picked":["Pandora\u0027s Box","Fusion Hammer"],"picked":"HoveringKite"}],"items_purged_floors":[2,13,22],"is_endless":false,"potions_floor_spawned":[4,6,8,16,18,27,29,36,41],"ascension_level":5}}