{"host":"0z6l31g9ps0v9zzp","time":1610689613,"event":{"mods":["Act Like it!","Arknights The Spire","BaseMod","CapriCore","Minty Spire (QoL Compilation)","StSLib"],"gold_per_floor":[110,124,124,124,124,124,124,124,124,140,140,140,181,25,25,151,151,91,109,109,208,232,232,232,232],"floor_reached":24,"language":"ZHS","playtime":675,"items_purged":["ats:Strike V"],"score":190,"play_id":"cb557854-895b-4a28-b415-ef9f2f4d48c7","local_time":"20210115134653","daily_mods":["Heirloom","Flight"],"is_ascension_mode":false,"campfire_choices":[{"data":"ats:Emotion Absorption","floor":6.0,"key":"SMITH"},{"data":"ats:Armor Crushing Shot","floor":8.0,"key":"SMITH"},{"data":"ats:Poison Spread","floor":11.0,"key":"SMITH"},{"data":"ats:Disruption Kick","floor":15.0,"key":"SMITH"},{"data":"ats:Composite Medical Shells","floor":23,"key":"SMITH"}],"circlet_count":0,"master_deck":["ats:Strike S","ats:Defend","ats:Defend","ats:Defend","ats:Defend","ats:Emotion Absorption+1","ats:Poison Spread+1","ats:Composite Medical Shells+1","ats:Calcification","ats:Part Time Job+1","ats:Dogmatic Field+1","ats:Ignite+1","ats:Shell Defense","ats:Directed Diagnosis"],"relics":["ats:Sanity","Ginger","Sundial","Golden Idol","Shuriken","ats:Bonebreaker","ats:Originium","Boot","Astrolabe"],"acts_visited":["Exordium","TheCity"],"potions_floor_usage":[24],"damage_taken":[{"damage":5.0,"enemies":"Cultist","floor":1.0,"turns":4.0},{"damage":1.0,"enemies":"Jaw Worm","floor":2.0,"turns":4.0},{"damage":5.0,"enemies":"Small Slimes","floor":10.0,"turns":3.0},{"damage":5.0,"enemies":"Gremlin Nob","floor":13.0,"turns":4.0},{"damage":26.0,"enemies":"The Guardian","floor":16.0,"turns":13.0},{"damage":19.0,"enemies":"2 Thieves","floor":18.0,"turns":4.0},{"damage":20,"enemies":"Shell Parasite","floor":19,"turns":5},{"damage":27,"enemies":"Snake Plant","floor":22,"turns":5},{"damage":65,"enemies":"Book of Stabbing","floor":24,"turns":6}],"seed_played":"-8071927890199185995","potions_obtained":[{"floor":1.0,"key":"Block Potion"},{"floor":19,"key":"DistilledChaos"}],"is_trial":true,"path_per_floor":["M","M","?","?","?","R","?","R","T","M","R","T","E","$","R","B",null,"M","M","?","?","M","R","E"],"character_chosen":"DOCTOR_CLASS","items_purchased":["ats:Composite Medical Shells"],"campfire_rested":0,"item_purchase_floors":[14],"current_hp_per_floor":[67,66,66,71,64,64,45,45,45,40,40,40,35,35,35,9,77,73,63,63,63,49,49,0,0],"gold":232,"neow_bonus":"","is_daily":false,"chose_seed":false,"campfire_upgraded":5,"win_rate":0.0,"timestamp":1610689613,"path_taken":["M","?","?","?","?","R","?","R","T","?","R","?","E","$","R","BOSS","M","M","?","?","M","R","E"],"items_purchased_type":["Card"],"build_version":"2020-12-22","purchased_purges":1,"victory":false,"max_hp_per_floor":[72,72,72,77,77,77,77,77,77,77,77,77,77,77,77,77,77,77,77,77,77,77,77,77,77],"card_choices":[{"not_picked":["ats:Collapsing Strike","ats:Revitalization"],"picked":"ats:Poison Spread","floor":1.0},{"not_picked":["ats:Childhood Dance","ats:Powerful Strike","ats:Counter Healing Mode"],"picked":"SKIP","floor":2.0},{"not_picked":["ats:Leaping Hammer","ats:Assault Order","ats:Poison Spread"],"picked":"SKIP","floor":10.0},{"not_picked":["ats:Poison Spread","ats:Explosion Area Strengthen"],"picked":"ats:Disruption Kick","floor":13.0},{"not_picked":["ats:Soul Rend","ats:Echo Reverb"],"picked":"ats:Calcification","floor":16.0},{"not_picked":["ats:Revitalization","ats:Consecutive Shot Auto","ats:Collapsing Strike"],"picked":"SKIP","floor":18},{"not_picked":["ats:Ignite+1","ats:Sunburst+1"],"picked":"ats:Shell Defense","floor":19},{"not_picked":["ats:Powerful Strike","ats:Leaping Hammer+1"],"picked":"ats:Directed Diagnosis","floor":22}],"player_experience":280739,"relics_obtained":[{"floor":9.0,"key":"Shuriken"},{"floor":12.0,"key":"ats:Bonebreaker"},{"floor":13.0,"key":"ats:Originium"},{"floor":13.0,"key":"Boot"}],"event_choices":[{"damage_healed":0.0,"max_hp_gain":0.0,"max_hp_loss":0.0,"gold_gain":0.0,"event_name":"Liars Game","player_choice":"Ignored","floor":3.0,"gold_loss":0.0,"damage_taken":0.0},{"damage_healed":0.0,"max_hp_gain":5.0,"max_hp_loss":0.0,"gold_gain":0.0,"event_name":"Big Fish","player_choice":"Donut","floor":4.0,"gold_loss":0.0,"damage_taken":0.0},{"damage_healed":0.0,"max_hp_gain":0.0,"max_hp_loss":0.0,"gold_gain":0.0,"event_name":"Scrap Ooze","player_choice":"Success","floor":5.0,"gold_loss":0.0,"damage_taken":7.0,"relics_obtained":["Sundial"]},{"damage_healed":0.0,"max_hp_gain":0.0,"max_hp_loss":0.0,"gold_gain":0.0,"event_name":"Golden Idol","player_choice":"Take Damage","floor":7.0,"gold_loss":0.0,"damage_taken":19.0,"relics_obtained":["Golden Idol"]},{"cards_removed":["ats:Armor Crushing Shot"],"damage_healed":0,"gold_gain":0,"player_choice":"Elegance","damage_taken":0,"max_hp_gain":0,"max_hp_loss":0,"event_name":"Back to Basics","floor":20,"gold_loss":0},{"damage_healed":0,"gold_gain":99,"player_choice":"Stole From Cult","damage_taken":0,"max_hp_gain":0,"max_hp_loss":0,"event_name":"Nest","floor":21,"gold_loss":0}],"is_beta":false,"boss_relics":[{"not_picked":["Philosopher\u0027s Stone","SlaversCollar"],"picked":"Astrolabe"}],"items_purged_floors":[14],"is_endless":false,"potions_floor_spawned":[1,19],"killed_by":"Book of Stabbing","ascension_level":0}}