{"host":"af1kf8gfe86ugcx8","time":1610752645,"event":{"mods":["2.2 Compatiblity","BaseMod","Better Altar","Better Match","Better Sensory Stone","Better Skull","Better Vampires","BetterRewards","Card Filter","Colored Map","Conspire","Defuse TimeMaze Blight","Downfall","Energized Spire","Friendly Minions","Glutton Mod","Infinite Spire","Kratos Character Expansion","Mad Scientist","Minty Spire (QoL Compilation)","Permanent Neow","Quick Restart","Random Character Button","Replay The Spire","SOS???????","Shop Mod","Spikes Relics","StSLib","The Construct","The Death Knight","The Disciple","The Necromancer","Transform Curses","UnlockEverythingMod"],"gold_per_floor":[99,99,123,53,53,86,133,4,16,16,29,59,73,93,105,206,206,56,69,87,100,114,114,168,188,188,113,129,39,66,51,67,162,162,162,162,177,177,197,41,41,41,54,73,73,106,106,121,134,134,134,166,13,13,13],"floor_reached":56,"language":"ENG","playtime":5309,"items_purged":["Guardian:Defend_Guardian","Guardian:Defend_Guardian"],"score":1216,"play_id":"45a6a114-2e1d-4fcb-9077-2a56f407dc60","local_time":"20210115151725","is_ascension_mode":false,"campfire_choices":[{"floor":1,"key":"RECALL"},{"data":"Guardian:DecasProtection","floor":10,"key":"SMITH"},{"data":"Guardian:Suspension","floor":18,"key":"SMITH"},{"data":"infinitespire:Execution","floor":27,"key":"SMITH"},{"data":"Guardian:BaubleBeam","floor":35,"key":"SMITH"},{"data":"Guardian:ExploitGems","floor":45,"key":"SMITH"},{"data":"Guardian:SentryBeam","floor":47,"key":"SMITH"},{"data":"Guardian:Preprogram","floor":54,"key":"SMITH"}],"circlet_count":0,"master_deck":["Guardian:Strike_Guardian","Guardian:Strike_Guardian","Guardian:Strike_Guardian","Guardian:Strike_Guardian","Guardian:Defend_Guardian","Guardian:Defend_Guardian","Guardian:CurlUp","Guardian:TwinSlam","Guardian:ShieldCharger","Guardian:DecasProtection+1","Guardian:ChargeCore","Guardian:Recover","Guardian:Suspension+1","Guardian:SentryBeam+1","Guardian:ShieldCharger","Guardian:ShieldCharger","Guardian:StasisField","Guardian:TemporalShield+1","Guardian:ExploitGems+1","infinitespire:Execution+1","Guardian:VentSteam+1","Guardian:Preprogram+1","Guardian:Gem_Purple","Guardian:RollAttack","Guardian:TimeCapacitor+1","Guardian:BaubleBeam+1","Guardian:Aged","Parasite","Guardian:Repulse+1"],"relics":["Guardian:ModeShifter","downfall:HeartsMalice","Nunchaku","ReplayTheSpireMod:TigerMarble","Toy Ornithopter","Guardian:PickAxe","Runic Dome","downfall:HeartBlessingBlue","downfall:HeartBlessingRed","Vajra","Blood Vial","downfall:HeartBlessingGreen","Guardian:SackOfGems","conspire:SpecialSausage","Guardian:StasisEgg","Ring of Hypnosis","ClockworkSouvenir","Bottled Tornado","Happy Flower","SpikesRelics:DaevaFist","infinitespire:Bottled Soul","Lee\u0027s Waffle"],"acts_visited":["Exordium","TheCity","TheBeyond","TheEnding"],"potions_floor_usage":[13,28,50,50,50],"damage_taken":[{"damage":0,"enemies":"Cultist","floor":2,"turns":1},{"damage":0,"enemies":"downfall:FleeingMerchant","floor":4,"turns":1},{"damage":0,"enemies":"Lagavulin","floor":6,"turns":1},{"damage":4,"enemies":"downfall:FleeingMerchant","floor":8,"turns":4},{"damage":5,"enemies":"Jaw Worm","floor":9,"turns":4},{"damage":0,"enemies":"conspire:RoseBush","floor":11,"turns":2},{"damage":12,"enemies":"3 Sentries","floor":12,"turns":9},{"damage":10,"enemies":"Exordium Thugs","floor":13,"turns":4},{"damage":3,"enemies":"3 Louse","floor":14,"turns":3},{"damage":1,"enemies":"Exordium Wildlife","floor":15,"turns":4},{"damage":11,"enemies":"downfall:Silent","floor":16,"turns":12},{"damage":16,"enemies":"conspire:FuzzyDice","floor":19,"turns":5},{"damage":16,"enemies":"Chosen","floor":20,"turns":3},{"damage":0,"enemies":"conspire:HollyBat","floor":21,"turns":8},{"damage":0,"enemies":"Centurion and Healer","floor":22,"turns":7},{"damage":3,"enemies":"3 Cultists","floor":25,"turns":6},{"damage":0,"enemies":"Snake Plant","floor":28,"turns":4},{"damage":4,"enemies":"downfall:FleeingMerchant","floor":29,"turns":4},{"damage":8,"enemies":"conspire:MimicChest","floor":30,"turns":4},{"damage":0,"enemies":"downfall:FleeingMerchant","floor":31,"turns":4},{"damage":0,"enemies":"Sentry and Sphere","floor":32,"turns":5},{"damage":1,"enemies":"downfall:Watcher","floor":33,"turns":6},{"damage":0,"enemies":"Orb Walker","floor":37,"turns":3},{"damage":21,"enemies":"3 Darklings","floor":39,"turns":5},{"damage":0,"enemies":"downfall:FleeingMerchant","floor":40,"turns":2},{"damage":5,"enemies":"Writhing Mass","floor":43,"turns":4},{"damage":0,"enemies":"Transient","floor":44,"turns":5},{"damage":0,"enemies":"Giant Head","floor":46,"turns":5},{"damage":10,"enemies":"Spire Growth","floor":48,"turns":4},{"damage":13,"enemies":"Jaw Worm Horde","floor":49,"turns":3},{"damage":3,"enemies":"downfall:Defect","floor":50,"turns":5},{"damage":11,"enemies":"downfall:CharBossMerchant","floor":52,"turns":6},{"damage":15,"enemies":"downfall:NeowBoss","floor":55,"turns":30}],"seed_played":"4294144129910346382","potions_obtained":[{"floor":9,"key":"Explosive Potion"},{"floor":12,"key":"EssenceOfSteel"},{"floor":13,"key":"Swift Potion"},{"floor":14,"key":"Regen Potion"},{"floor":15,"key":"ColorlessPotion"},{"floor":32,"key":"Guardian:DefensiveModePotion"},{"floor":37,"key":"PowerPotion"},{"floor":48,"key":"CultistPotion"}],"is_trial":false,"path_per_floor":["R","M","T","$","?","E","T","$","M","R","M","E","M","M","M","B",null,"R","M","M","M","M","R","T","M","AVR","R","M","$","?","$","M","B",null,"R","?","M","?","M","$","T","$","M","M","R","E","R","M","M","B",null,"E","$","R","B",null],"character_chosen":"GUARDIAN","items_purchased":["Guardian:ChargeCore","Guardian:Recover","Guardian:SentryBeam","Guardian:Gem_Cyan","ClockworkSouvenir","Bottled Tornado","Lee\u0027s Waffle"],"campfire_rested":0,"item_purchase_floors":[4,4,8,8,40,40,53],"current_hp_per_floor":[80,80,80,80,77,77,77,73,68,68,68,56,51,48,47,36,80,90,74,58,58,58,58,58,55,55,55,74,72,66,68,70,71,90,90,90,90,90,69,71,71,71,68,78,78,80,80,72,61,75,90,79,97,97,82],"gold":13,"neow_bonus":"THREE_ENEMY_KILL","is_daily":false,"chose_seed":false,"campfire_upgraded":7,"win_rate":0.0,"timestamp":1610752645,"path_taken":["R","M","?","$","?","E","T","?","M","R","?","E","M","M","M","BOSS","R","M","M","M","?","R","T","?","AVR","R","M","$","?","?","M","BOSS","R","?","M","?","M","$","T","$","?","M","R","E","R","M","M","BOSS","E","$","R","BOSS"],"items_purchased_type":["Card","Card","Card","Card","Relic","Relic","Relic"],"build_version":"2020-12-22","purchased_purges":2,"victory":true,"max_hp_per_floor":[80,80,80,80,80,80,80,80,80,80,80,80,80,80,80,80,80,90,90,90,90,90,90,90,90,90,90,90,90,90,90,90,90,90,90,90,90,90,90,90,90,90,90,90,90,90,90,90,90,90,90,90,97,97,97],"card_choices":[{"not_picked":["Guardian:Gem_Lightblue","Guardian:CrystalBeam"],"picked":"Guardian:ShieldCharger","floor":2},{"not_picked":["Guardian:Incinerate","Guardian:MultiBeam"],"picked":"Guardian:DecasProtection","floor":4},{"not_picked":["Guardian:Gem_White","Guardian:ShieldCharger"],"picked":"Guardian:Suspension","floor":6},{"not_picked":["Guardian:BronzeArmor","Guardian:TemporalStrike"],"picked":"Guardian:Gem_Orange","floor":8},{"not_picked":["Guardian:Gem_Lightblue","Guardian:Gem_Red","Guardian:Reroute"],"picked":"SKIP","floor":9},{"not_picked":["Guardian:Gem_Purple","Guardian:PrimingBeam"],"picked":"Guardian:ShieldCharger","floor":11},{"not_picked":["Guardian:PrimingBeam","Guardian:Gem_Red"],"picked":"Guardian:ShieldCharger","floor":12},{"not_picked":["Guardian:ConstructionForm","Guardian:Recover"],"picked":"Guardian:Gem_White","floor":13},{"not_picked":["Guardian:Gem_Purple","Guardian:Planning","Guardian:ArmoredProtocol"],"picked":"SKIP","floor":14},{"not_picked":["Guardian:Planning","Guardian:Gem_Green"],"picked":"Guardian:Gem_Blue","floor":15},{"not_picked":["Guardian:TimeSifter","Guardian:ExploitGems"],"picked":"Guardian:StasisField","floor":16},{"not_picked":["Guardian:Incinerate","Guardian:VentSteam"],"picked":"Guardian:Gem_Red","floor":19},{"not_picked":["Guardian:Incinerate","Guardian:Planning","Guardian:Harden+1"],"picked":"SKIP","floor":20},{"not_picked":["Guardian:RollAttack+1","Guardian:Gem_Red"],"picked":"Guardian:TemporalShield+1","floor":21},{"not_picked":["Guardian:ArmoredProtocol+1","Guardian:VentSteam"],"picked":"Guardian:Gem_White","floor":22},{"not_picked":["Guardian:Gem_Lightblue","Guardian:Recover"],"picked":"Guardian:ExploitGems","floor":25},{"not_picked":["Guardian:Gem_Cyan","Guardian:WalkerClaw+1"],"picked":"Guardian:VentSteam+1","floor":28},{"not_picked":["Guardian:Gem_Blue","Guardian:TimeSifter"],"picked":"Guardian:Preprogram","floor":29},{"not_picked":["Guardian:Gem_Blue","Guardian:Gem_Cyan"],"picked":"Guardian:RollAttack","floor":30},{"not_picked":["Guardian:Gem_Crimson","Guardian:RollAttack","Guardian:Gem_Red"],"picked":"SKIP","floor":31},{"not_picked":["Guardian:Preprogram+1","Guardian:Gem_Lightblue"],"picked":"Guardian:TimeCapacitor+1","floor":32},{"not_picked":["Guardian:Gem_Orange","Guardian:SphericShield"],"picked":"Guardian:BaubleBeam","floor":33},{"not_picked":["Guardian:ShieldCharger+1","Guardian:RollAttack+1","Guardian:Gem_Green"],"picked":"SKIP","floor":37},{"not_picked":["Guardian:Suspension+1","Guardian:Reroute","Guardian:ChargeCore+1"],"picked":"SKIP","floor":39},{"not_picked":["Guardian:RefractedBeam+1","Guardian:Suspension+1"],"picked":"Guardian:Gem_Synthetic","floor":40},{"not_picked":["Guardian:MultiBeam","Guardian:Gem_Green","Guardian:GuardianWhirl"],"picked":"SKIP","floor":43},{"not_picked":["Guardian:Recover+1","Guardian:ShieldCharger","Guardian:Gem_Lightblue"],"picked":"SKIP","floor":44},{"not_picked":["Guardian:SpikerProtocol+1","Guardian:Incinerate","Guardian:Gem_Fragmented"],"picked":"SKIP","floor":46},{"not_picked":["Guardian:ShieldCharger+1","Guardian:PrimingBeam","Guardian:PrismaticBeam+1"],"picked":"SKIP","floor":48},{"not_picked":["Guardian:Gem_Crimson","Guardian:CrystalBeam+1","Guardian:Clone+1"],"picked":"SKIP","floor":49},{"not_picked":["Guardian:PiercingHide+1","Guardian:Emergency+1"],"picked":"Guardian:Repulse+1","floor":52}],"player_experience":311240,"relics_obtained":[{"floor":6,"key":"ReplayTheSpireMod:TigerMarble"},{"floor":7,"key":"Toy Ornithopter"},{"floor":12,"key":"Guardian:PickAxe"},{"floor":24,"key":"Vajra"},{"floor":30,"key":"Guardian:SackOfGems"},{"floor":38,"key":"Ring of Hypnosis"},{"floor":41,"key":"Happy Flower"},{"floor":46,"key":"SpikesRelics:DaevaFist"},{"floor":52,"key":"infinitespire:Bottled Soul"}],"event_choices":[{"damage_healed":0,"gold_gain":0,"player_choice":"Success","damage_taken":3,"relics_obtained":["Nunchaku"],"max_hp_gain":0,"max_hp_loss":0,"event_name":"Scrap Ooze","floor":5,"gold_loss":0}],"is_beta":false,"boss_relics":[{"not_picked":["ChewingGum","Runic Pyramid"],"picked":"Runic Dome"},{"not_picked":["infinitespire:Cupcake","Replay:Drink Me"],"picked":"conspire:SpecialSausage"}],"items_purged_floors":[29,40],"is_endless":false,"potions_floor_spawned":[9,12,13,14,15,22,25,30,32,33,37,44,46,48],"ascension_level":0}}