{"host":"982s3gyyw86tgeig","time":1610723192,"event":{"mods":["AchievementEnabler","Act Like it!","BaseMod","Colored Powertips","Evolution","Fox Events","GifTheSpireLib","Hallownest","Minty Spire (QoL Compilation)","StSLib","The Bug Knight","slay the spire mod where everything is the same but ironclad has a cowboy hat"],"gold_per_floor":[110,120,133,133,58,92,9,9,9,29,29,54,69,69,69,69,69],"floor_reached":16,"language":"ENG","playtime":2679,"items_purged":[],"score":100,"play_id":"25f1be12-f35f-44fc-b4d2-e027d9c316b8","local_time":"20210115070632","is_ascension_mode":false,"campfire_choices":[{"floor":8,"key":"REST"},{"floor":15,"key":"REST"}],"circlet_count":0,"master_deck":["HollowMod:NailStrikeStart+1","HollowMod:NailStrikeStart","HollowMod:NailStrikeStart","HollowMod:NailStrikeStart","HollowMod:QuickDashStart","HollowMod:QuickDashStart","HollowMod:QuickDashStart","HollowMod:QuickDashStart","HollowMod:FocusHealStart","HollowMod:PogoStrike","HollowMod:DungDefenderAura","HollowMod:GrimmsGift+1","HollowMod:BaldurShell","Hallownest:skillGreenpathMap","HollowMod:SoulEater","HollowMod:SiblingsShadow","HollowMod:GoodIntentions","HollowMod:SoulStrike","HollowMod:SoulVessel","HollowMod:FallenFury"],"relics":["HollowMod:VesselMask","EVO:Axolotl","Du-Vu Doll","Pantograph","Anchor"],"acts_visited":["Hallownest:Greenpath"],"potions_floor_usage":[13],"damage_taken":[{"damage":10,"enemies":"Hallownest:2_Baldur","floor":1,"turns":3},{"damage":0,"enemies":"Hallownest:2_Tiktiks_and_1_Crawlid","floor":2,"turns":4},{"damage":2,"enemies":"Hallownest:monsterHuskWarrior","floor":3,"turns":5},{"damage":51,"enemies":"Hallownest:eliteMossKnight","floor":6,"turns":16},{"damage":9,"enemies":"Hallownest:Wandering_and_Horned","floor":10,"turns":7},{"damage":5,"enemies":"Hallownest:1_Baldur_1_Crawlid_1_Warrior","floor":13,"turns":10},{"damage":20,"enemies":"Hallownest:monsterAspidMother","floor":14,"turns":6},{"damage":85,"enemies":"Hallownest:BossHornet","floor":16,"turns":10}],"seed_played":"-7283825403905824672","potions_obtained":[{"floor":6,"key":"Fire Potion"},{"floor":10,"key":"Explosive Potion"},{"floor":13,"key":"Fire Potion"}],"is_trial":false,"path_per_floor":["M","M","M","?","?","E","$","R","T","M","?","T","M","M","R","B"],"character_chosen":"THE_BUGKNIGHT","items_purchased":["HollowMod:SiblingsShadow","HollowMod:GoodIntentions"],"campfire_rested":2,"item_purchase_floors":[7,7],"current_hp_per_floor":[71,71,69,69,69,28,28,50,50,47,47,47,52,42,64,0,0],"gold":69,"neow_bonus":"UPGRADE_CARD","is_daily":false,"chose_seed":false,"campfire_upgraded":0,"win_rate":0.0,"timestamp":1610723192,"path_taken":["M","M","M","?","?","E","?","R","T","?","?","?","M","M","R","BOSS"],"items_purchased_type":["Card","Card"],"build_version":"2020-12-22","purchased_purges":0,"victory":false,"max_hp_per_floor":[75,75,75,75,75,75,75,75,75,75,75,75,75,75,75,75,75],"card_choices":[{"not_picked":["HollowMod:VengefulVoid","HollowMod:DescendingDark"],"picked":"HollowMod:DungDefenderAura","floor":1},{"not_picked":["HollowMod:AbyssShriek","HollowMod:SharpenedNail"],"picked":"HollowMod:GrimmsGift","floor":2},{"not_picked":["HollowMod:DescendingDark","HollowMod:HowlingWraiths"],"picked":"HollowMod:BaldurShell","floor":3},{"not_picked":["HollowMod:GreatSlash","HollowMod:CrystalDash"],"picked":"HollowMod:SoulEater","floor":6},{"not_picked":["HollowMod:HuntersJournal","HollowMod:CloakDash"],"picked":"HollowMod:SoulStrike","floor":10},{"not_picked":["HollowMod:TaintedHusks","HollowMod:ShadowDash"],"picked":"HollowMod:SoulVessel","floor":13},{"not_picked":["HollowMod:FastStrike","HollowMod:HuntersJournal"],"picked":"HollowMod:FallenFury","floor":14}],"player_experience":44249,"relics_obtained":[{"floor":6,"key":"Du-Vu Doll"},{"floor":9,"key":"Pantograph"},{"floor":12,"key":"Anchor"}],"event_choices":[],"is_beta":false,"boss_relics":[],"items_purged_floors":[],"is_endless":false,"potions_floor_spawned":[6,10,13],"killed_by":"Hallownest:BossHornet","ascension_level":0}}