{"host":"f0gpob8hq9vgebej","time":1610722845,"event":{"mods":["AchievementEnabler","BaseMod","Minty Spire (QoL Compilation)","Quick Restart","SuperFastMode"],"gold_per_floor":[10,23,23,42,59,59,90,90,113,127,160,9,24,52,52,148,148,166,180,180,190,190,190,207,288,288,288,20,20,40,56,56,155,455,466,481,494,508,73,73,100,100,152,202,229,229,229,29,29,29,29],"floor_reached":50,"language":"KOR","playtime":1224,"items_purged":["Strike_B","Strike_B","Defend_B","Dualcast"],"score":699,"play_id":"c61e3e01-521f-4164-9359-2eee1d761bca","local_time":"20210116000045","is_ascension_mode":true,"campfire_choices":[{"data":"Zap","floor":6.0,"key":"SMITH"},{"data":"Electrodynamics","floor":8.0,"key":"SMITH"},{"data":"Tempest","floor":15.0,"key":"SMITH"},{"data":"Barrage","floor":23.0,"key":"SMITH"},{"data":"Amplify","floor":27.0,"key":"SMITH"},{"floor":32.0,"key":"REST"},{"floor":40,"key":"REST"},{"floor":42,"key":"REST"},{"data":"Static Discharge","floor":49,"key":"SMITH"}],"circlet_count":0,"master_deck":["Defend_B","Zap+1","Electrodynamics+1","Chill","Conserve Battery","Conserve Battery","Tempest+1","BootSequence","Fission+1","Ball Lightning+1","White Noise+1","Barrage+1","White Noise+1","Amplify+1","Loop","Barrage+1","BootSequence+1","Buffer","CurseOfTheBell","Auto Shields+1","Recycle+1","Static Discharge+1"],"relics":["Cracked Core","Pen Nib","Ancient Tea Set","Centennial Puzzle","Odd Mushroom","Empty Cage","Toxic Egg 2","Question Card","Calling Bell","Juzu Bracelet","Singing Bowl","Old Coin","FossilizedHelix","White Beast Statue","PreservedInsect","Bird Faced Urn","Molten Egg 2"],"acts_visited":["Exordium","TheCity","TheBeyond"],"potions_floor_usage":[35,41,41,45,45,46,50,50],"damage_taken":[{"damage":0.0,"enemies":"Small Slimes","floor":1.0,"turns":3.0},{"damage":0.0,"enemies":"2 Louse","floor":2.0,"turns":1.0},{"damage":0.0,"enemies":"Cultist","floor":4.0,"turns":3.0},{"damage":3.0,"enemies":"Exordium Wildlife","floor":5.0,"turns":3.0},{"damage":7.0,"enemies":"Lagavulin","floor":7.0,"turns":6.0},{"damage":0.0,"enemies":"3 Louse","floor":10.0,"turns":1.0},{"damage":0.0,"enemies":"3 Sentries","floor":11.0,"turns":4.0},{"damage":0.0,"enemies":"Lots of Slimes","floor":13.0,"turns":1.0},{"damage":5.0,"enemies":"The Mushroom Lair","floor":14.0,"turns":2.0},{"damage":45.0,"enemies":"Hexaghost","floor":16.0,"turns":13.0},{"damage":21.0,"enemies":"Shell Parasite","floor":18.0,"turns":14.0},{"damage":0.0,"enemies":"3 Byrds","floor":19.0,"turns":2.0},{"damage":7.0,"enemies":"Centurion and Healer","floor":21.0,"turns":5.0},{"damage":14.0,"enemies":"Snake Plant","floor":24.0,"turns":2.0},{"damage":2.0,"enemies":"Chosen and Byrds","floor":30.0,"turns":3.0},{"damage":2.0,"enemies":"Cultist and Chosen","floor":31.0,"turns":2.0},{"damage":31.0,"enemies":"Champ","floor":33.0,"turns":8.0},{"damage":19,"enemies":"3 Darklings","floor":35,"turns":3},{"damage":0,"enemies":"3 Shapes","floor":36,"turns":2},{"damage":10,"enemies":"Sphere and 2 Shapes","floor":37,"turns":4},{"damage":15,"enemies":"Jaw Worm Horde","floor":38,"turns":4},{"damage":30,"enemies":"Nemesis","floor":41,"turns":9},{"damage":11,"enemies":"Mind Bloom Boss Battle","floor":44,"turns":8},{"damage":16,"enemies":"Reptomancer","floor":45,"turns":5},{"damage":0,"enemies":"Maw","floor":46,"turns":5},{"damage":74,"enemies":"Awakened One","floor":50,"turns":6}],"seed_played":"8245340195562636368","potions_obtained":[{"floor":4.0,"key":"LiquidMemories"},{"floor":5.0,"key":"FocusPotion"},{"floor":11.0,"key":"Strength Potion"},{"floor":13.0,"key":"ColorlessPotion"},{"floor":16.0,"key":"Block Potion"},{"floor":19.0,"key":"EssenceOfDarkness"},{"floor":21.0,"key":"SteroidPotion"},{"floor":35,"key":"PotionOfCapacity"},{"floor":37,"key":"Swift Potion"},{"floor":41,"key":"EssenceOfDarkness"},{"floor":44,"key":"ColorlessPotion"},{"floor":45,"key":"SmokeBomb"}],"is_trial":false,"path_per_floor":["M","M","?","M","M","R","E","R","T","M","E","$","M","?","R","B",null,"M","M","?","M","?","R","M","T","T","R","$","?","M","M","R","B",null,"M","M","M","M","$","R","E","R","T","?","E","M","?","$","R","B"],"character_chosen":"DEFECT","items_purchased":["Tempest","Fruit Juice","Loop","FossilizedHelix","ColorlessPotion"],"campfire_rested":3,"item_purchase_floors":[12,28,28,39,48],"current_hp_per_floor":[75,75,75,75,72,72,65,65,65,65,65,65,65,60,60,15,60,39,39,39,32,32,32,18,18,18,18,23,23,21,19,43,12,63,44,44,36,21,21,45,17,42,42,33,41,51,51,51,51,0,0],"gold":29,"neow_bonus":"THREE_RARE_CARDS","is_daily":false,"chose_seed":false,"campfire_upgraded":6,"win_rate":0.0,"timestamp":1610722845,"path_taken":["M","M","?","M","M","R","E","R","T","M","E","$","M","?","R","BOSS","M","M","?","M","?","R","?","?","T","R","$","?","M","?","R","BOSS","M","M","M","M","$","R","E","R","T","?","E","M","?","$","R","BOSS"],"items_purchased_type":["Card","Potion","Card","Relic","Potion"],"build_version":"2020-12-22","purchased_purges":4,"victory":false,"max_hp_per_floor":[75,75,75,75,75,75,75,75,75,75,75,75,75,75,75,75,75,75,75,75,75,75,75,75,75,75,75,80,80,80,80,80,80,80,80,80,82,82,82,82,84,84,84,86,88,88,88,88,88,88,88],"card_choices":[{"not_picked":["Buffer","Machine Learning"],"picked":"Electrodynamics","floor":0.0},{"not_picked":["Redo","Leap","Streamline"],"picked":"SKIP","floor":1.0},{"not_picked":["Sweeping Beam","FTL"],"picked":"Chill","floor":2.0},{"not_picked":["Doom and Gloom","Beam Cell","Lockon"],"picked":"SKIP","floor":4.0},{"not_picked":["Cold Snap","Darkness"],"picked":"Conserve Battery","floor":5.0},{"not_picked":["Cold Snap","Compile Driver","Streamline"],"picked":"SKIP","floor":7.0},{"not_picked":["Steam","Hello World"],"picked":"Conserve Battery","floor":10.0},{"not_picked":["Go for the Eyes","Redo","Rebound"],"picked":"SKIP","floor":11.0},{"not_picked":["Hyperbeam","Consume","Redo"],"picked":"SKIP","floor":13.0},{"not_picked":["Double Energy","Loop"],"picked":"BootSequence","floor":14.0},{"not_picked":["Core Surge","Meteor Strike"],"picked":"Fission","floor":16.0},{"not_picked":["Steam Power","Darkness"],"picked":"Ball Lightning+1","floor":18.0},{"not_picked":["Force Field","Gash"],"picked":"White Noise+1","floor":19.0},{"not_picked":["Rebound","Barrage"],"picked":"White Noise+1","floor":21.0},{"not_picked":["Redo","Storm"],"picked":"Amplify","floor":24.0},{"not_picked":["Leap+1","Ball Lightning","Sweeping Beam"],"picked":"Barrage+1","floor":30.0},{"not_picked":["Streamline","Reinforced Body+1","Ball Lightning+1"],"picked":"BootSequence+1","floor":31.0},{"not_picked":["All For One","Core Surge","Hyperbeam"],"picked":"Buffer","floor":33.0},{"not_picked":["Steam+1","Chaos+1","Redo+1"],"picked":"Auto Shields+1","floor":35},{"not_picked":["Barrage+1","Stack+1","Buffer"],"picked":"Recycle+1","floor":36},{"not_picked":["Leap+1","Beam Cell+1","FTL+1","Steam Power+1"],"picked":"Singing Bowl","floor":37},{"not_picked":["Redo+1","Melter","Conserve Battery+1"],"picked":"Static Discharge","floor":38},{"not_picked":["Darkness+1","Stack+1","Amplify+1","Cold Snap+1"],"picked":"Singing Bowl","floor":41},{"not_picked":["Sweeping Beam","Compile Driver+1","Steam+1","Beam Cell+1"],"picked":"Singing Bowl","floor":44},{"not_picked":["Go for the Eyes+1","Coolheaded+1","Recycle+1","Cold Snap+1"],"picked":"Singing Bowl","floor":45}],"player_experience":155068,"relics_obtained":[{"floor":7.0,"key":"Pen Nib"},{"floor":9.0,"key":"Ancient Tea Set"},{"floor":11.0,"key":"Centennial Puzzle"},{"floor":14.0,"key":"Odd Mushroom"},{"floor":25.0,"key":"Toxic Egg 2"},{"floor":26.0,"key":"Question Card"},{"floor":34.0,"key":"Juzu Bracelet"},{"floor":34.0,"key":"Singing Bowl"},{"floor":34.0,"key":"Old Coin"},{"floor":41,"key":"White Beast Statue"},{"floor":43,"key":"PreservedInsect"},{"floor":44,"key":"Bird Faced Urn"},{"floor":45,"key":"Molten Egg 2"}],"event_choices":[{"cards_removed":["Strike_B"],"damage_healed":0.0,"max_hp_gain":0.0,"max_hp_loss":0.0,"gold_gain":0.0,"event_name":"Living Wall","player_choice":"Forget","floor":3.0,"gold_loss":0.0,"damage_taken":0.0},{"damage_healed":0.0,"max_hp_gain":0.0,"max_hp_loss":0.0,"gold_gain":0.0,"event_name":"Mushrooms","player_choice":"Fought Mushrooms","floor":14.0,"gold_loss":0.0,"damage_taken":0.0},{"damage_healed":0.0,"max_hp_gain":0.0,"max_hp_loss":0.0,"gold_gain":0.0,"event_name":"The Library","player_choice":"Read","floor":20.0,"gold_loss":0.0,"damage_taken":0.0,"cards_obtained":["Barrage"]},{"damage_healed":0.0,"max_hp_gain":0.0,"max_hp_loss":0.0,"gold_gain":0.0,"event_name":"Accursed Blacksmith","player_choice":"Forge","floor":22.0,"gold_loss":0.0,"damage_taken":0.0,"cards_upgraded":["Fission"]},{"cards_removed":["Defend_B"],"damage_healed":0.0,"max_hp_gain":0.0,"max_hp_loss":0.0,"gold_gain":0.0,"event_name":"Purifier","player_choice":"Purged","floor":29.0,"gold_loss":0.0,"damage_taken":0.0},{"damage_healed":0,"gold_gain":0,"player_choice":"Fight","damage_taken":0,"max_hp_gain":0,"max_hp_loss":0,"event_name":"MindBloom","floor":44,"gold_loss":0},{"damage_healed":0,"gold_gain":0,"player_choice":"Ignored","damage_taken":0,"max_hp_gain":0,"max_hp_loss":0,"event_name":"Mysterious Sphere","floor":47,"gold_loss":0}],"is_beta":false,"boss_relics":[{"not_picked":["Ectoplasm","Fusion Hammer"],"picked":"Empty Cage"},{"not_picked":["Cursed Key","Nuclear Battery"],"picked":"Calling Bell"}],"items_purged_floors":[12,28,39,48],"is_endless":false,"potions_floor_spawned":[4,5,11,13,16,19,21,35,37,41,44,45,46],"killed_by":"Awakened One","ascension_level":5}}