{"host":"4cz9gr89nglr7k8k","time":1610731594,"event":{"mods":["BaseMod","Minty Spire (QoL Compilation)","Relic Stats","Slay-I"],"gold_per_floor":[114,19,294,7,7,33,33,7,7,17,17,35,51,82,82,153,153,164,164,190,27,27,56,28,63,63,63,90,90,115,50,50,129,129,146,157,17,17,35,35,67,67,91,91,91],"floor_reached":44,"language":"DEU","playtime":1241,"items_purged":["Regret"],"score":1117,"play_id":"e97c7f19-e11d-4d33-a583-6eb924cc5b4e","local_time":"20210115182634","is_ascension_mode":true,"campfire_choices":[{"data":"Inflame","floor":7,"key":"SMITH"},{"data":"Anger","floor":11,"key":"SMITH"},{"floor":15,"key":"REST"},{"floor":27,"key":"REST"},{"data":"Limit Break","floor":29,"key":"SMITH"},{"data":"Rupture","floor":32,"key":"SMITH"},{"floor":40,"key":"REST"},{"floor":42,"key":"REST"}],"circlet_count":0,"master_deck":["AscendersBane","Strike_R+1","Strike_R+1","Strike_R+1","Strike_R+1","Defend_R+1","Defend_R+1","Defend_R+1","Defend_R+1","Bash","Inflame+1","Spot Weakness","Anger+1","Rupture+1","Hemokinesis","Thunderclap","Thunderclap","Flex+1","Sever Soul","Clothesline","Perfected Strike","Flex","Immolate","Bloodletting+1","Iron Wave","Limit Break+1","Armaments+1","Armaments","Clash","Shrug It Off","Rupture","Wild Strike","Impervious","CurseOfTheBell","Sword Boomerang+1","Metallicize","Apotheosis","Rampage","Anger","Berserk"],"relics":["Burning Blood","NeowsBlessing","Membership Card","Self Forming Clay","Vajra","Letter Opener","SlaversCollar","Red Mask","Lee\u0027s Waffle","Anchor","Happy Flower","Centennial Puzzle","Blue Candle","PreservedInsect","Mercury Hourglass","Calling Bell","Bronze Scales","InkBottle","Champion Belt","Juzu Bracelet","War Paint"],"acts_visited":["Exordium","TheCity","TheBeyond"],"potions_floor_usage":[1,33,44],"damage_taken":[{"damage":0,"enemies":"Cultist","floor":1,"turns":1},{"damage":0,"enemies":"Gremlin Nob","floor":6,"turns":1},{"damage":0,"enemies":"Small Slimes","floor":10,"turns":2},{"damage":14,"enemies":"Jaw Worm","floor":12,"turns":3},{"damage":10,"enemies":"2 Fungi Beasts","floor":13,"turns":3},{"damage":34,"enemies":"Lagavulin","floor":14,"turns":4},{"damage":30,"enemies":"Hexaghost","floor":16,"turns":7},{"damage":29,"enemies":"Shell Parasite","floor":18,"turns":5},{"damage":7,"enemies":"Masked Bandits","floor":20,"turns":2},{"damage":2,"enemies":"Gremlin Leader","floor":23,"turns":7},{"damage":26,"enemies":"Slavers","floor":25,"turns":5},{"damage":12,"enemies":"Book of Stabbing","floor":30,"turns":3},{"damage":90,"enemies":"Automaton","floor":33,"turns":7},{"damage":5,"enemies":"3 Darklings","floor":35,"turns":5},{"damage":5,"enemies":"Orb Walker","floor":36,"turns":2},{"damage":53,"enemies":"Writhing Mass","floor":39,"turns":5},{"damage":22,"enemies":"Reptomancer","floor":41,"turns":5},{"damage":82,"enemies":"Maw","floor":44,"turns":7}],"seed_played":"7048645576733723822","potions_obtained":[{"floor":1,"key":"Fruit Juice"},{"floor":16,"key":"Energy Potion"},{"floor":23,"key":"DistilledChaos"},{"floor":30,"key":"FairyPotion"},{"floor":36,"key":"Regen Potion"}],"is_trial":false,"path_per_floor":["M","$","?","$","?","E","R","$","T","M","R","M","M","E","R","B",null,"M","?","?","$","?","E","$","E","T","R","T","R","E","$","R","B",null,"M","M","$","?","M","R","E","R","T","M"],"character_chosen":"IRONCLAD","items_purchased":["Spot Weakness","Anger","Membership Card","Rupture","Hemokinesis","Thunderclap","Flex","Lee\u0027s Waffle","Anchor","Armaments","Rupture","Wild Strike","Apotheosis","Rampage"],"campfire_rested":4,"item_purchase_floors":[2,2,4,4,4,4,8,21,21,24,31,31,37,37],"current_hp_per_floor":[79,79,79,79,84,85,85,85,85,85,85,77,73,45,70,46,75,52,52,51,92,92,92,92,72,72,92,92,92,86,86,86,30,77,78,79,79,79,32,59,43,70,70,0,0],"gold":91,"neow_bonus":"THREE_ENEMY_KILL","is_daily":false,"chose_seed":false,"campfire_upgraded":4,"win_rate":0.0,"timestamp":1610731594,"path_taken":["M","$","?","?","?","E","R","$","T","M","R","M","M","E","R","BOSS","M","?","?","$","?","E","$","E","T","R","?","R","E","?","R","BOSS","M","M","$","?","M","R","E","R","T","M"],"items_purchased_type":["Card","Card","Relic","Card","Card","Card","Card","Relic","Relic","Card","Card","Card","Card","Card"],"build_version":"2020-12-22","purchased_purges":1,"victory":false,"max_hp_per_floor":[80,80,80,80,85,85,85,85,85,85,85,85,85,85,85,85,85,85,85,85,92,92,92,92,92,92,92,92,92,92,92,92,92,92,92,92,92,92,92,92,92,92,92,92,92],"relic_stats":{"Lee\u0027s Waffle":41,"Happy Flower":[13],"counters":[18,74],"Self Forming Clay":[150],"Blue Candle":[0],"PreservedInsect":103,"Juzu Bracelet":0,"Letter Opener":[41],"War Paint":["Bloodletting","Flex"],"Burning Blood":87,"Mercury Hourglass":[137],"Centennial Puzzle":[21],"Bronze Scales":[75],"Champion Belt":[15],"obtain_stats":[{"Lee\u0027s Waffle":21,"NeowsBlessing":0,"Happy Flower":23,"Self Forming Clay":6,"Blue Candle":26,"Vajra":9,"PreservedInsect":28,"Juzu Bracelet":41,"Letter Opener":14,"War Paint":43,"Burning Blood":0,"Mercury Hourglass":30,"Calling Bell":34,"SlaversCollar":17,"Anchor":21,"Centennial Puzzle":25,"Bronze Scales":34,"Red Mask":20,"Membership Card":4,"Champion Belt":34,"InkBottle":34},{"Lee\u0027s Waffle":9,"NeowsBlessing":0,"Happy Flower":10,"Self Forming Clay":2,"Blue Candle":11,"Vajra":2,"PreservedInsect":11,"Juzu Bracelet":17,"Letter Opener":6,"War Paint":17,"Burning Blood":0,"Mercury Hourglass":12,"Calling Bell":13,"SlaversCollar":7,"Anchor":9,"Centennial Puzzle":11,"Bronze Scales":13,"Red Mask":9,"Membership Card":1,"Champion Belt":13,"InkBottle":13},{"Lee\u0027s Waffle":28,"NeowsBlessing":0,"Happy Flower":35,"Self Forming Clay":2,"Blue Candle":40,"Vajra":2,"PreservedInsect":40,"Juzu Bracelet":67,"Letter Opener":14,"War Paint":67,"Burning Blood":0,"Mercury Hourglass":43,"Calling Bell":50,"SlaversCollar":21,"Anchor":28,"Centennial Puzzle":40,"Bronze Scales":50,"Red Mask":28,"Membership Card":1,"Champion Belt":50,"InkBottle":50}],"InkBottle":[7]},"card_choices":[{"not_picked":["Armaments","Rupture"],"picked":"Inflame","floor":1},{"not_picked":["Havoc","Shrug It Off"],"picked":"Thunderclap","floor":6},{"not_picked":["Pummel","Sentinel"],"picked":"Sever Soul","floor":10},{"not_picked":["True Grit","Perfected Strike"],"picked":"Clothesline","floor":12},{"not_picked":["True Grit","Body Slam"],"picked":"Perfected Strike","floor":13},{"not_picked":["Cleave","Fire Breathing"],"picked":"Flex","floor":14},{"not_picked":["Brutality","Fiend Fire"],"picked":"Immolate","floor":16},{"not_picked":["Thunderclap","Battle Trance"],"picked":"Bloodletting","floor":18},{"not_picked":["Pommel Strike","Thunderclap"],"picked":"Iron Wave","floor":20},{"not_picked":["Hemokinesis","Headbutt"],"picked":"Armaments+1","floor":23},{"not_picked":["Headbutt","Limit Break"],"picked":"Clash","floor":25},{"not_picked":["Warcry","Evolve+1"],"picked":"Shrug It Off","floor":30},{"not_picked":["Brutality","Immolate"],"picked":"Impervious","floor":33},{"not_picked":["True Grit","Clash"],"picked":"Sword Boomerang+1","floor":35},{"not_picked":["Shrug It Off","Warcry"],"picked":"Metallicize","floor":36},{"not_picked":["Thunderclap","Cleave"],"picked":"Anger","floor":39},{"not_picked":["Hemokinesis+1","Pummel"],"picked":"Berserk","floor":41}],"player_experience":1498246,"relics_obtained":[{"floor":6,"key":"Self Forming Clay"},{"floor":9,"key":"Vajra"},{"floor":14,"key":"Letter Opener"},{"floor":20,"key":"Red Mask"},{"floor":23,"key":"Happy Flower"},{"floor":25,"key":"Centennial Puzzle"},{"floor":26,"key":"Blue Candle"},{"floor":28,"key":"PreservedInsect"},{"floor":30,"key":"Mercury Hourglass"},{"floor":34,"key":"Bronze Scales"},{"floor":34,"key":"InkBottle"},{"floor":34,"key":"Champion Belt"},{"floor":41,"key":"Juzu Bracelet"},{"floor":43,"key":"War Paint"}],"event_choices":[{"damage_healed":0,"gold_gain":275,"player_choice":"Desecrate","damage_taken":0,"max_hp_gain":0,"max_hp_loss":0,"event_name":"Golden Shrine","floor":3,"gold_loss":0,"cards_obtained":["Regret"]},{"damage_healed":0,"gold_gain":0,"player_choice":"Donut","damage_taken":0,"max_hp_gain":5,"max_hp_loss":0,"event_name":"Big Fish","floor":5,"gold_loss":0},{"damage_healed":0,"gold_gain":0,"player_choice":"Simplicity","damage_taken":0,"max_hp_gain":0,"max_hp_loss":0,"event_name":"Back to Basics","floor":19,"gold_loss":0,"cards_upgraded":["Strike_R","Strike_R","Strike_R","Strike_R","Strike_R","Defend_R","Defend_R","Defend_R","Defend_R"]},{"damage_healed":0,"gold_gain":0,"player_choice":"Fought Bandits","damage_taken":0,"max_hp_gain":0,"max_hp_loss":0,"event_name":"Masked Bandits","floor":20,"gold_loss":0},{"damage_healed":0,"gold_gain":0,"player_choice":"Read","damage_taken":0,"max_hp_gain":0,"max_hp_loss":0,"event_name":"The Library","floor":22,"gold_loss":0,"cards_obtained":["Limit Break"]},{"cards_removed":["Strike_R"],"damage_healed":0,"gold_gain":0,"player_choice":"Purged","damage_taken":0,"max_hp_gain":0,"max_hp_loss":0,"event_name":"Purifier","floor":38,"gold_loss":0}],"is_beta":false,"boss_relics":[{"not_picked":["Sozu","Snecko Eye"],"picked":"SlaversCollar"},{"not_picked":["Pandora\u0027s Box","Coffee Dripper"],"picked":"Calling Bell"}],"items_purged_floors":[4],"is_endless":false,"potions_floor_spawned":[1,16,23,30,36],"killed_by":"Maw","ascension_level":20}}