{"host":"ertz0a1vw3taca14","time":1610732213,"event":{"mods":["BaseMod","Downfall","KinomotoSakuraMod(ƒæ÷Æ±æ”£)","Luminous","Marisa£®ÏF”Í°°ƒß¿Ì…≥£©","Minty Spire (QoL Compilation)","Remilia£®¿Ÿ√◊¿Ú—«£©","StSLib","The Administrix","The Servant 0.9.4","Yakumo Yukari mod","Youmu£®ªÍ∆«—˝√Œ£©","Yuyuko"],"gold_per_floor":[121,20,20,20,39,74,84,84,109,109,109,136,149,161,161,161,161],"floor_reached":16,"language":"ZHS","playtime":625,"items_purged":["AdministrixMod:Defend_Administrix"],"score":135,"play_id":"79d6e01c-40a8-4eca-9c1a-12cc1deca1d5","local_time":"20210116013653","is_ascension_mode":false,"campfire_choices":[{"floor":8,"key":"RECALL"},{"data":"AdministrixMod:FalseDeath","floor":11,"key":"SMITH"},{"floor":15,"key":"REST"}],"circlet_count":0,"master_deck":["AdministrixMod:Strike_Administrix","AdministrixMod:Strike_Administrix","AdministrixMod:Strike_Administrix","AdministrixMod:Strike_Administrix","AdministrixMod:RedCloak","AdministrixMod:Defend_Administrix","AdministrixMod:Defend_Administrix","AdministrixMod:Defend_Administrix","AdministrixMod:BlueCloak","AdministrixMod:HarmonicReverence","AdministrixMod:TrickOfTheLight","AdministrixMod:Transcension","AdministrixMod:FalseDeath+1","AdministrixMod:ChooseYourEnd","AdministrixMod:Transition","AdministrixMod:ImmortalGrace"],"relics":["AdministrixMod:ConductorRitualBaton","NeowsBlessing","Vajra","Lantern","Mummified Hand"],"acts_visited":["Exordium"],"potions_floor_usage":[14,16],"damage_taken":[{"damage":0,"enemies":"Jaw Worm","floor":1,"turns":1},{"damage":0,"enemies":"Cultist","floor":5,"turns":1},{"damage":0,"enemies":"Lagavulin","floor":6,"turns":1},{"damage":3,"enemies":"2 Louse","floor":7,"turns":3},{"damage":53,"enemies":"3 Sentries","floor":12,"turns":11},{"damage":0,"enemies":"Blue Slaver","floor":13,"turns":2},{"damage":0,"enemies":"Red Slaver","floor":14,"turns":2},{"damage":29,"enemies":"Slime Boss","floor":16,"turns":8}],"seed_played":"9072757836844587797","potions_obtained":[{"floor":13,"key":"PowerPotion"},{"floor":14,"key":"LiquidBronze"}],"is_trial":false,"path_per_floor":["M","$","?","$","M","E","M","R","T","?","R","E","M","M","R","B"],"character_chosen":"TheAdministrix","items_purchased":["AdministrixMod:Transition"],"campfire_rested":1,"item_purchase_floors":[2],"current_hp_per_floor":[65,65,65,65,65,65,62,62,62,62,62,9,9,9,28,0,0],"gold":161,"neow_bonus":"THREE_ENEMY_KILL","is_daily":false,"chose_seed":false,"campfire_upgraded":1,"win_rate":0.0,"timestamp":1610732213,"path_taken":["M","$","?","?","M","E","M","R","T","?","R","E","M","M","R","BOSS"],"items_purchased_type":["Card"],"build_version":"2020-12-22","purchased_purges":1,"victory":false,"max_hp_per_floor":[65,65,65,65,65,65,65,65,65,65,65,65,65,65,65,65,65],"card_choices":[{"not_picked":["AdministrixMod:ExtolVirtue","AdministrixMod:RegentEdict"],"picked":"AdministrixMod:HarmonicReverence","floor":1},{"not_picked":["AdministrixMod:RebukeDesires","AdministrixMod:NoblePath"],"picked":"AdministrixMod:TrickOfTheLight","floor":5},{"not_picked":["AdministrixMod:CastOffRegrets","AdministrixMod:CrackingPangu"],"picked":"AdministrixMod:Transcension","floor":6},{"not_picked":["AdministrixMod:CenturiesAscent","AdministrixMod:ExtolVirtue"],"picked":"AdministrixMod:FalseDeath","floor":7},{"not_picked":["AdministrixMod:CastOffRegrets","AdministrixMod:UnstableVigor"],"picked":"AdministrixMod:ChooseYourEnd","floor":12},{"not_picked":["AdministrixMod:PlateOfAntiquity","AdministrixMod:ImmortalPurity"],"picked":"AdministrixMod:Transition","floor":13},{"not_picked":["AdministrixMod:TouchOfCinnabar","AdministrixMod:MixOfMercury"],"picked":"AdministrixMod:ImmortalGrace","floor":14}],"player_experience":147609,"relics_obtained":[{"floor":6,"key":"Lantern"},{"floor":12,"key":"Mummified Hand"}],"event_choices":[{"cards_removed":["AdministrixMod:Transition"],"damage_healed":0,"gold_gain":0,"player_choice":"Gave Card","damage_taken":0,"relics_obtained":["Vajra"],"max_hp_gain":0,"max_hp_loss":0,"event_name":"WeMeetAgain","floor":3,"gold_loss":0},{"damage_healed":0,"gold_gain":0,"player_choice":"Ignored","damage_taken":0,"max_hp_gain":0,"max_hp_loss":0,"event_name":"Shining Light","floor":10,"gold_loss":0}],"is_beta":false,"boss_relics":[],"items_purged_floors":[2],"is_endless":false,"potions_floor_spawned":[13,14],"killed_by":"Slime Boss","ascension_level":0}}