{"host":"vra53s4gynvpqhud","time":1610726496,"event":{"mods":["100% Spire Juice","A Magickal Journey","AchievementEnabler","Aspiration","BaseMod","Better Match","Better Third Choice","BetterRewards","Conspire","Downfall","Energized Spire","Evolution","Friendly Minions","GifTheSpireLib","Hermit","HexUI Lib","Highlight Path","Hubris","Infinite Spire","Jorbs\u0027s Wanderer Trilogy","Luminous","Mad Scientist","Magitek Elite","Minty Spire (QoL Compilation)","Permanent Neow","Poor People Problems","Rare Cards Sparkle","Remove Card Discount Mod","Replay The Spire","Shop Mod","Somnambulant","StSLib","The Cursed","The Dragon Tamer","The Gatherer","The Hierophant","The Jungle","The Necromancer","The Poker Player","The Runesmith","TheArtist","TheBandit","Trackpad","egg"],"gold_per_floor":[116,132,149,11,11,44,44,59,138,154,222,148,148,198,198,298,298,310,330,396,410,38,71,121,121,146,196,261,271,271,114,114,218,218,244,280,314,314,353,402,402,460,533,533,634,692,755,755,755],"floor_reached":48,"language":"ENG","playtime":35417,"items_purged":["MadScienceMod:Strike_MadScience","MadScienceMod:PoweredStrike","MadScienceMod:Defend_MadScience","MadScienceMod:Strike_MadScience","MadScienceMod:Strike_MadScience","MadScienceMod:Defend_MadScience","MadScienceMod:AutoStrike","MadScienceMod:Defend_MadScience","MadScienceMod:AntimatterBomb","MadScienceMod:Defend_MadScience","MadScienceMod:NowOrNever"],"score":766,"play_id":"57bc5af6-64ce-4ace-bbcb-10858c55bed3","local_time":"20210115110136","is_ascension_mode":false,"campfire_choices":[{"data":"MadScienceMod:HideBehindJunk","floor":7,"key":"SMITH"},{"data":"MadScienceMod:AssemblyLine","floor":13,"key":"SMITH"},{"data":"MadScienceMod:Virus","floor":15,"key":"SMITH"},{"data":"Mayhem","floor":25,"key":"SMITH"},{"data":"MadScienceMod:AntimatterBomb","floor":30,"key":"SMITH"},{"data":"MadScienceMod:Retarget","floor":32,"key":"SMITH"},{"floor":41,"key":"REST"},{"floor":44,"key":"REST"}],"circlet_count":0,"master_deck":["MadScienceMod:HideBehindJunk+1","MadScienceMod:Virus+1","MadScienceMod:AntimatterBomb+1","MadScienceMod:PowerArmor+1","MadScienceMod:OilDrum","MadScienceMod:RecyclingStation","MadScienceMod:AssemblyLine+1","MadScienceMod:FlammableWall+1","MadScienceMod:NowOrNever+1","MadScienceMod:Virus+1","MadScienceMod:NowOrNever+1","Mayhem+1","MadScienceMod:Retarget+1","MadScienceMod:Tune+1","MadScienceMod:MinatureWeapons+1","MadScienceMod:Tinker","MadScienceMod:MinatureWeapons","MadScienceMod:RecyclingStation","infinitespire:UltimateForm","MadScienceMod:Sprocket","MadScienceMod:FragmentationGrenade+1","Parasite","MadScienceMod:Lightbulb+1"],"relics":["MadScienceMod:FuelTank","EVO:Axolotl","SsserpentHead","Toy Ornithopter","infinitespire:WardingShard","Gem_Box","Lantern","Orichalcum","Blood Vial","ClockworkSouvenir","infinitespire:EvilPickle","Golden_Hairpin","Chemical X","infinitespire:Joker Card","Ancient Tea Set","Letter Opener"],"acts_visited":["Exordium","TheCity","TheBeyond"],"potions_floor_usage":[8,8,18,20,23,29,33,36,47,47],"damage_taken":[{"damage":4,"enemies":"Small Slimes","floor":1,"turns":4},{"damage":4,"enemies":"Cultist","floor":2,"turns":4},{"damage":1,"enemies":"Jaw Worm","floor":3,"turns":4},{"damage":8,"enemies":"Lagavulin","floor":6,"turns":7},{"damage":0,"enemies":"Looter","floor":8,"turns":5},{"damage":28,"enemies":"Gremlin Gang","floor":10,"turns":7},{"damage":2,"enemies":"2 Fungi Beasts","floor":11,"turns":4},{"damage":0,"enemies":"Hexaghost","floor":16,"turns":8},{"damage":14,"enemies":"conspire:FuzzyDice","floor":18,"turns":8},{"damage":0,"enemies":"3 Byrds","floor":20,"turns":7},{"damage":0,"enemies":"Snake Plant","floor":21,"turns":7},{"damage":0,"enemies":"conspire:SneckoGhost","floor":23,"turns":7},{"damage":2,"enemies":"conspire:HollyBat","floor":28,"turns":7},{"damage":17,"enemies":"Chosen and Byrds","floor":29,"turns":13},{"damage":8,"enemies":"Pondfish","floor":33,"turns":8},{"damage":27,"enemies":"3 Shapes","floor":35,"turns":7},{"damage":0,"enemies":"3 Darklings","floor":36,"turns":5},{"damage":9,"enemies":"4 Shapes","floor":37,"turns":7},{"damage":19,"enemies":"Spire Growth","floor":39,"turns":7},{"damage":10,"enemies":"Nemesis","floor":40,"turns":7},{"damage":34,"enemies":"Nightmare","floor":42,"turns":8},{"damage":2,"enemies":"3 Darklings","floor":45,"turns":4},{"damage":13,"enemies":"Writhing Mass","floor":46,"turns":6},{"damage":0,"enemies":"Maw","floor":47,"turns":7},{"damage":41,"enemies":"Nemesis","floor":48,"turns":4}],"seed_played":"-978262203983942079","potions_obtained":[{"floor":2,"key":"Swift Potion"},{"floor":6,"key":"Adrenaline Potion"},{"floor":16,"key":"FearPotion"},{"floor":18,"key":"MadScienceMod:FuelPotion"},{"floor":19,"key":"LiquidMemories"},{"floor":19,"key":"DuplicationPotion"},{"floor":21,"key":"Energy Potion"},{"floor":23,"key":"Energy Potion"},{"floor":42,"key":"SteroidPotion"},{"floor":46,"key":"MadScienceMod:FuelPotion"}],"is_trial":false,"path_per_floor":["M","M","M","$","?","E","R","M","T","M","M","$","R","?","R","B",null,"M","?","M","M","$","E","?","R","T","?","M","M","R","$","R","B",null,"M","M","M","AVR","M","E","R","NM","T","R","M","M","M","E"],"character_chosen":"MAD_SCIENTIST","items_purchased":["MadScienceMod:PowerArmor","MadScienceMod:OilDrum","MadScienceMod:AssemblyLine","Lantern","MadScienceMod:NowOrNever+1","Mayhem","ClockworkSouvenir"],"campfire_rested":2,"item_purchase_floors":[4,4,12,22,22,22,31],"current_hp_per_floor":[71,67,66,66,66,58,58,68,68,40,38,38,38,38,38,38,75,61,61,66,66,66,71,71,71,71,71,71,58,58,58,58,57,75,48,55,48,48,31,23,45,13,13,35,35,24,36,0,0],"gold":755,"neow_bonus":"REMOVE_CARD","is_daily":false,"chose_seed":false,"campfire_upgraded":6,"win_rate":0.0,"timestamp":1610726496,"path_taken":["M","M","M","$","?","E","R","M","T","M","?","$","R","?","R","BOSS","M","?","?","M","$","E","?","R","T","?","?","M","R","$","R","BOSS","M","M","M","AVR","M","E","R","NM","T","R","?","M","M","E"],"items_purchased_type":["Card","Card","Card","Relic","Card","Card","Relic"],"build_version":"2020-12-22","purchased_purges":11,"victory":false,"max_hp_per_floor":[75,75,75,75,75,75,75,75,75,75,75,75,75,75,75,75,75,75,75,75,75,75,75,75,75,75,75,75,75,75,75,75,75,75,75,75,75,75,75,75,75,75,75,75,75,75,75,75,75],"card_choices":[{"not_picked":["MadScienceMod:GattlingGun","MadScienceMod:Detonate"],"picked":"MadScienceMod:AntimatterBomb","floor":1},{"not_picked":["MadScienceMod:LightOnFire","MadScienceMod:OilDrum"],"picked":"MadScienceMod:Virus","floor":2},{"not_picked":["MadScienceMod:FumeBlast","MadScienceMod:Detonate"],"picked":"MadScienceMod:AntimatterBomb","floor":3},{"not_picked":["MadScienceMod:FumeBlast","MadScienceMod:FlammableWall","MadScienceMod:AcidSpray"],"picked":"SKIP","floor":6},{"not_picked":["MadScienceMod:CaptureMomentum","MadScienceMod:Bombardment"],"picked":"MadScienceMod:RecyclingStation","floor":8},{"not_picked":["MadScienceMod:FumeBlast","MadScienceMod:MakeOrBreak"],"picked":"MadScienceMod:AutoStrike","floor":10},{"not_picked":["MadScienceMod:Probe","MadScienceMod:FumeBlast"],"picked":"MadScienceMod:NowOrNever","floor":11},{"not_picked":["MadScienceMod:GattlingGun","MadScienceMod:Detonate"],"picked":"MadScienceMod:FlammableWall+1","floor":18},{"not_picked":["MadScienceMod:LightOnFire","MadScienceMod:AcidSpray"],"picked":"MadScienceMod:NowOrNever+1","floor":20},{"not_picked":["MadScienceMod:OmniHammer","MadScienceMod:FragmentationGrenade"],"picked":"MadScienceMod:Virus+1","floor":21},{"not_picked":["MadScienceMod:ExtractOil","MadScienceMod:RadioactiveSword","MadScienceMod:Refine"],"picked":"SKIP","floor":23},{"not_picked":["MadScienceMod:FlexibleSpear","MadScienceMod:OmniHammer"],"picked":"MadScienceMod:Tune+1","floor":28},{"not_picked":["MadScienceMod:FlexibleSpear","MadScienceMod:ParticleBeam"],"picked":"MadScienceMod:MinatureWeapons+1","floor":29},{"not_picked":["MadScienceMod:MechanicalSnecko","MadScienceMod:LabAccident"],"picked":"MadScienceMod:Tinker","floor":33},{"not_picked":["MadScienceMod:Redesign","MadScienceMod:AntimatterBomb+1","MadScienceMod:ShrinkRay+1"],"picked":"SKIP","floor":35},{"not_picked":["MadScienceMod:FlexibleSpear+1","MadScienceMod:FlameCannon+1"],"picked":"MadScienceMod:MinatureWeapons","floor":36},{"not_picked":["MadScienceMod:Strafe+1","MadScienceMod:OilDrum"],"picked":"MadScienceMod:RecyclingStation","floor":37},{"not_picked":["MadScienceMod:Inflate+1","MadScienceMod:ShrinkRay+1","MadScienceMod:FumeBlast+1"],"picked":"SKIP","floor":39},{"not_picked":["MadScienceMod:NowOrNever","MadScienceMod:Refuel"],"picked":"MadScienceMod:Sprocket","floor":40},{"not_picked":["MadScienceMod:Assemble","MadScienceMod:FumeBlast","MadScienceMod:EnergyBarrier+1"],"picked":"SKIP","floor":42},{"not_picked":["MadScienceMod:EnergyBarrier","MadScienceMod:ShrinkRay"],"picked":"MadScienceMod:FragmentationGrenade+1","floor":45},{"not_picked":["MadScienceMod:Poke+1","MadScienceMod:MakeOrBreak+1"],"picked":"MadScienceMod:Lightbulb+1","floor":46},{"not_picked":["MadScienceMod:FlameThrower","MadScienceMod:ImposingConstruct","MadScienceMod:AntimatterBomb+1"],"picked":"SKIP","floor":47}],"player_experience":117010,"relics_obtained":[{"floor":6,"key":"Toy Ornithopter"},{"floor":9,"key":"infinitespire:WardingShard"},{"floor":23,"key":"Orichalcum"},{"floor":26,"key":"Blood Vial"},{"floor":40,"key":"infinitespire:Joker Card"},{"floor":42,"key":"Ancient Tea Set"},{"floor":43,"key":"Letter Opener"}],"event_choices":[{"damage_healed":0,"gold_gain":0,"player_choice":"Trade","damage_taken":0,"relics_obtained":["SsserpentHead"],"max_hp_gain":0,"max_hp_loss":0,"event_name":"FaceTrader","floor":5,"gold_loss":0},{"damage_healed":0,"gold_gain":0,"player_choice":"Bought 2 Potions","damage_taken":0,"max_hp_gain":0,"max_hp_loss":0,"event_name":"The Woman in Blue","floor":19,"gold_loss":0},{"damage_healed":0,"gold_gain":0,"player_choice":"Read","damage_taken":0,"max_hp_gain":0,"max_hp_loss":0,"event_name":"The Library","floor":24,"gold_loss":0,"cards_obtained":["MadScienceMod:Retarget"]},{"damage_healed":0,"gold_gain":0,"player_choice":"Ignored","damage_taken":0,"max_hp_gain":0,"max_hp_loss":0,"event_name":"Beggar","floor":27,"gold_loss":0}],"is_beta":false,"boss_relics":[{"not_picked":["hubris:RunicObelisk","infinitespire:Cupcake"],"picked":"Gem_Box"},{"not_picked":["Replay:Fungal Core","Replay:Drink Me","Snecko Eye"]}],"items_purged_floors":[4,4,4,4,4,12,12,22,22,22,31],"is_endless":false,"potions_floor_spawned":[2,6,16,18,21,23,42,46],"killed_by":"Nemesis","ascension_level":0}}