{"host":"6gwm7y0tp7acoxay","time":1610715883,"event":{"mods":["BaseMod","Colored Map","Keyboard Shortcuts","Minty Spire (QoL Compilation)","Quick Restart","StSLib","SuperFastMode","everything is the same but u backflip on backflip"],"gold_per_floor":[114,114,114,127,127,158,190,215,241,275,307,307,342,376,376,453,453,470,481,481,481,208,236,262,597,623,651,651,685,712,742,742,814,814,825,845,845,260,260,291,291,316,316,350,381,381,407,440,440,440,440,440,440,12,44,44],"floor_reached":57,"language":"KOR","playtime":2518,"items_purged":["Flex"],"score":4299,"play_id":"ea08cfea-976c-472c-ad28-f69ba04af5cf","local_time":"20210115220443","daily_mods":["SealedDeck","Heirloom","Flight","DeadlyEvents","Elite Swarm"],"is_ascension_mode":true,"campfire_choices":[{"data":"Offering","floor":12,"key":"SMITH"},{"data":"1","floor":15,"key":"LIFT"},{"data":"2","floor":28,"key":"LIFT"},{"data":"3","floor":32,"key":"LIFT"},{"floor":41,"key":"RECALL"},{"data":"Corruption","floor":46,"key":"SMITH"},{"data":"Feel No Pain","floor":49,"key":"SMITH"},{"data":"Barricade","floor":53,"key":"SMITH"}],"circlet_count":0,"master_deck":["AscendersBane","Headbutt+1","Shockwave","Disarm+1","Armaments+1","Feel No Pain+1","Whirlwind","Shrug It Off","Impervious","Immolate+1","Feed","Offering+1","Limit Break+1","Reaper","Heavy Blade+1","Warcry+1","Shrug It Off+1","Uppercut+1","Barricade+1","Berserk","Double Tap","True Grit+1","Corruption+1","Demon Form","Juggernaut","Exhume","Evolve"],"relics":["Burning Blood","Girya","Blue Candle","Calipers","Centennial Puzzle","Ancient Tea Set","Shuriken","Anchor","CaptainsWheel","Mango","Astrolabe","Lizard Tail","Mummified Hand","Pear","Letter Opener","Old Coin","Vajra","Peace Pipe","Ornamental Fan","Unceasing Top","Question Card","SlaversCollar","Dead Branch","Whetstone","InkBottle","Turnip","Ginger","Bottled Tornado","Omamori","Pen Nib","Potion Belt","Bag of Marbles","War Paint","Bronze Scales","Orichalcum"],"acts_visited":["Exordium","TheCity","TheBeyond","TheEnding"],"potions_floor_usage":[6,16,16,31,31,56],"damage_taken":[{"damage":0.0,"enemies":"2 Louse","floor":1.0,"turns":1.0},{"damage":12.0,"enemies":"Jaw Worm","floor":4.0,"turns":5.0},{"damage":0,"enemies":"Gremlin Nob","floor":6,"turns":3},{"damage":0,"enemies":"Lagavulin","floor":7,"turns":8},{"damage":7,"enemies":"3 Sentries","floor":8,"turns":2},{"damage":20,"enemies":"Lagavulin","floor":10,"turns":8},{"damage":6,"enemies":"3 Sentries","floor":11,"turns":3},{"damage":6,"enemies":"Lagavulin","floor":13,"turns":3},{"damage":6,"enemies":"Gremlin Nob","floor":14,"turns":4},{"damage":19,"enemies":"The Guardian","floor":16,"turns":11},{"damage":12,"enemies":"Spheric Guardian","floor":18,"turns":7},{"damage":6,"enemies":"3 Byrds","floor":19,"turns":7},{"damage":10,"enemies":"Book of Stabbing","floor":23,"turns":6},{"damage":77,"enemies":"Gremlin Leader","floor":24,"turns":13},{"damage":6,"enemies":"Book of Stabbing","floor":25,"turns":6},{"damage":6,"enemies":"Gremlin Leader","floor":27,"turns":6},{"damage":6,"enemies":"Book of Stabbing","floor":29,"turns":5},{"damage":39,"enemies":"Gremlin Leader","floor":30,"turns":6},{"damage":6,"enemies":"Slavers","floor":31,"turns":6},{"damage":22,"enemies":"Champ","floor":33,"turns":9},{"damage":6,"enemies":"3 Darklings","floor":35,"turns":1},{"damage":6,"enemies":"Orb Walker","floor":36,"turns":4},{"damage":9,"enemies":"Reptomancer","floor":40,"turns":4},{"damage":19,"enemies":"Giant Head","floor":42,"turns":4},{"damage":0,"enemies":"Reptomancer","floor":44,"turns":4},{"damage":7,"enemies":"Giant Head","floor":45,"turns":4},{"damage":6,"enemies":"Nemesis","floor":47,"turns":5},{"damage":6,"enemies":"Reptomancer","floor":48,"turns":6},{"damage":37,"enemies":"Awakened One","floor":50,"turns":5},{"damage":14,"enemies":"Time Eater","floor":51,"turns":6},{"damage":0,"enemies":"Shield and Spear","floor":55,"turns":3},{"damage":6,"enemies":"The Heart","floor":56,"turns":5}],"seed_played":"-109721779611998675","potions_obtained":[{"floor":4.0,"key":"DistilledChaos"},{"floor":8,"key":"Block Potion"},{"floor":10,"key":"EssenceOfSteel"},{"floor":14,"key":"EntropicBrew"},{"floor":31,"key":"SneckoOil"},{"floor":33,"key":"SteroidPotion"},{"floor":48,"key":"PowerPotion"}],"is_trial":true,"path_per_floor":["M","?","T","M","?","E","E","E","T","E","E","R","E","E","R","B",null,"M","M","T","?","$","E","E","E","T","E","R","E","E","E","R","B",null,"M","M","?","$","T","E","R","E","T","E","E","R","E","E","R","B","B",null,"R","$","E","B",null],"character_chosen":"IRONCLAD","items_purchased":["Mummified Hand","Dead Branch","Whetstone","Evolve","War Paint","Bronze Scales"],"campfire_rested":0,"item_purchase_floors":[22,38,38,54,54,54],"current_hp_per_floor":[74,79,79,73,73,79,80,79,79,69,72,72,76,94,94,85,106,111,121,121,121,121,131,93,97,97,100,100,113,132,135,135,148,154,154,158,152,152,152,156,156,146,146,155,165,165,168,171,171,175,167,173,173,173,178,178],"gold":44,"neow_bonus":"","is_daily":false,"chose_seed":false,"campfire_upgraded":4,"win_rate":0.0,"timestamp":1610715883,"path_taken":["M","?","?","?","?","E","E","E","T","E","E","R","E","E","R","BOSS","M","?","?","?","$","E","E","E","T","E","R","E","E","E","R","BOSS","M","M","?","$","?","E","R","E","T","E","E","R","E","E","R","BOSS","BOSS","R","$","E","BOSS"],"items_purchased_type":["Relic","Relic","Relic","Card","Relic","Relic"],"build_version":"2020-12-22","purchased_purges":1,"victory":true,"max_hp_per_floor":[75,80,80,80,80,80,80,80,80,84,87,87,91,109,109,113,113,117,121,121,121,121,135,135,139,139,142,142,145,149,152,152,156,156,156,160,152,152,152,156,156,159,159,162,166,166,169,172,172,175,175,175,175,175,178,178],"card_choices":[{"not_picked":["Flame Barrier","Cleave"],"picked":"Shrug It Off","floor":1.0},{"not_picked":["Rage","Metallicize","Thunderclap"],"picked":"SKIP","floor":4.0},{"not_picked":["Reaper","Offering"],"picked":"Impervious","floor":6},{"not_picked":["Fiend Fire","Impervious"],"picked":"Immolate","floor":7},{"not_picked":["Corruption","Fiend Fire"],"picked":"Feed","floor":8},{"not_picked":["Fiend Fire","Immolate"],"picked":"Offering","floor":10},{"not_picked":["Feed","Fiend Fire","Juggernaut"],"picked":"SKIP","floor":11},{"not_picked":["Juggernaut","Brutality"],"picked":"Limit Break","floor":13},{"not_picked":["Offering","Juggernaut","Feed"],"picked":"SKIP","floor":14},{"not_picked":["Feed","Impervious"],"picked":"Reaper","floor":16},{"not_picked":["Reckless Charge","Blood for Blood","Heavy Blade"],"picked":"SKIP","floor":18},{"not_picked":["Carnage","Thunderclap"],"picked":"Uppercut+1","floor":19},{"not_picked":["Feed","Exhume"],"picked":"Barricade","floor":23},{"not_picked":["Immolate","Limit Break","Feed"],"picked":"SKIP","floor":24},{"not_picked":["Feed","Bludgeon","Impervious"],"picked":"SKIP","floor":25},{"not_picked":["Reaper","Fiend Fire"],"picked":"Berserk","floor":27},{"not_picked":["Offering","Immolate","Fiend Fire"],"picked":"SKIP","floor":29},{"not_picked":["Limit Break","Juggernaut","Corruption"],"picked":"SKIP","floor":30},{"not_picked":["Barricade","Feed"],"picked":"Double Tap","floor":31},{"not_picked":["Warcry","Pommel Strike+1","Havoc+1","Searing Blow+1"],"picked":"SKIP","floor":35},{"not_picked":["Armaments","Clothesline+1","Flame Barrier"],"picked":"True Grit+1","floor":36},{"not_picked":["Double Tap","Feed","Bludgeon"],"picked":"Corruption","floor":40},{"not_picked":["Demon Form","Fiend Fire","Offering","Feed"],"picked":"SKIP","floor":42},{"not_picked":["Bludgeon","Berserk","Offering"],"picked":"Demon Form","floor":44},{"not_picked":["Exhume","Fiend Fire","Corruption"],"picked":"Juggernaut","floor":45},{"not_picked":["Barricade","Immolate","Double Tap"],"picked":"Exhume","floor":47},{"not_picked":["Feed","Juggernaut","Immolate","Offering"],"picked":"SKIP","floor":48},{"not_picked":["Berserk","Immolate","Barricade","Exhume"],"picked":"SKIP","floor":55}],"player_experience":4406148,"relics_obtained":[{"floor":3.0,"key":"Blue Candle"},{"floor":6,"key":"Calipers"},{"floor":7,"key":"Centennial Puzzle"},{"floor":8,"key":"Ancient Tea Set"},{"floor":10,"key":"Shuriken"},{"floor":11,"key":"Anchor"},{"floor":13,"key":"CaptainsWheel"},{"floor":14,"key":"Mango"},{"floor":20,"key":"Lizard Tail"},{"floor":23,"key":"Pear"},{"floor":24,"key":"Letter Opener"},{"floor":25,"key":"Old Coin"},{"floor":26,"key":"Vajra"},{"floor":27,"key":"Peace Pipe"},{"floor":29,"key":"Ornamental Fan"},{"floor":30,"key":"Unceasing Top"},{"floor":31,"key":"Question Card"},{"floor":39,"key":"InkBottle"},{"floor":40,"key":"Turnip"},{"floor":42,"key":"Ginger"},{"floor":43,"key":"Bottled Tornado"},{"floor":44,"key":"Omamori"},{"floor":45,"key":"Pen Nib"},{"floor":47,"key":"Potion Belt"},{"floor":48,"key":"Bag of Marbles"},{"floor":55,"key":"Orichalcum"}],"event_choices":[{"damage_healed":0.0,"max_hp_gain":5.0,"max_hp_loss":0.0,"gold_gain":0.0,"event_name":"Big Fish","player_choice":"Donut","floor":2.0,"gold_loss":0.0,"damage_taken":0.0},{"damage_healed":0.0,"max_hp_gain":0.0,"max_hp_loss":0.0,"gold_gain":0.0,"event_name":"Accursed Blacksmith","player_choice":"Forge","floor":5.0,"gold_loss":0.0,"damage_taken":0.0,"cards_upgraded":["Armaments"]},{"damage_healed":0,"gold_gain":0,"player_choice":"Ignored","damage_taken":0,"max_hp_gain":0,"max_hp_loss":0,"event_name":"Ghosts","floor":21,"gold_loss":0},{"damage_healed":0,"gold_gain":0,"player_choice":"Max HP","damage_taken":0,"max_hp_gain":0,"max_hp_loss":8,"event_name":"Winding Halls","floor":37,"gold_loss":0}],"is_beta":false,"boss_relics":[{"not_picked":["Ectoplasm","Black Blood"],"picked":"Astrolabe"},{"not_picked":["Philosopher\u0027s Stone","Tiny House"],"picked":"SlaversCollar"}],"items_purged_floors":[38],"is_endless":false,"potions_floor_spawned":[4,8,10,14,18,27,29,30,31,33,35,40,45,48],"ascension_level":20}}