{"host":"wonp23fsqqcu31ie","time":1610704993,"event":{"mods":["2.2 Compatiblity","AchievementEnabler","Aspiration","BaseMod","Bestiary","Better Altar","Better Match","Better Sensory Stone","Better Skull","Better Third Choice","BetterRewards","Block Reminder","Colored Map","Colored Powertips","Conspire","Curses Come First","DeckTracker","Displayed Cursed Tome","Downfall","Energized Spire","Evolution","Hermit","Highlight Path","Hubris","Infinite Spire","Marisa????????","Minty Spire (QoL Compilation)","Permanent Neow","Prisma Mod","Quick Restart","Rare Cards Sparkle","Relic Stats","Replay The Spire","Robot Space Explorer","Shade Mod","Shop Mod","StSLib","SuperFastMode","The Animator","The Bug Knight","The Construct","The Cursed","The Disciple","The Dragon Tamer","The Gatherer","The Hierophant","The Marked","The Necromancer","The Poker Player","The Runesmith","The Saiyan","The Servant 0.9.4","TheBandit"],"gold_per_floor":[114,132,57,71,33,58,70,86,86,97,108,108,123,88,88,209,209,232,251,251,271,196,196,196,196,221,221,346,34,53,67,67,195,195,208,208,227,290,290,290],"floor_reached":39,"language":"ENG","playtime":3976,"items_purged":[],"score":635,"play_id":"ac5344b3-730c-42d8-a126-81d0dc3857e3","local_time":"20210115210313","is_ascension_mode":false,"campfire_choices":[{"data":"HollowMod:HeavyBlow","floor":15,"key":"SMITH"},{"floor":23,"key":"RECALL"},{"floor":25,"key":"REST"},{"data":"HollowMod:LifebloodCore","floor":27,"key":"SMITH"},{"data":"HollowMod:LifebloodCore","floor":32,"key":"SMITH"}],"circlet_count":0,"master_deck":["HollowMod:DashSlash","HollowMod:DashSlash","HollowMod:DashSlash","HollowMod:DashSlash","HollowMod:DoubleDash","HollowMod:DoubleDash","HollowMod:QuickDashStart","HollowMod:QuickDashStart","HollowMod:FocusHealStart","HollowMod:PogoStrike","HollowMod:SoulSplash","HollowMod:HeavyBlow+1","HollowMod:CornifersMapStart+1","HollowMod:GrimmsGift","HollowMod:VengefulSpirit","HollowMod:LuriensSpire","HollowMod:LifebloodCocoon","HollowMod:HowlingWraiths","HollowMod:MantisMark","HollowMod:DungDefenderAura","HollowMod:LifebloodCore+1","HollowMod:DashSlash+1","HollowMod:CloakDash+1","Looming Evil","HollowMod:CycloneSlash+1","HollowMod:DoubleDash+1","HollowMod:LifebloodCore+1","HollowMod:HerrahsAnger","Parasite","RobotSpaceExplorer:Scan","HollowMod:VoidDash","Replay:SS_forest_6+1","hubris:InfiniteBlow+1","HollowMod:HeavyBlow+1","HollowMod:HowlingWraiths","HollowMod:MonarchWings+1"],"relics":["HollowMod:VesselMask","ClockworkSouvenir","Replay:Wax Seal","Replay:Baseball","Replay:WaspNest","Golden Idol","SacredBark","aspiration:RitualStick","Ring of Hypnosis","ReplayTheSpireMod:Ring of Challenge","TungstenRod","Frozen Egg 2","Medical Kit","Pen Nib","ReplayTheSpireMod:SealedPack","Ginger"],"acts_visited":["Exordium","TheCity","TheBeyond"],"potions_floor_usage":[16,16,18,21,28,31,38],"damage_taken":[{"damage":1,"enemies":"Cultist","floor":1,"turns":5},{"damage":0,"enemies":"conspire:RoseBush","floor":2,"turns":2},{"damage":0,"enemies":"Jaw Worm","floor":4,"turns":3},{"damage":13,"enemies":"Replay:BlueRogue","floor":6,"turns":6},{"damage":3,"enemies":"Looter","floor":7,"turns":3},{"damage":0,"enemies":"2 Fungi Beasts","floor":8,"turns":3},{"damage":0,"enemies":"Large Slime","floor":10,"turns":4},{"damage":12,"enemies":"3 Louse","floor":11,"turns":3},{"damage":6,"enemies":"2 Fungi Beasts","floor":13,"turns":4},{"damage":0,"enemies":"HollowMod:FalseKnight","floor":16,"turns":6},{"damage":0,"enemies":"Spheric Guardian","floor":18,"turns":4},{"damage":5,"enemies":"Shell Parasite","floor":19,"turns":6},{"damage":15,"enemies":"Cultist and Chosen","floor":21,"turns":9},{"damage":0,"enemies":"Colosseum Slavers","floor":28,"turns":5},{"damage":25,"enemies":"Colosseum Nobs","floor":28,"turns":6},{"damage":3,"enemies":"conspire:HollyBat","floor":30,"turns":7},{"damage":5,"enemies":"Centurion and Healer","floor":31,"turns":5},{"damage":50,"enemies":"Collector","floor":33,"turns":11},{"damage":16,"enemies":"3 Darklings","floor":35,"turns":8},{"damage":0,"enemies":"3 Shapes","floor":37,"turns":8},{"damage":3,"enemies":"Mind Bloom Boss Battle","floor":38,"turns":7},{"damage":62,"enemies":"2 Orb Walkers","floor":39,"turns":3}],"seed_played":"312546494138517685","potions_obtained":[{"floor":6,"key":"SteroidPotion"},{"floor":13,"key":"SkillPotion"},{"floor":16,"key":"ColorlessPotion"},{"floor":18,"key":"Languid Potion"},{"floor":19,"key":"BlessingOfTheForge"},{"floor":30,"key":"Regen Potion"},{"floor":37,"key":"hexamod:EctoCoolerPotion"}],"is_trial":false,"path_per_floor":["M","M","?","M","$","E","M","M","T","M","M","?","M","?","R","B",null,"M","M","?","M","?","R","?","R","T","R","?","$","M","M","R","B",null,"M","?","M","?","?"],"character_chosen":"THE_BUGKNIGHT","items_purchased":["ClockworkSouvenir","Replay:Wax Seal","HollowMod:VengefulSpirit","Medical Kit","Pen Nib"],"campfire_rested":1,"item_purchase_floors":[0,0,5,29,29],"current_hp_per_floor":[64,64,64,64,64,51,48,48,48,48,36,36,30,48,48,48,75,75,70,55,40,40,40,40,62,62,62,37,37,34,56,56,12,75,59,59,59,56,0,0],"gold":290,"neow_bonus":"","is_daily":false,"chose_seed":false,"campfire_upgraded":3,"win_rate":0.0,"timestamp":1610704993,"path_taken":["M","?","?","M","?","E","M","M","T","M","M","?","M","?","R","BOSS","M","M","?","M","?","R","?","R","T","R","?","$","M","M","R","BOSS","M","?","M","?","?"],"items_purchased_type":["Relic","Relic","Card","Relic","Relic"],"build_version":"2020-12-22","purchased_purges":0,"victory":false,"max_hp_per_floor":[75,75,75,75,75,75,75,75,75,75,75,75,75,75,75,75,75,75,75,75,75,75,75,75,75,75,75,75,75,75,75,75,75,75,75,75,75,75,75,75],"relic_stats":{"counters":[41,185],"Golden Idol":131,"Pen Nib":[8],"Ginger":[0],"Medical Kit":[23],"obtain_stats":[{"SacredBark":17,"HollowMod:VesselMask":0,"EVO:Axolotl":0,"Ginger":38,"aspiration:RitualStick":19,"ClockworkSouvenir":0,"Centennial Puzzle":0,"hubris:Backtick":34,"aspiration:BabyByrd":10,"energizedSpire:HugeHouse":17,"HandDrill":20,"Replay:Wax Seal":0,"MerchantsRug":20,"Ring of Hypnosis":24,"Golden Idol":12,"Replay:WaspNest":9,"Pen Nib":29,"ReplayTheSpireMod:SealedPack":34,"Omamori":27,"infinitespire:Magic Flask":0,"War Paint":14,"Frozen Egg 2":28,"MawBank":13,"Medical Kit":29,"Calling Bell":0,"Replay:Baseball":6,"hubris:PeanutButter":0,"ReplayTheSpireMod:Ring of Challenge":24,"TungstenRod":28,"Meat on the Bone":9},{"SacredBark":29,"HollowMod:VesselMask":0,"EVO:Axolotl":0,"Ginger":40,"aspiration:RitualStick":9,"ClockworkSouvenir":19,"Centennial Puzzle":0,"hubris:Backtick":16,"aspiration:BabyByrd":4,"energizedSpire:HugeHouse":8,"HandDrill":9,"Replay:Wax Seal":19,"MerchantsRug":9,"Ring of Hypnosis":32,"Golden Idol":27,"Replay:WaspNest":25,"Pen Nib":34,"ReplayTheSpireMod:SealedPack":37,"Omamori":13,"infinitespire:Magic Flask":0,"War Paint":7,"Frozen Egg 2":34,"MawBank":6,"Medical Kit":34,"Calling Bell":0,"Replay:Baseball":23,"hubris:PeanutButter":0,"ReplayTheSpireMod:Ring of Challenge":32,"TungstenRod":34,"Meat on the Bone":4},{"SacredBark":106,"HollowMod:VesselMask":0,"EVO:Axolotl":0,"Ginger":182,"aspiration:RitualStick":27,"ClockworkSouvenir":67,"Centennial Puzzle":0,"hubris:Backtick":58,"aspiration:BabyByrd":10,"energizedSpire:HugeHouse":24,"HandDrill":27,"Replay:Wax Seal":67,"MerchantsRug":27,"Ring of Hypnosis":125,"Golden Idol":96,"Replay:WaspNest":89,"Pen Nib":136,"ReplayTheSpireMod:SealedPack":159,"Omamori":43,"infinitespire:Magic Flask":0,"War Paint":20,"Frozen Egg 2":136,"MawBank":17,"Medical Kit":136,"Calling Bell":0,"Replay:Baseball":83,"hubris:PeanutButter":0,"ReplayTheSpireMod:Ring of Challenge":125,"TungstenRod":136,"Meat on the Bone":10}],"aspiration:RitualStick":[0],"TungstenRod":19},"card_choices":[{"not_picked":["HollowMod:CloakDash","HollowMod:BlackTendrils"],"picked":"HollowMod:SoulSplash","floor":1},{"not_picked":["HollowMod:SoulVessel","HollowMod:MonomonsArchive"],"picked":"HollowMod:HeavyBlow","floor":2},{"not_picked":["HollowMod:InfectedCysts+1","HollowMod:DoubleDash+1"],"picked":"HollowMod:CornifersMapStart+1","floor":3},{"not_picked":["HollowMod:SoulSplash","HollowMod:MonarchWings"],"picked":"HollowMod:GrimmsGift","floor":4},{"not_picked":["HollowMod:NewLittleFool","HollowMod:CoiledNail"],"picked":"HollowMod:LuriensSpire","floor":6},{"not_picked":["HollowMod:SoulEater","HollowMod:LuriensSpire"],"picked":"HollowMod:LifebloodCocoon","floor":7},{"not_picked":["HollowMod:SoulStrike","HollowMod:ShadowDash"],"picked":"HollowMod:HowlingWraiths","floor":8},{"not_picked":["HollowMod:DreamGate","HollowMod:FastStrike","HollowMod:HowlingWraiths"],"picked":"SKIP","floor":10},{"not_picked":["HollowMod:SiblingsSouls","HollowMod:NewLittleFool"],"picked":"HollowMod:MantisMark","floor":11},{"not_picked":["HollowMod:MantisMark","HollowMod:SharpenedNail"],"picked":"HollowMod:DungDefenderAura","floor":13},{"not_picked":["HollowMod:VoidDash","HollowMod:HornetsHelp"],"picked":"HollowMod:LifebloodCore","floor":16},{"not_picked":["HollowMod:LifebloodCocoon","HollowMod:CornifersMapStart","HollowMod:ShapeofUnn"],"picked":"SKIP","floor":18},{"not_picked":["HollowMod:NewGlowingWomb","HollowMod:CrystalDash"],"picked":"HollowMod:DashSlash+1","floor":19},{"not_picked":["HollowMod:AbyssShriek","HollowMod:ShapeofUnn"],"picked":"HollowMod:CloakDash+1","floor":21},{"not_picked":["HollowMod:SharpenedShadows+1","HollowMod:HowlingWraiths"],"picked":"HollowMod:CycloneSlash+1","floor":28},{"not_picked":["HollowMod:SharpenedShadows+1","HollowMod:VengefulVoid+1"],"picked":"HollowMod:DoubleDash+1","floor":30},{"not_picked":["HollowMod:RecoilStrike","HollowMod:CloakDash"],"picked":"HollowMod:LifebloodCore","floor":31},{"not_picked":["HollowMod:AwokenDreamNail","HollowMod:theNailsmith"],"picked":"HollowMod:HerrahsAnger","floor":33},{"not_picked":["wariomod:Leap","Guardian:TwinSlam"],"picked":"RobotSpaceExplorer:Scan","floor":34},{"not_picked":["HollowMod:HerrahsAnger","HollowMod:AwokenDreamNail"],"picked":"HollowMod:VoidDash","floor":34},{"not_picked":["Flash of Steel","expansioncontent:TimeRipple"],"picked":"Replay:SS_forest_6","floor":34},{"not_picked":["infinitespire:FinalStrike","infinitespire:NeuralNetwork"],"picked":"hubris:InfiniteBlow+1","floor":34},{"not_picked":["HollowMod:InfectedAttack+1","HollowMod:HerrahsAnger"],"picked":"HollowMod:HeavyBlow+1","floor":35},{"not_picked":["HollowMod:InfectedAttack","HollowMod:LifebloodCocoon"],"picked":"HollowMod:HowlingWraiths","floor":37},{"not_picked":["HollowMod:WraithStrike","HollowMod:VengefulVoid"],"picked":"HollowMod:MonarchWings+1","floor":38}],"player_experience":531876,"relics_obtained":[{"floor":6,"key":"Replay:Baseball"},{"floor":9,"key":"Replay:WaspNest"},{"floor":24,"key":"Ring of Hypnosis"},{"floor":24,"key":"ReplayTheSpireMod:Ring of Challenge"},{"floor":28,"key":"TungstenRod"},{"floor":28,"key":"Frozen Egg 2"},{"floor":38,"key":"Ginger"}],"event_choices":[{"damage_healed":0,"gold_gain":0,"player_choice":"2","damage_taken":0,"max_hp_gain":0,"max_hp_loss":0,"event_name":"betterMatch:BetterMatch","floor":3,"gold_loss":0,"cards_obtained":["betterMatch:CommonCard"]},{"damage_healed":0,"gold_gain":0,"player_choice":"Take Wound","damage_taken":0,"relics_obtained":["Golden Idol"],"max_hp_gain":0,"max_hp_loss":0,"event_name":"Golden Idol","floor":12,"gold_loss":0,"cards_obtained":["Injury"]},{"damage_healed":18,"gold_gain":0,"player_choice":"Healed","damage_taken":0,"max_hp_gain":0,"max_hp_loss":0,"event_name":"The Cleric","floor":14,"gold_loss":35},{"cards_removed":["Injury"],"damage_healed":0,"gold_gain":0,"player_choice":"Gave Gold","damage_taken":0,"max_hp_gain":0,"max_hp_loss":0,"event_name":"Beggar","floor":22,"gold_loss":75},{"damage_healed":0,"gold_gain":0,"player_choice":"Fight","damage_taken":0,"max_hp_gain":0,"max_hp_loss":0,"event_name":"Colosseum","floor":28,"gold_loss":0},{"damage_healed":0,"gold_gain":0,"player_choice":"Fought Nobs","damage_taken":0,"max_hp_gain":0,"max_hp_loss":0,"event_name":"Colosseum","floor":28,"gold_loss":0},{"damage_healed":0,"gold_gain":0,"player_choice":"Fight","damage_taken":0,"max_hp_gain":0,"max_hp_loss":0,"event_name":"MindBloom","floor":38,"gold_loss":0},{"damage_healed":0,"gold_gain":0,"player_choice":"Fight","damage_taken":0,"max_hp_gain":0,"max_hp_loss":0,"event_name":"Mysterious Sphere","floor":39,"gold_loss":0}],"is_beta":false,"boss_relics":[{"not_picked":["energizedSpire:RedRose","energizedSpire:OgreHead"],"picked":"SacredBark"},{"not_picked":["aspiration:RitualDagger","aspiration:RunicSpoon"],"picked":"ReplayTheSpireMod:SealedPack"}],"items_purged_floors":[],"is_endless":false,"potions_floor_spawned":[6,13,16,18,19,28,30,37],"killed_by":"2 Orb Walkers","ascension_level":0}}