{"host":"dn6kke80v5f7isus","time":1610737846,"event":{"mods":["AchievementEnabler","Act Like it!","BaseMod","Colored Powertips","Custom Start","Defuse TimeMaze Blight","Downfall","Gremlin Skip","Highlight Path","Hubris","Infinite Spire","Minty Spire (QoL Compilation)","Rare Cards Sparkle","Replay The Spire","StSLib","The Servant 0.9.4","Uncapped"],"gold_per_floor":[99,99,99,549,549,549,549,474,474,474,238,238,123,137,156,156,156],"floor_reached":16,"language":"ENG","playtime":499,"items_purged":["Regret","Slimebound:Icky"],"score":84,"play_id":"5ba64123-339a-416e-b6c3-57ea118280bc","local_time":"20210115141046","is_ascension_mode":false,"campfire_choices":[{"data":"KidneyShot","floor":1,"key":"SMITH"},{"floor":6,"key":"RECALL"},{"data":"WasteNot","floor":8,"key":"SMITH"},{"data":"Luminosity","floor":10,"key":"SMITH"}],"circlet_count":0,"master_deck":["Strike_S","Strike_S","Strike_S+1","Strike_S+1","Defend_S","Defend_S+1","Defend_S","Defend_S","KidneyShot+1","Exchange","WasteNot+1","Luminosity+1","Slimebound:Icky","Rewind","Advance","InstantArmor","SpecialFormula","Defy"],"relics":["Uniform","downfall:HeartsMalice","Replay:Rubber Ducky","downfall:HeartBlessingRed","Blue Doll"],"acts_visited":["Exordium"],"potions_floor_usage":[],"damage_taken":[{"damage":0,"enemies":"Small Slimes","floor":2,"turns":1},{"damage":0,"enemies":"Jaw Worm","floor":3,"turns":1},{"damage":0,"enemies":"Cultist","floor":9,"turns":1},{"damage":2,"enemies":"downfall:FleeingMerchant","floor":11,"turns":4},{"damage":0,"enemies":"downfall:FleeingMerchant","floor":13,"turns":4},{"damage":0,"enemies":"2 Fungi Beasts","floor":14,"turns":3},{"damage":6,"enemies":"Large Slime","floor":15,"turns":4},{"damage":88,"enemies":"downfall:Defect","floor":16,"turns":14}],"seed_played":"-8334160866274082884","potions_obtained":[{"floor":14,"key":"FairyPotion"}],"is_trial":false,"path_per_floor":["R","M","M","?","?","R","T","R","M","R","$","?","$","M","M","B"],"character_chosen":"THE_SERVANT","items_purchased":["Blue Doll"],"campfire_rested":0,"item_purchase_floors":[11],"current_hp_per_floor":[65,65,65,65,65,65,65,65,65,65,63,63,63,63,62,0,0],"gold":156,"neow_bonus":"THREE_ENEMY_KILL","is_daily":false,"chose_seed":false,"campfire_upgraded":3,"win_rate":0.0,"timestamp":1610737846,"path_taken":["R","M","M","?","?","R","T","R","M","R","$","?","?","?","M","BOSS"],"items_purchased_type":["Relic"],"build_version":"2020-12-22","purchased_purges":2,"victory":false,"max_hp_per_floor":[65,65,65,65,65,65,65,65,65,65,65,65,65,65,65,65,65],"card_choices":[{"not_picked":["ShatteredReality","Hightail"],"picked":"WasteNot","floor":2},{"not_picked":["BottledTime","Rewind"],"picked":"Luminosity","floor":3},{"not_picked":["Replace","DoubleEdge"],"picked":"Rewind","floor":9},{"not_picked":["BestPractice","Alleviate"],"picked":"Advance","floor":11},{"not_picked":["DoubleEdge","Snipe"],"picked":"InstantArmor","floor":13},{"not_picked":["Moonlight","Rearm"],"picked":"SpecialFormula","floor":14},{"not_picked":["Misdirection","Rewind"],"picked":"Defy","floor":15}],"player_experience":430649,"relics_obtained":[{"floor":7,"key":"Replay:Rubber Ducky"}],"event_choices":[{"cards_removed":["Slimebound:Icky"],"damage_healed":0,"gold_gain":0,"player_choice":"Card Removal","damage_taken":0,"max_hp_gain":0,"max_hp_loss":0,"event_name":"The Cleric","floor":12,"gold_loss":0}],"is_beta":false,"boss_relics":[],"items_purged_floors":[11,13],"is_endless":false,"potions_floor_spawned":[14],"killed_by":"downfall:Defect","ascension_level":0}}