{"host":"4qr1gza03141aubc","time":1610701096,"event":{"mods":["BaseMod","Minty Spire (QoL Compilation)","Quick Restart"],"gold_per_floor":[113,113,38,58,58,58,77,111,111,145,145,145,164,179,179,283,283,283,183,183,123,123,123,123,123,123,123,42,42,42,42,42,42,42,42,42,42,42,0,0,0,0,0,0,0,0,0,0,0,0],"floor_reached":51,"language":"ENG","playtime":2273,"items_purged":["Defend_G","Strike_G"],"score":809,"play_id":"4d829ce6-c6ce-484d-98d5-7ffd84962c67","local_time":"20210115125816","is_ascension_mode":true,"campfire_choices":[{"data":"Neutralize","floor":6,"key":"SMITH"},{"floor":11,"key":"REST"},{"floor":15,"key":"REST"},{"floor":23,"key":"REST"},{"data":"Bane","floor":25,"key":"SMITH"},{"data":"Poisoned Stab","floor":27,"key":"SMITH"},{"data":"Choke","floor":32,"key":"SMITH"},{"floor":40,"key":"REST"},{"floor":44,"key":"REST"},{"floor":49,"key":"REST"}],"circlet_count":0,"master_deck":["Strike_G+1","Strike_G+1","Strike_G+1","Strike_G+1","Defend_G+1","Defend_G+1","Defend_G+1","Survivor+1","Neutralize+1","Backflip+1","Bane+1","Well Laid Plans+1","Leg Sweep+1","Expertise+1","Poisoned Stab+1","Noxious Fumes+1","Adrenaline+1","Leg Sweep+1","PiercingWail+1","Predator+1","Choke+1","Backstab+1","Doppelganger+1","Bane+1","Deadly Poison+1","Deadly Poison+1"],"relics":["Cursed Key","MealTicket","Frozen Egg 2","Pen Nib","Ectoplasm","GremlinMask","Fusion Hammer","Red Mask","Mark of the Bloom"],"acts_visited":["Exordium","TheCity","TheBeyond"],"potions_floor_usage":[10,16,16,22,33,50,50],"damage_taken":[{"damage":0,"enemies":"2 Louse","floor":1,"turns":3},{"damage":0,"enemies":"Cultist","floor":4,"turns":3},{"damage":4,"enemies":"Small Slimes","floor":7,"turns":3},{"damage":11,"enemies":"3 Sentries","floor":8,"turns":12},{"damage":23,"enemies":"Lagavulin","floor":10,"turns":10},{"damage":0,"enemies":"2 Fungi Beasts","floor":13,"turns":4},{"damage":0,"enemies":"Exordium Thugs","floor":14,"turns":3},{"damage":12,"enemies":"Slime Boss","floor":16,"turns":9},{"damage":0,"enemies":"Shell Parasite","floor":18,"turns":5},{"damage":19,"enemies":"2 Thieves","floor":21,"turns":4},{"damage":9,"enemies":"Sentry and Sphere","floor":22,"turns":7},{"damage":2,"enemies":"Snecko","floor":24,"turns":6},{"damage":5,"enemies":"Shelled Parasite and Fungi","floor":31,"turns":6},{"damage":39,"enemies":"Collector","floor":33,"turns":8},{"damage":10,"enemies":"3 Darklings","floor":35,"turns":7},{"damage":12,"enemies":"3 Shapes","floor":37,"turns":4},{"damage":25,"enemies":"3 Darklings","floor":38,"turns":5},{"damage":4,"enemies":"Jaw Worm Horde","floor":42,"turns":3},{"damage":2,"enemies":"Writhing Mass","floor":47,"turns":4},{"damage":0,"enemies":"Maw","floor":48,"turns":6},{"damage":27,"enemies":"Donu and Deca","floor":50,"turns":9}],"seed_played":"-7881523630785223054","potions_obtained":[{"floor":1,"key":"Swift Potion"},{"floor":7,"key":"Energy Potion"},{"floor":10,"key":"DistilledChaos"},{"floor":13,"key":"Strength Potion"},{"floor":31,"key":"ColorlessPotion"},{"floor":38,"key":"Block Potion"},{"floor":48,"key":"ColorlessPotion"}],"is_trial":false,"path_per_floor":["M","?","$","M","?","R","M","E","T","E","R","?","M","M","R","B",null,"M","$","?","M","M","R","M","R","T","R","$","T","$","M","R","B",null,"M","?","M","M","?","R","$","M","T","R","$","?","M","M","R","B",null],"character_chosen":"THE_SILENT","items_purchased":["Choke"],"campfire_rested":6,"item_purchase_floors":[28],"current_hp_per_floor":[70,70,70,70,56,56,52,41,41,18,39,32,32,32,53,41,63,63,70,70,51,42,63,61,61,61,61,70,70,70,65,65,26,59,49,49,37,12,12,33,48,44,44,65,70,70,68,68,68,41],"gold":0,"neow_bonus":"BOSS_RELIC","is_daily":false,"chose_seed":false,"campfire_upgraded":4,"win_rate":0.0,"timestamp":1610701096,"path_taken":["M","?","$","?","?","R","M","E","T","E","R","?","M","M","R","BOSS","M","$","?","?","M","R","M","R","T","R","$","?","$","M","R","BOSS","M","?","M","M","?","R","$","?","T","R","?","?","M","M","R","BOSS"],"items_purchased_type":["Card"],"build_version":"2020-12-22","purchased_purges":2,"victory":true,"max_hp_per_floor":[70,70,70,70,70,70,70,70,70,70,70,70,70,70,70,70,70,70,70,70,70,70,70,70,70,70,70,70,70,70,70,70,70,70,70,70,70,70,70,70,70,70,70,70,70,70,70,70,70,70],"card_choices":[{"not_picked":["Riddle With Holes","Endless Agony"],"picked":"Backflip","floor":1},{"not_picked":["Dagger Throw","Accuracy"],"picked":"Well Laid Plans","floor":4},{"not_picked":["Sucker Punch","Accuracy"],"picked":"Leg Sweep","floor":7},{"not_picked":["Dagger Spray","Tactician"],"picked":"Expertise","floor":8},{"not_picked":["Prepared","Flechettes"],"picked":"Poisoned Stab","floor":10},{"not_picked":["Expertise","Dagger Throw"],"picked":"Noxious Fumes+1","floor":13},{"not_picked":["Backflip","Prepared","Dodge and Roll"],"picked":"SKIP","floor":14},{"not_picked":["Die Die Die","Phantasmal Killer"],"picked":"Adrenaline","floor":16},{"not_picked":["PiercingWail","Expertise"],"picked":"Leg Sweep","floor":18},{"not_picked":["Backflip","Dagger Spray"],"picked":"PiercingWail","floor":21},{"not_picked":["Quick Slash","Backflip"],"picked":"Predator","floor":22},{"not_picked":["All Out Attack+1","Blade Dance","Deflect"],"picked":"SKIP","floor":24},{"not_picked":["Slice","Cloak And Dagger"],"picked":"Backstab+1","floor":31},{"not_picked":["Grand Finale","Corpse Explosion"],"picked":"Doppelganger","floor":33},{"not_picked":["Backflip","Blade Dance","Dagger Spray+1"],"picked":"SKIP","floor":35},{"not_picked":["Riddle With Holes","Dagger Spray"],"picked":"Bane+1","floor":37},{"not_picked":["Dodge and Roll+1","Dagger Throw"],"picked":"Deadly Poison+1","floor":38},{"not_picked":["Concentrate+1","Blur"],"picked":"Deadly Poison+1","floor":42},{"not_picked":["PiercingWail","Setup","Flechettes+1"],"picked":"SKIP","floor":47},{"not_picked":["Setup","Choke","Deflect+1"],"picked":"SKIP","floor":48}],"player_experience":344255,"relics_obtained":[{"floor":8,"key":"MealTicket"},{"floor":9,"key":"Frozen Egg 2"},{"floor":10,"key":"Pen Nib"}],"event_choices":[{"damage_healed":0,"gold_gain":0,"cards_transformed":["Defend_G"],"player_choice":"Transformed","damage_taken":0,"max_hp_gain":0,"max_hp_loss":0,"event_name":"Transmorgrifier","floor":2,"gold_loss":0,"cards_obtained":["Bane"]},{"damage_healed":0,"gold_gain":0,"player_choice":"Entered Light","damage_taken":14,"max_hp_gain":0,"max_hp_loss":0,"event_name":"Shining Light","floor":5,"gold_loss":0,"cards_upgraded":["Backflip","Defend_G"]},{"cards_removed":["Decay"],"damage_healed":0,"gold_gain":0,"player_choice":"Card Removal","damage_taken":7,"max_hp_gain":0,"max_hp_loss":0,"event_name":"Golden Wing","floor":12,"gold_loss":0},{"damage_healed":0,"gold_gain":0,"player_choice":"Trade","damage_taken":0,"relics_obtained":["GremlinMask"],"max_hp_gain":0,"max_hp_loss":0,"event_name":"FaceTrader","floor":20,"gold_loss":0},{"damage_healed":0,"gold_gain":0,"player_choice":"Ignored","damage_taken":0,"max_hp_gain":0,"max_hp_loss":0,"event_name":"Mysterious Sphere","floor":36,"gold_loss":0},{"damage_healed":0,"gold_gain":0,"player_choice":"Paid","damage_taken":0,"relics_obtained":["Red Mask"],"max_hp_gain":0,"max_hp_loss":0,"event_name":"Tomb of Lord Red Mask","floor":39,"gold_loss":42},{"damage_healed":0,"gold_gain":0,"player_choice":"Upgrade","damage_taken":0,"relics_obtained":["Mark of the Bloom"],"max_hp_gain":0,"max_hp_loss":0,"event_name":"MindBloom","floor":46,"gold_loss":0,"cards_upgraded":["Strike_G","Strike_G","Strike_G","Strike_G","Defend_G","Defend_G","Survivor","Well Laid Plans","Leg Sweep","Expertise","Adrenaline","Leg Sweep","PiercingWail","Predator","Doppelganger"]}],"is_beta":false,"boss_relics":[{"not_picked":["HoveringKite","Pandora\u0027s Box"],"picked":"Ectoplasm"},{"not_picked":["Calling Bell","Black Star"],"picked":"Fusion Hammer"}],"items_purged_floors":[3,19],"is_endless":false,"potions_floor_spawned":[1,7,10,13,31,38,48],"ascension_level":5}}