{"host":"61xbmbtf5zrn7rzc","time":1610695156,"event":{"mods":["BaseMod","Challenge The Spire","Hubris","Infinite Spire","Minty Spire (QoL Compilation)","Replay The Spire","StSLib","SuperFastMode"],"gold_per_floor":[113,388,238,238,252,252,286,286,286,314,329,329,17,46,46,148,148,166,179,179,179],"floor_reached":20,"language":"ENG","playtime":610,"items_purged":["Regret"],"score":247,"play_id":"f419689a-183f-4b1f-bc30-cd626e562f24","local_time":"20210115021916","is_ascension_mode":true,"campfire_choices":[{"data":"Noxious Fumes","floor":6,"key":"SMITH"},{"floor":15,"key":"REST"}],"circlet_count":0,"master_deck":["Strike_G","Strike_G","Strike_G","Strike_G","Defend_G","Defend_G","Defend_G","Defend_G","Defend_G","Survivor","Neutralize","Noxious Fumes+1","Bane","Calculated Gamble","ReplayTheSpireMod:Scrap Shanks","AbeCurse"],"relics":["Ring of the Snake","NeowsBlessing","Bronze Scales","Anchor","Medical Kit","Vajra","Blue Candle","Abe\u0027s Treasure"],"acts_visited":["Exordium","TheCity"],"potions_floor_usage":[16,20],"damage_taken":[{"damage":0,"enemies":"Cultist","floor":1,"turns":1},{"damage":0,"enemies":"Small Slimes","floor":5,"turns":1},{"damage":0,"enemies":"Gremlin Nob","floor":7,"turns":1},{"damage":37,"enemies":"3 Sentries","floor":10,"turns":7},{"damage":0,"enemies":"Jaw Worm","floor":11,"turns":3},{"damage":11,"enemies":"Replay:BlueRogue","floor":14,"turns":5},{"damage":42,"enemies":"The Guardian","floor":16,"turns":11},{"damage":12,"enemies":"Spheric Guardian","floor":18,"turns":4},{"damage":14,"enemies":"Shell Parasite","floor":19,"turns":5},{"damage":49,"enemies":"Sentry and Sphere","floor":20,"turns":7}],"seed_played":"2239693183345093865","potions_obtained":[{"floor":1,"key":"SpeedPotion"},{"floor":16,"key":"PowerPotion"}],"is_trial":false,"path_per_floor":["M","?","$","?","M","R","E","$","T","E","M","?","$","E","R","B",null,"M","M","M"],"character_chosen":"THE_SILENT","items_purchased":["Noxious Fumes","Medical Kit","Vajra"],"campfire_rested":1,"item_purchase_floors":[3,13,13],"current_hp_per_floor":[70,70,70,75,75,75,75,75,75,38,38,38,38,27,49,7,75,63,49,0,0],"gold":179,"neow_bonus":"THREE_ENEMY_KILL","is_daily":false,"chose_seed":false,"campfire_upgraded":1,"win_rate":0.0,"timestamp":1610695156,"path_taken":["M","?","?","?","?","R","E","$","T","E","M","?","$","E","R","BOSS","M","M","M"],"items_purchased_type":["Card","Relic","Relic"],"build_version":"2020-12-22","purchased_purges":1,"victory":false,"max_hp_per_floor":[70,70,70,75,75,75,75,75,75,75,75,75,75,75,75,75,75,75,75,75,75],"card_choices":[{"not_picked":["PiercingWail","Quick Slash","Sucker Punch"],"picked":"SKIP","floor":1},{"not_picked":["Sucker Punch","Quick Slash"],"picked":"Bane","floor":5},{"not_picked":["Dodge and Roll","Flechettes"],"picked":"Calculated Gamble","floor":7},{"not_picked":["Bane","Skewer"],"picked":"ReplayTheSpireMod:Scrap Shanks","floor":10},{"not_picked":["Underhanded Strike","Reflex","hubris:Sniper"],"picked":"SKIP","floor":11},{"not_picked":["Quick Slash","Grand Finale","Masterful Stab"],"picked":"SKIP","floor":14},{"not_picked":["Cloak And Dagger","Dagger Throw+1","Riddle With Holes"],"picked":"SKIP","floor":18},{"not_picked":["Deflect","Blur","Flying Knee"],"picked":"SKIP","floor":19}],"player_experience":122179,"relics_obtained":[{"floor":7,"key":"Bronze Scales"},{"floor":10,"key":"Anchor"},{"floor":14,"key":"Blue Candle"}],"event_choices":[{"damage_healed":0,"gold_gain":275,"player_choice":"Desecrate","damage_taken":0,"max_hp_gain":0,"max_hp_loss":0,"event_name":"Golden Shrine","floor":2,"gold_loss":0,"cards_obtained":["Regret"]},{"damage_healed":0,"gold_gain":0,"player_choice":"Donut","damage_taken":0,"max_hp_gain":5,"max_hp_loss":0,"event_name":"Big Fish","floor":4,"gold_loss":0},{"cards_removed":["Strike_G"],"damage_healed":0,"gold_gain":0,"player_choice":"Card Removal","damage_taken":0,"max_hp_gain":0,"max_hp_loss":0,"event_name":"Wheel of Change","floor":12,"gold_loss":0}],"is_beta":false,"boss_relics":[{"not_picked":["Snecko Scales","hubris:CrackedHourglass"],"picked":"Abe\u0027s Treasure"}],"items_purged_floors":[3],"is_endless":false,"potions_floor_spawned":[1,16],"killed_by":"Sentry and Sphere","ascension_level":3}}