{"host":"7rmsgc3rayi00cdt","time":1610715061,"event":{"mods":["BaseMod","Minty Spire (QoL Compilation)"],"gold_per_floor":[109,121,121,138,148,175,175,188,188,203,215,52,78,78,78,168,168,188,188,238,238,238,238,251,270,297,297,297,320,320,320],"floor_reached":30,"language":"ENG","playtime":1123,"items_purged":[],"score":436,"play_id":"d05e3ed5-ebdc-44c6-8154-dc510e6ea3c9","local_time":"20210115125101","is_ascension_mode":true,"campfire_choices":[{"floor":7,"key":"REST"},{"data":"Zap","floor":15,"key":"SMITH"},{"floor":23,"key":"REST"},{"floor":28,"key":"REST"}],"circlet_count":0,"master_deck":["AscendersBane","Strike_B","Strike_B","Strike_B","Strike_B","Defend_B","Defend_B","Defend_B","Defend_B","Zap+1","Dualcast","Beam Cell","FTL","Streamline","BootSequence","Go for the Eyes","Machine Learning","Hologram","Stack","Zap+1","Rebound"],"relics":["Cracked Core","WingedGreaves","Mummified Hand","Dead Branch","Lee\u0027s Waffle","White Beast Statue","Golden Idol","Empty Cage","PreservedInsect"],"acts_visited":["Exordium","TheCity"],"potions_floor_usage":[16,25,29,30],"damage_taken":[{"damage":5,"enemies":"Cultist","floor":1,"turns":4},{"damage":2,"enemies":"Small Slimes","floor":2,"turns":4},{"damage":7,"enemies":"2 Louse","floor":4,"turns":3},{"damage":7,"enemies":"Looter","floor":5,"turns":3},{"damage":32,"enemies":"Gremlin Nob","floor":6,"turns":4},{"damage":15,"enemies":"3 Louse","floor":8,"turns":4},{"damage":7,"enemies":"Gremlin Gang","floor":10,"turns":6},{"damage":0,"enemies":"Red Slaver","floor":11,"turns":2},{"damage":27,"enemies":"3 Sentries","floor":13,"turns":7},{"damage":66,"enemies":"The Guardian","floor":16,"turns":11},{"damage":25,"enemies":"Spheric Guardian","floor":18,"turns":4},{"damage":7,"enemies":"Chosen","floor":24,"turns":4},{"damage":27,"enemies":"Centurion and Healer","floor":25,"turns":6},{"damage":20,"enemies":"Snake Plant","floor":29,"turns":4},{"damage":29,"enemies":"3 Cultists","floor":30,"turns":4}],"seed_played":"-4046178343323180436","potions_obtained":[{"floor":2,"key":"FairyPotion"},{"floor":3,"key":"CultistPotion"},{"floor":16,"key":"Swift Potion"},{"floor":18,"key":"Ancient Potion"},{"floor":24,"key":"FearPotion"},{"floor":25,"key":"DistilledChaos"},{"floor":29,"key":"FearPotion"}],"is_trial":false,"path_per_floor":["M","M","?","M","M","E","R","M","T","M","M","$","E","?","R","B",null,"M","?","?","?","?","R","M","M","T","?","R","M","M"],"character_chosen":"DEFECT","items_purchased":["Lee\u0027s Waffle"],"campfire_rested":3,"item_purchase_floors":[12],"current_hp_per_floor":[59,57,57,50,43,11,32,17,17,10,10,78,51,51,51,8,61,36,36,36,36,36,59,52,25,25,25,48,28,0,0],"gold":320,"neow_bonus":"ONE_RARE_RELIC","is_daily":false,"chose_seed":false,"campfire_upgraded":1,"win_rate":0.0,"timestamp":1610715061,"path_taken":["M","?","?","?","M","E","R","M","T","M","M","$","E","?","R","BOSS","M","?","?","?","?","R","M","?","T","?","R","M","?"],"items_purchased_type":["Relic"],"build_version":"2020-12-22","purchased_purges":0,"victory":false,"max_hp_per_floor":[71,71,71,71,71,71,71,71,71,71,71,78,78,78,78,78,78,78,78,78,78,78,78,78,78,78,78,78,78,78,78],"card_choices":[{"not_picked":["Reprogram","Leap"],"picked":"Beam Cell","floor":1},{"not_picked":["Coolheaded","Leap"],"picked":"FTL","floor":2},{"not_picked":["Static Discharge","Doom and Gloom"],"picked":"Streamline","floor":4},{"not_picked":["Capacitor","Lockon"],"picked":"BootSequence","floor":5},{"not_picked":["Sweeping Beam","White Noise","Thunder Strike"],"picked":"SKIP","floor":6},{"not_picked":["Aggregate","Streamline","Steam Power"],"picked":"SKIP","floor":8},{"not_picked":["Defragment","Sunder","Steam"],"picked":"SKIP","floor":10},{"not_picked":["BootSequence","Steam","Melter"],"picked":"SKIP","floor":11},{"not_picked":["Lockon","Chill"],"picked":"Go for the Eyes","floor":13},{"not_picked":["Amplify","Biased Cognition"],"picked":"Machine Learning","floor":16},{"not_picked":["Go for the Eyes","Chaos"],"picked":"Hologram","floor":18},{"not_picked":["Hologram","Chaos","Ball Lightning"],"picked":"SKIP","floor":24},{"not_picked":["Compile Driver","Steam"],"picked":"Stack","floor":25},{"not_picked":["Go for the Eyes","Hologram"],"picked":"Rebound","floor":29}],"player_experience":764149,"relics_obtained":[{"floor":6,"key":"Mummified Hand"},{"floor":9,"key":"Dead Branch"},{"floor":13,"key":"White Beast Statue"},{"floor":26,"key":"PreservedInsect"}],"event_choices":[{"damage_healed":0,"gold_gain":0,"player_choice":"Got Potions","damage_taken":0,"max_hp_gain":0,"max_hp_loss":0,"event_name":"Lab","floor":3,"gold_loss":0},{"damage_healed":0,"gold_gain":0,"player_choice":"Take Wound","damage_taken":0,"relics_obtained":["Golden Idol"],"max_hp_gain":0,"max_hp_loss":0,"event_name":"Golden Idol","floor":14,"gold_loss":0,"cards_obtained":["Injury"]},{"damage_healed":0,"gold_gain":0,"player_choice":"Ignored","damage_taken":0,"max_hp_gain":0,"max_hp_loss":0,"event_name":"Cursed Tome","floor":19,"gold_loss":0},{"damage_healed":0,"gold_gain":50,"player_choice":"Stole From Cult","damage_taken":0,"max_hp_gain":0,"max_hp_loss":0,"event_name":"Nest","floor":20,"gold_loss":0},{"damage_healed":0,"gold_gain":0,"player_choice":"Ignored","damage_taken":0,"max_hp_gain":0,"max_hp_loss":0,"event_name":"Vampires","floor":21,"gold_loss":0},{"damage_healed":0,"gold_gain":0,"player_choice":"Ignored","damage_taken":0,"max_hp_gain":0,"max_hp_loss":0,"event_name":"N\u0027loth","floor":22,"gold_loss":0},{"damage_healed":0,"gold_gain":0,"player_choice":"Copied","damage_taken":0,"max_hp_gain":0,"max_hp_loss":0,"event_name":"Duplicator","floor":27,"gold_loss":0,"cards_obtained":["Zap"]}],"is_beta":false,"boss_relics":[{"not_picked":["Ectoplasm","Fusion Hammer"],"picked":"Empty Cage"}],"items_purged_floors":[],"is_endless":false,"potions_floor_spawned":[2,8,10,13,16,18,24,25,29],"killed_by":"3 Cultists","ascension_level":16}}