{"host":"j4g6ia6asvpyu2b0","time":1610673368,"event":{"mods":["BaseMod","Colored Map","Minty Spire (QoL Compilation)","Permanent Neow","Quick Restart","Relic Stats","StSLib","Unceasing Turn Reminder"],"gold_per_floor":[110,128,128,128,144,144,185,185,185,221,221,52,87,112,112,237,237,255,271,284,308,308,343,343,362,662,697,713,732,732,732,732],"floor_reached":31,"language":"ENG","playtime":859,"items_purged":[],"score":595,"play_id":"bdd1e4d2-b2ed-42ce-8fd7-cfbb9f7decdf","local_time":"20210114181608","is_ascension_mode":true,"campfire_choices":[{"data":"Bash","floor":6.0,"key":"SMITH"},{"data":"Juggernaut","floor":8.0,"key":"SMITH"},{"data":"Perfected Strike","floor":11.0,"key":"SMITH"},{"data":"Evolve","floor":15.0,"key":"SMITH"},{"data":"Entrench","floor":24.0,"key":"SMITH"},{"data":"Rage","floor":30,"key":"SMITH"}],"circlet_count":0,"master_deck":["AscendersBane","Strike_R","Strike_R","Strike_R","Strike_R","Strike_R","Defend_R","Defend_R","Defend_R","Defend_R","Bash+1","Flash of Steel","Twin Strike","Iron Wave","Perfected Strike+1","Juggernaut+1","Anger","Rage+1","Evolve+1","Feed","Pommel Strike","Entrench+1","Body Slam","Ghostly Armor","Battle Trance","Clothesline+1","Pommel Strike","Disarm"],"relics":["Burning Blood","Golden Idol","HornCleat","Gremlin Horn","Oddly Smooth Stone","Membership Card","Pantograph","Runic Dome","White Beast Statue","The Courier","Old Coin","Ancient Tea Set"],"acts_visited":["Exordium","TheCity"],"potions_floor_usage":[27,28,31],"damage_taken":[{"damage":8.0,"enemies":"2 Louse","floor":1.0,"turns":3.0},{"damage":7.0,"enemies":"Jaw Worm","floor":2.0,"turns":3.0},{"damage":0.0,"enemies":"Cultist","floor":5.0,"turns":3.0},{"damage":21.0,"enemies":"Lagavulin","floor":7.0,"turns":8.0},{"damage":0.0,"enemies":"Gremlin Nob","floor":10.0,"turns":3.0},{"damage":14.0,"enemies":"Lagavulin","floor":13.0,"turns":4.0},{"damage":0.0,"enemies":"Exordium Thugs","floor":14.0,"turns":3.0},{"damage":0.0,"enemies":"Slime Boss","floor":16.0,"turns":6.0},{"damage":22.0,"enemies":"Spheric Guardian","floor":18.0,"turns":4.0},{"damage":9.0,"enemies":"Chosen","floor":19.0,"turns":4.0},{"damage":17.0,"enemies":"Centurion and Healer","floor":20.0,"turns":8.0},{"damage":12.0,"enemies":"Snecko","floor":21.0,"turns":4.0},{"damage":19.0,"enemies":"Slavers","floor":23.0,"turns":5.0},{"damage":0.0,"enemies":"3 Cultists","floor":25.0,"turns":5.0},{"damage":1,"enemies":"Gremlin Leader","floor":27,"turns":6},{"damage":9,"enemies":"Centurion and Healer","floor":28,"turns":6},{"damage":24,"enemies":"Snake Plant","floor":29,"turns":2},{"damage":30,"enemies":"Slavers","floor":31,"turns":3}],"seed_played":"6141503995199159278","potions_obtained":[{"floor":4.0,"key":"PowerPotion"},{"floor":4.0,"key":"Regen Potion"},{"floor":7.0,"key":"DistilledChaos"},{"floor":10.0,"key":"PowerPotion"},{"floor":14.0,"key":"SteroidPotion"},{"floor":16.0,"key":"Energy Potion"},{"floor":21.0,"key":"DistilledChaos"},{"floor":23.0,"key":"GamblersBrew"},{"floor":25.0,"key":"Block Potion"},{"floor":27,"key":"EssenceOfSteel"},{"floor":28,"key":"BloodPotion"}],"is_trial":false,"path_per_floor":["M","M","?","?","M","R","E","R","T","E","R","$","E","M","R","B",null,"M","M","M","M","?","E","R","M","T","E","M","M","R","E"],"character_chosen":"IRONCLAD","items_purchased":["Membership Card","Anger"],"campfire_rested":0,"item_purchase_floors":[12,12],"current_hp_per_floor":[70,69,69,69,74,74,59,59,59,65,65,65,57,63,63,74,74,61,61,53,47,47,37,37,43,43,48,48,30,30,0,0],"gold":732,"neow_bonus":"RANDOM_COLORLESS","is_daily":false,"chose_seed":false,"campfire_upgraded":6,"win_rate":0.0,"timestamp":1610673368,"path_taken":["M","M","?","?","M","R","E","R","T","E","R","$","E","?","R","BOSS","M","M","M","M","?","E","R","M","T","E","M","M","R","E"],"items_purchased_type":["Relic","Card"],"build_version":"2020-12-22","purchased_purges":0,"victory":false,"max_hp_per_floor":[80,80,74,74,74,74,74,74,74,74,74,74,74,74,74,74,74,77,80,83,83,83,86,86,86,86,86,89,89,89,89,89],"relic_stats":{"Gremlin Horn":[15,15],"counters":[18,80],"Golden Idol":95,"Pantograph":11,"obtain_stats":[{"Runic Dome":17,"HornCleat":7,"Gremlin Horn":9,"Golden Idol":3,"Pantograph":13,"Oddly Smooth Stone":10,"The Courier":23,"Membership Card":12,"Ancient Tea Set":27,"Burning Blood":0,"White Beast Statue":22,"Old Coin":26},{"Runic Dome":8,"HornCleat":4,"Gremlin Horn":4,"Golden Idol":2,"Pantograph":6,"Oddly Smooth Stone":5,"The Courier":13,"Membership Card":5,"Ancient Tea Set":15,"Burning Blood":0,"White Beast Statue":12,"Old Coin":14},{"Runic Dome":33,"HornCleat":17,"Gremlin Horn":17,"Golden Idol":6,"Pantograph":24,"Oddly Smooth Stone":20,"The Courier":58,"Membership Card":20,"Ancient Tea Set":69,"Burning Blood":0,"White Beast Statue":53,"Old Coin":63}],"Burning Blood":95},"card_choices":[{"not_picked":["Panacea","Blind"],"picked":"Flash of Steel","floor":0.0},{"not_picked":["Clash","Cleave"],"picked":"Twin Strike","floor":1.0},{"not_picked":["Fire Breathing","Armaments"],"picked":"Iron Wave","floor":2.0},{"not_picked":["Entrench","Twin Strike"],"picked":"Perfected Strike","floor":5.0},{"not_picked":["Dual Wield","Dark Embrace"],"picked":"Juggernaut","floor":7.0},{"not_picked":["Searing Blow","True Grit","Seeing Red"],"picked":"SKIP","floor":10.0},{"not_picked":["Havoc","Brutality"],"picked":"Rage","floor":13.0},{"not_picked":["Wild Strike","Power Through"],"picked":"Evolve","floor":14.0},{"not_picked":["Double Tap","Immolate"],"picked":"Feed","floor":16.0},{"not_picked":["Wild Strike","Rupture"],"picked":"Pommel Strike","floor":18.0},{"not_picked":["Dual Wield","Sever Soul"],"picked":"Entrench","floor":19.0},{"not_picked":["True Grit","Iron Wave+1"],"picked":"Body Slam","floor":20.0},{"not_picked":["Flex","Sword Boomerang"],"picked":"Ghostly Armor","floor":21.0},{"not_picked":["Entrench","Heavy Blade","True Grit"],"picked":"SKIP","floor":23.0},{"not_picked":["Flex","Twin Strike+1"],"picked":"Battle Trance","floor":25.0},{"not_picked":["Brutality","Iron Wave+1"],"picked":"Clothesline+1","floor":27},{"not_picked":["Headbutt","Anger"],"picked":"Pommel Strike","floor":28},{"not_picked":["Sentinel","Clash"],"picked":"Disarm","floor":29}],"player_experience":849460,"relics_obtained":[{"floor":7.0,"key":"HornCleat"},{"floor":9.0,"key":"Gremlin Horn"},{"floor":10.0,"key":"Oddly Smooth Stone"},{"floor":13.0,"key":"Pantograph"},{"floor":23.0,"key":"The Courier"},{"floor":26.0,"key":"Old Coin"},{"floor":27,"key":"Ancient Tea Set"}],"event_choices":[{"damage_healed":0.0,"max_hp_gain":0.0,"max_hp_loss":6.0,"gold_gain":0.0,"event_name":"Golden Idol","player_choice":"Lose Max HP","floor":3.0,"gold_loss":0.0,"damage_taken":0.0,"relics_obtained":["Golden Idol"]},{"damage_healed":0.0,"max_hp_gain":0.0,"max_hp_loss":0.0,"gold_gain":0.0,"event_name":"Lab","player_choice":"Got Potions","floor":4.0,"gold_loss":0.0,"damage_taken":0.0},{"damage_healed":0.0,"max_hp_gain":0.0,"max_hp_loss":0.0,"gold_gain":0.0,"event_name":"The Mausoleum","player_choice":"Opened","floor":22.0,"gold_loss":0.0,"damage_taken":0.0,"relics_obtained":["White Beast Statue"]}],"is_beta":false,"boss_relics":[{"not_picked":["Calling Bell","Tiny House"],"picked":"Runic Dome"}],"items_purged_floors":[],"is_endless":false,"potions_floor_spawned":[7,10,13,14,16,19,21,23,25,27,28,29],"killed_by":"Slavers","ascension_level":12}}