{"host":"h5mpg8xef8fl8s1y","time":1610697871,"event":{"mods":["100% Spire Juice","AchievementEnabler","BaseMod","Bestiary","Block Reminder","CapriCore","Colored Map","Colored Powertips","Curses Come First","Dark Map","Displayed Cursed Tome","Googly Eyes","Koishi","Marisa????????","Minty Spire (QoL Compilation)","Permanent Neow","Quick Restart","Random Character Button","Rare Cards Sparkle","Reimu??????","Relic Stats","Remilia??????","StSLib","Starting Relic: Pandora\u0027s Box","The Immortal","The Marked","The Senshi","The Servant 0.9.4","TheVelvet","Waifu the Spire","Yakumo Yukari mod","Yuyuko","everything is the same but u backflip on backflip"],"gold_per_floor":[118,178,178,178,192,203,227,252,302,317,317,346,357,376,376,480,480,499,499,598,610,610,610,635,648,648,658,670,670,686,696,696,796,796,808,826,383,402,416,416,446,446,471,471,485,485,500,519,519,519],"floor_reached":51,"language":"ENG","playtime":4146,"items_purged":[],"score":675,"play_id":"6519920a-3868-48e5-8215-ccf4ee0a8260","local_time":"20210115030431","is_ascension_mode":false,"campfire_choices":[{"data":"MokouMod:BurningDraft","floor":11,"key":"SMITH"},{"data":"MokouMod:SpontaneousHumanCombustion","floor":15,"key":"SMITH"},{"floor":23,"key":"REST"},{"data":"MokouMod:Sear","floor":29,"key":"SMITH"},{"data":"MokouMod:FlickeringFlame","floor":32,"key":"SMITH"},{"floor":40,"key":"REST"},{"floor":44,"key":"REST"},{"data":"MokouMod:PhoenixFeathers","floor":49,"key":"SMITH"}],"circlet_count":0,"master_deck":["MokouMod:HeatSpark","MokouMod:UncontrollableSolarReaction","MokouMod:ResoluteFlare","MokouMod:ResoluteFlare","MokouMod:CrimsonArmoury","MokouMod:FlareStarter","MokouMod:FlamingFireTalons","MokouMod:Overheat","MokouMod:Singe","MokouMod:AdaptivePyromancy","MokouMod:Trailblazer","MokouMod:FlareStarter","MokouMod:BurningDraft+1","MokouMod:IndiscriminateIgnition","MokouMod:IndiscriminateIgnition","MokouMod:Stoke","MokouMod:Ember+1","MokouMod:SpontaneousHumanCombustion+1","MokouMod:ResonatingAura","MokouMod:Overheat","MokouMod:ScorchingColumn","MokouMod:RoaringFlare+1","MokouMod:CrimsonFlare","MokouMod:Sear+1","MokouMod:TemporalFireSeal","MokouMod:FlickeringFlame+1","MokouMod:SacredFire","MokouMod:Fireball+1","Apotheosis","MokouMod:HeatCyclone+1","MokouMod:BlazingComet+1","MokouMod:InfernalWave","Madness","Madness","MokouMod:FujiyamaVolcano+1","Violence","MokouMod:PhoenixFeathers+1"],"relics":["MokouMod:PhoenixFeather","Bag of Marbles","Odd Mushroom","Bronze Scales","Blood Vial","Ancient Tea Set","Philosopher\u0027s Stone","theSenshi:SuperSailorFukuRelic","ScarletDevilRocket","Sozu","AntiCross","Calipers","Lantern"],"acts_visited":["Exordium","TheCity","TheBeyond"],"potions_floor_usage":[41,50,50],"damage_taken":[{"damage":0,"enemies":"2 Louse","floor":1,"turns":3},{"damage":0,"enemies":"Small Slimes","floor":5,"turns":2},{"damage":0,"enemies":"Jaw Worm","floor":6,"turns":4},{"damage":9,"enemies":"The Mushroom Lair","floor":7,"turns":5},{"damage":18,"enemies":"Exordium Thugs","floor":10,"turns":4},{"damage":14,"enemies":"Lagavulin","floor":12,"turns":6},{"damage":0,"enemies":"3 Louse","floor":13,"turns":2},{"damage":0,"enemies":"Blue Slaver","floor":14,"turns":3},{"damage":27,"enemies":"Hexaghost","floor":16,"turns":7},{"damage":4,"enemies":"Chosen","floor":18,"turns":2},{"damage":36,"enemies":"2 Thieves","floor":21,"turns":3},{"damage":22,"enemies":"Slavers","floor":24,"turns":4},{"damage":0,"enemies":"Centurion and Healer","floor":25,"turns":5},{"damage":0,"enemies":"Chosen and Byrds","floor":27,"turns":5},{"damage":0,"enemies":"3 Cultists","floor":28,"turns":4},{"damage":0,"enemies":"Snake Plant","floor":30,"turns":2},{"damage":5,"enemies":"Shelled Parasite and Fungi","floor":31,"turns":3},{"damage":49,"enemies":"Champ","floor":33,"turns":9},{"damage":9,"enemies":"3 Shapes","floor":35,"turns":5},{"damage":30,"enemies":"3 Darklings","floor":36,"turns":6},{"damage":17,"enemies":"Spire Growth","floor":38,"turns":3},{"damage":0,"enemies":"Jaw Worm Horde","floor":39,"turns":2},{"damage":0,"enemies":"Mind Bloom Boss Battle","floor":41,"turns":2},{"damage":0,"enemies":"Transient","floor":45,"turns":5},{"damage":36,"enemies":"Writhing Mass","floor":47,"turns":3},{"damage":7,"enemies":"Jaw Worm Horde","floor":48,"turns":4},{"damage":59,"enemies":"Donu and Deca","floor":50,"turns":6}],"seed_played":"4252021720690692254","potions_obtained":[{"floor":5,"key":"CultistPotion"},{"floor":6,"key":"Energy Potion"},{"floor":10,"key":"Energy Potion"},{"floor":24,"key":"Regen Potion"}],"is_trial":false,"path_per_floor":["M","?","?","?","M","M","?","T","T","M","R","E","M","M","R","B",null,"M","?","?","M","?","R","E","M","T","M","M","R","M","M","R","B",null,"M","M","$","M","M","R","?","?","T","R","M","?","M","M","R","B",null],"character_chosen":"MKU","items_purchased":["Apotheosis","AntiCross"],"campfire_rested":3,"item_purchase_floors":[37,37],"current_hp_per_floor":[75,75,80,80,80,80,71,71,71,55,55,43,45,47,47,22,80,76,76,76,42,42,66,46,48,48,50,52,52,54,51,51,4,80,71,43,43,28,30,54,56,46,46,70,72,72,38,33,33,8],"gold":519,"neow_bonus":"RANDOM_COMMON_RELIC","is_daily":false,"chose_seed":false,"campfire_upgraded":5,"win_rate":0.0,"timestamp":1610697871,"path_taken":["M","?","?","?","?","M","?","?","T","M","R","E","M","M","R","BOSS","M","?","?","M","?","R","E","M","T","M","M","R","?","M","R","BOSS","M","M","$","M","M","R","?","?","T","R","M","?","M","M","R","BOSS"],"items_purchased_type":["Card","Relic"],"build_version":"2020-12-22","purchased_purges":0,"victory":true,"max_hp_per_floor":[75,75,80,80,80,80,80,80,80,80,80,80,80,80,80,80,80,80,80,80,80,80,80,80,80,80,80,80,80,80,80,80,80,80,80,80,80,80,80,80,80,80,80,80,80,80,80,80,80,80],"relic_stats":{"Blood Vial":42,"Sozu":1,"counters":[27,109],"Bronze Scales":[239],"obtain_stats":[{"theSenshi:SuperSailorFukuRelic":24,"Lantern":43,"ScarletDevilRocket":26,"Calipers":41,"Odd Mushroom":7,"Ancient Tea Set":12,"Blood Vial":9,"Sozu":34,"Bronze Scales":8,"MokouMod:PhoenixFeather":0,"Philosopher\u0027s Stone":17,"AntiCross":37,"Bag of Marbles":0},{"theSenshi:SuperSailorFukuRelic":12,"Lantern":23,"ScarletDevilRocket":13,"Calipers":23,"Odd Mushroom":4,"Ancient Tea Set":6,"Blood Vial":4,"Sozu":18,"Bronze Scales":4,"MokouMod:PhoenixFeather":0,"Philosopher\u0027s Stone":9,"AntiCross":20,"Bag of Marbles":0},{"theSenshi:SuperSailorFukuRelic":45,"Lantern":91,"ScarletDevilRocket":50,"Calipers":91,"Odd Mushroom":14,"Ancient Tea Set":24,"Blood Vial":14,"Sozu":73,"Bronze Scales":14,"MokouMod:PhoenixFeather":0,"Philosopher\u0027s Stone":36,"AntiCross":84,"Bag of Marbles":0}]},"card_choices":[{"not_picked":["MokouMod:EternalBurstReactor","MokouMod:ResoluteFlare"],"picked":"MokouMod:AdaptivePyromancy","floor":1},{"not_picked":["MokouMod:BurningDraft","MokouMod:IgneousBlow"],"picked":"MokouMod:FlareStarter","floor":5},{"not_picked":["MokouMod:RetainTemperature","MokouMod:ControlledCombustion"],"picked":"MokouMod:BurningDraft","floor":6},{"not_picked":["MokouMod:AdaptivePyromancy","MokouMod:ScorchingColumn"],"picked":"MokouMod:IndiscriminateIgnition","floor":7},{"not_picked":["MokouMod:AdaptivePyromancy","MokouMod:FujiyamaVolcano"],"picked":"MokouMod:IndiscriminateIgnition","floor":10},{"not_picked":["MokouMod:Combust","MokouMod:Wildfire"],"picked":"MokouMod:Stoke","floor":12},{"not_picked":["MokouMod:IndiscriminateIgnition","MokouMod:ControlledCombustion"],"picked":"MokouMod:Ember","floor":13},{"not_picked":["MokouMod:IgnitionBarrier","MokouMod:FlareStarter"],"picked":"MokouMod:SpontaneousHumanCombustion","floor":14},{"not_picked":["MokouMod:Extinguish","MokouMod:SpontaneousHumanCombustion"],"picked":"MokouMod:ResonatingAura","floor":16},{"not_picked":["MokouMod:SearingShot+1","MokouMod:IndiscriminateIgnition"],"picked":"MokouMod:Overheat","floor":18},{"not_picked":["MokouMod:CrimsonFlare+1","MokouMod:Sear"],"picked":"MokouMod:ScorchingColumn","floor":21},{"not_picked":["MokouMod:AdaptivePyromancy+1","MokouMod:IllusoryBattlefield"],"picked":"MokouMod:RoaringFlare+1","floor":24},{"not_picked":["MokouMod:ControlledCombustion","MokouMod:EternalBurstReactor","MokouMod:FusionFlare"],"picked":"SKIP","floor":25},{"not_picked":["MokouMod:Burn","MokouMod:SearingShot"],"picked":"MokouMod:CrimsonFlare","floor":27},{"not_picked":["MokouMod:Refresh","MokouMod:ResonanceReactor"],"picked":"MokouMod:Sear","floor":28},{"not_picked":["MokouMod:IgnitionBarrier+1","MokouMod:Afterburner"],"picked":"MokouMod:TemporalFireSeal","floor":30},{"not_picked":["MokouMod:RoaringFlare","MokouMod:Singe"],"picked":"MokouMod:FlickeringFlame","floor":31},{"not_picked":["MokouMod:ProfanedFlare","MokouMod:BurningHiddenBullet"],"picked":"MokouMod:SacredFire","floor":33},{"not_picked":["MokouMod:RoaringFlare+1","MokouMod:EternalBurstReactor+1","MokouMod:BurningDraft+1"],"picked":"SKIP","floor":35},{"not_picked":["MokouMod:TemporalFireSeal","MokouMod:Trailblazer"],"picked":"MokouMod:Fireball+1","floor":36},{"not_picked":["MokouMod:Firecracker","MokouMod:Fireball+1"],"picked":"MokouMod:HeatCyclone+1","floor":38},{"not_picked":["MokouMod:Fireball","MokouMod:ScorchingColumn+1"],"picked":"MokouMod:BlazingComet+1","floor":39},{"not_picked":["MokouMod:Firecracker+1","MokouMod:RoaringFlare+1"],"picked":"MokouMod:InfernalWave","floor":41},{"not_picked":["MokouMod:Extinguish","MokouMod:CrimsonArmoury+1"],"picked":"MokouMod:FujiyamaVolcano+1","floor":45},{"not_picked":["Deep Breath","Mind Blast"],"picked":"Violence","floor":46},{"not_picked":["MokouMod:BlazingComet+1","MokouMod:FlareStarter","MokouMod:Burn"],"picked":"SKIP","floor":47},{"not_picked":["MokouMod:IllusoryBattlefield","MokouMod:BlazingComet"],"picked":"MokouMod:PhoenixFeathers","floor":48}],"player_experience":235314,"relics_obtained":[{"floor":7,"key":"Odd Mushroom"},{"floor":8,"key":"Bronze Scales"},{"floor":9,"key":"Blood Vial"},{"floor":12,"key":"Ancient Tea Set"},{"floor":24,"key":"theSenshi:SuperSailorFukuRelic"},{"floor":26,"key":"ScarletDevilRocket"},{"floor":41,"key":"Calipers"},{"floor":43,"key":"Lantern"}],"event_choices":[{"damage_healed":0,"gold_gain":60,"player_choice":"Gained Gold","damage_taken":0,"max_hp_gain":0,"max_hp_loss":0,"event_name":"Golden Wing","floor":2,"gold_loss":0},{"damage_healed":0,"gold_gain":0,"player_choice":"Donut","damage_taken":0,"max_hp_gain":5,"max_hp_loss":0,"event_name":"Big Fish","floor":3,"gold_loss":0},{"damage_healed":0,"gold_gain":0,"cards_transformed":["MokouMod:PhoenixFeathers"],"player_choice":"Transformed","damage_taken":0,"max_hp_gain":0,"max_hp_loss":0,"event_name":"Transmorgrifier","floor":4,"gold_loss":0,"cards_obtained":["MokouMod:Trailblazer"]},{"damage_healed":0,"gold_gain":0,"player_choice":"Fought Mushrooms","damage_taken":0,"max_hp_gain":0,"max_hp_loss":0,"event_name":"Mushrooms","floor":7,"gold_loss":0},{"damage_healed":0,"gold_gain":0,"player_choice":"Simplicity","damage_taken":0,"max_hp_gain":0,"max_hp_loss":0,"event_name":"Back to Basics","floor":19,"gold_loss":0,"cards_upgraded":[]},{"damage_healed":0,"gold_gain":99,"player_choice":"Stole From Cult","damage_taken":0,"max_hp_gain":0,"max_hp_loss":0,"event_name":"Nest","floor":20,"gold_loss":0},{"damage_healed":0,"gold_gain":0,"player_choice":"Upgraded","damage_taken":0,"max_hp_gain":0,"max_hp_loss":0,"event_name":"Upgrade Shrine","floor":22,"gold_loss":0,"cards_upgraded":["MokouMod:Ember"]},{"damage_healed":0,"gold_gain":0,"player_choice":"Fight","damage_taken":0,"max_hp_gain":0,"max_hp_loss":0,"event_name":"MindBloom","floor":41,"gold_loss":0},{"damage_healed":0,"gold_gain":0,"player_choice":"Embrace Madness","damage_taken":10,"max_hp_gain":0,"max_hp_loss":0,"event_name":"Winding Halls","floor":42,"gold_loss":0,"cards_obtained":["Madness","Madness"]},{"damage_healed":0,"gold_gain":0,"player_choice":"Memory 1","damage_taken":0,"max_hp_gain":0,"max_hp_loss":0,"event_name":"SensoryStone","floor":46,"gold_loss":0}],"is_beta":false,"boss_relics":[{"not_picked":["RedLine:ReiMu","Velvet Choker"],"picked":"Philosopher\u0027s Stone"},{"not_picked":["SlaversCollar","Cursed Key"],"picked":"Sozu"}],"items_purged_floors":[],"is_endless":false,"potions_floor_spawned":[5,6,10,16,24,28,30,31,33,35,38,39,47],"ascension_level":0}}