{"host":"6he3f0ic6yesrium","time":1610754196,"event":{"mods":["BaseMod","Better Altar","Better Match","Better Note","Better Sensory Stone","Better Skull","Better Third Choice","Colored Map","Conspire","Hubris","Marisa????????","Minty Spire (QoL Compilation)","Replay The Spire","Shade Mod","StSLib","The Alterego","The Mystic","The Necromancer","The Runesmith"],"gold_per_floor":[118,130,20,20,31,31,31,50,50,68,68,68,20,31,31,128,128,140,60,60,20,34,34,69,84,84,97,97,97,97,97,97,197,197,210,210,210,225,27,27,27,27,27],"floor_reached":42,"language":"ENG","playtime":1853,"items_purged":["Runesmith:Strike_RS"],"score":454,"play_id":"0b02bb17-ca23-4801-b9f9-af51fffceae4","local_time":"20210115184316","is_ascension_mode":false,"campfire_choices":[{"data":"Runesmith:CraftFirestone","floor":6.0,"key":"SMITH"},{"data":"Runesmith:RunicBlueprint","floor":11.0,"key":"SMITH"},{"floor":15.0,"key":"REST"},{"data":"Runesmith:Fortify","floor":23,"key":"SMITH"},{"data":"Runesmith:ReplicatingBarrier","floor":28,"key":"SMITH"},{"data":"Runesmith:ChargedHammer","floor":32,"key":"SMITH"},{"floor":40,"key":"REST"}],"circlet_count":0,"master_deck":["Runesmith:Defend_RS","Runesmith:Defend_RS","Runesmith:Defend_RS","Runesmith:CraftFirestone+1","Runesmith:Fortify+1","Runesmith:RunicBlueprint+1","Runesmith:RuneHurl","Runesmith:PoweredAnvil","Runesmith:Discharge","Runesmith:ChargedHammer+1","Runesmith:UnlimitedPower","Runesmith:PoweredAnvil","Runesmith:CraftFirestone+1","Runesmith:ReplicatingBarrier+1","Bite","Bite","Bite","Bite","Runesmith:FissionHammer","Runesmith:Firewall"],"relics":["Runesmith:BrokenRuby","Replay:Bottled Steam","Mango","Pantograph","hubris:TerracottaHorce","Pear","hubris:PeanutButter","hubris:GrandSneckoEye","hubris:SphereOfDissonance","Juzu Bracelet"],"acts_visited":["Exordium","TheCity","TheBeyond"],"potions_floor_usage":[16,16,18,22,22,27,33,42,42],"damage_taken":[{"damage":0.0,"enemies":"Jaw Worm","floor":1.0,"turns":5.0},{"damage":0.0,"enemies":"conspire:RoseBush","floor":2.0,"turns":4.0},{"damage":7.0,"enemies":"2 Louse","floor":5.0,"turns":3.0},{"damage":0.0,"enemies":"2 Fungi Beasts","floor":8.0,"turns":3.0},{"damage":11.0,"enemies":"Exordium Thugs","floor":10.0,"turns":4.0},{"damage":8.0,"enemies":"Lots of Slimes","floor":14.0,"turns":4.0},{"damage":29,"enemies":"Hexaghost","floor":16,"turns":9},{"damage":3,"enemies":"Shell Parasite","floor":18,"turns":5},{"damage":3,"enemies":"conspire:FuzzyDice","floor":22,"turns":4},{"damage":47,"enemies":"Book of Stabbing","floor":24,"turns":6},{"damage":0,"enemies":"conspire:HollyBat","floor":25,"turns":8},{"damage":24,"enemies":"Snake Plant","floor":27,"turns":5},{"damage":103,"enemies":"Champ","floor":33,"turns":14},{"damage":23,"enemies":"Orb Walker","floor":35,"turns":4},{"damage":38,"enemies":"3 Darklings","floor":38,"turns":6},{"damage":62,"enemies":"Giant Head","floor":42,"turns":7}],"seed_played":"-6705733900357319205","potions_obtained":[{"floor":5.0,"key":"SpeedPotion"},{"floor":8.0,"key":"FairyPotion"},{"floor":10.0,"key":"FearPotion"},{"floor":16,"key":"EssenceOfSteel"},{"floor":21,"key":"DuplicationPotion"},{"floor":21,"key":"PowerPotion"},{"floor":25,"key":"BlessingOfTheForge"},{"floor":27,"key":"Block Potion"},{"floor":38,"key":"Swift Potion"}],"is_trial":false,"path_per_floor":["M","M","$","?","M","R","?","M","T","M","R","?","$","M","R","B",null,"M","$","?","?","M","R","E","M","T","M","R","$","T","?","R","B",null,"M","?","$","M","$","R","?","E"],"character_chosen":"RUNESMITH_CLASS","items_purchased":["Runesmith:PoweredAnvil","AttackPotion","Runesmith:PoweredAnvil","Juzu Bracelet","BlessingOfTheForge"],"campfire_rested":2,"item_purchase_floors":[3,13,19,39,39],"current_hp_per_floor":[70,70,70,70,63,63,70,70,70,59,59,32,32,24,49,45,74,71,71,71,71,68,68,31,31,31,9,9,9,9,9,9,8,73,54,54,54,16,16,44,47,0,0],"gold":27,"neow_bonus":"TRANSFORM_CARD","is_daily":false,"chose_seed":false,"campfire_upgraded":5,"win_rate":0.0,"timestamp":1610754196,"path_taken":["M","M","$","?","M","R","?","M","T","M","R","?","$","M","R","BOSS","M","$","?","?","M","R","E","M","T","?","R","?","?","?","R","BOSS","M","?","$","?","?","R","?","E"],"items_purchased_type":["Card","Potion","Card","Relic","Potion"],"build_version":"2020-12-22","purchased_purges":1,"victory":false,"max_hp_per_floor":[70,70,70,70,70,70,70,70,70,70,70,84,84,84,84,84,84,84,84,84,84,84,84,94,94,94,94,94,94,94,94,94,94,94,94,94,94,94,94,94,94,94,94],"card_choices":[{"not_picked":["Runesmith:Grindstone","Runesmith:HeatExchange","Runesmith:Overpower"],"picked":"SKIP","floor":1.0},{"not_picked":["Runesmith:HammerThrow","Runesmith:HeatExchange"],"picked":"Runesmith:RuneHurl","floor":2.0},{"not_picked":["Runesmith:ChiselStab","Runesmith:GoWithTheFlow"],"picked":"Runesmith:Discharge","floor":5.0},{"not_picked":["Runesmith:MakeshiftArmor","Runesmith:ElementalConversion","Runesmith:HeatedChisel"],"picked":"SKIP","floor":8.0},{"not_picked":["Runesmith:ShiftingStrike","Runesmith:EarthShield","Runesmith:LithiumIon"],"picked":"SKIP","floor":10.0},{"not_picked":["Runesmith:FrozenChisel","Runesmith:Firestorm"],"picked":"Runesmith:ChargedHammer","floor":14.0},{"not_picked":["Runesmith:CraftIndustria","Runesmith:ArcReactor"],"picked":"Runesmith:UnlimitedPower","floor":16},{"not_picked":["Runesmith:HeatExchange+1","Runesmith:HeatedChisel","Runesmith:MakeshiftArmor"],"picked":"SKIP","floor":18},{"not_picked":["Runesmith:LithiumIon+1","Runesmith:UnstableHammer","Runesmith:ChiselStab"],"picked":"SKIP","floor":22},{"not_picked":["Runesmith:BackupBattery","Runesmith:StaticCage+1"],"picked":"Runesmith:ReplicatingBarrier","floor":24},{"not_picked":["Runesmith:DoubleUp","Runesmith:HammerThrow","Runesmith:CraftMagma+1"],"picked":"SKIP","floor":25},{"not_picked":["Runesmith:MakeshiftArmor","Runesmith:UnlimitedPower","Runesmith:ChiselStab"],"picked":"SKIP","floor":27},{"not_picked":["Runesmith:Supernova","Runesmith:MetallurgicalResearch"],"picked":"Runesmith:FissionHammer","floor":33},{"not_picked":["Runesmith:ChiselStab+1","Runesmith:Augment+1"],"picked":"Runesmith:Firewall","floor":35},{"not_picked":["Runesmith:HeatExchange","Runesmith:Overpower","Runesmith:ShiftingStrike+1"],"picked":"SKIP","floor":38}],"player_experience":314814,"relics_obtained":[{"floor":9.0,"key":"Replay:Bottled Steam"},{"floor":24,"key":"Pear"},{"floor":26,"key":"Blood Vial"},{"floor":30,"key":"hubris:PeanutButter"}],"event_choices":[{"damage_healed":0.0,"max_hp_gain":0.0,"max_hp_loss":0.0,"gold_gain":0.0,"event_name":"conspire:Investor","player_choice":"Leave","floor":4.0,"gold_loss":0.0,"damage_taken":0.0},{"damage_healed":23.0,"max_hp_gain":0.0,"max_hp_loss":0.0,"gold_gain":0.0,"event_name":"Big Fish","player_choice":"Banana","floor":7.0,"gold_loss":0.0,"damage_taken":0.0},{"damage_healed":0.0,"max_hp_gain":0.0,"max_hp_loss":0.0,"gold_gain":1.0,"event_name":"betterThird:BetterScrap","player_choice":"Relic Relic ","floor":12.0,"gold_loss":0.0,"damage_taken":41.0,"cards_obtained":["Fire Breathing"]},{"damage_healed":0,"gold_gain":0,"player_choice":"Take","damage_taken":0,"max_hp_gain":0,"max_hp_loss":0,"event_name":"betterNote:BetterNote","floor":20,"gold_loss":0,"cards_obtained":["Runesmith:CraftFirestone"]},{"damage_healed":0,"gold_gain":0,"player_choice":"Bought 3 Potions","damage_taken":0,"max_hp_gain":0,"max_hp_loss":0,"event_name":"The Woman in Blue","floor":21,"gold_loss":0},{"damage_healed":0,"gold_gain":0,"player_choice":"Became a vampire (Vial)","damage_taken":0,"max_hp_gain":0,"max_hp_loss":0,"event_name":"Vampires","floor":31,"relics_lost":["Blood Vial"],"gold_loss":0,"cards_obtained":["Bite","Bite","Bite","Bite","Bite"]},{"cards_removed":["Bite"],"damage_healed":0,"gold_gain":0,"player_choice":"Gave Card","damage_taken":0,"relics_obtained":["hubris:SphereOfDissonance"],"max_hp_gain":0,"max_hp_loss":0,"event_name":"WeMeetAgain","floor":36,"gold_loss":0},{"cards_removed":["Runesmith:Defend_RS"],"damage_healed":0,"gold_gain":0,"player_choice":"Purged","damage_taken":0,"max_hp_gain":0,"max_hp_loss":0,"event_name":"Purifier","floor":41,"gold_loss":0}],"is_beta":false,"boss_relics":[{"not_picked":["Velvet Choker","Replay:Grab Bag"],"picked":"hubris:TerracottaHorce"},{"not_picked":["Snecko Eye","hubris:VirtuousBlindfold"],"picked":"hubris:GrandSneckoEye"}],"items_purged_floors":[3],"is_endless":false,"potions_floor_spawned":[5,8,10,16,25,27,38],"killed_by":"Giant Head","ascension_level":0}}