{"host":"fdzt26oh6i4vaxrk","time":1610737735,"event":{"mods":["BaseMod","Colored Map","Minty Spire (QoL Compilation)"],"gold_per_floor":[11,27,40,59,78,111,111,111,111,136,136,157,175,209,209,209,209],"floor_reached":16,"language":"ITA","playtime":983,"items_purged":[],"score":275,"play_id":"cd8cc019-ca09-4672-878e-344368f2f8a9","local_time":"20210115200855","is_ascension_mode":true,"campfire_choices":[{"floor":7.0,"key":"REST"},{"floor":11.0,"key":"REST"},{"floor":15.0,"key":"REST"}],"circlet_count":0,"master_deck":["AscendersBane","Strike_B","Strike_B","Strike_B","Strike_B","Defend_B","Defend_B","Defend_B","Defend_B","Zap","Dualcast","Mayhem","BootSequence","Ball Lightning","Leap","Chaos","Electrodynamics","BootSequence+1","Turbo+1","Consume+1","Static Discharge"],"relics":["Cracked Core","Toxic Egg 2","Golden Idol","Mercury Hourglass","Gremlin Horn"],"acts_visited":["Exordium"],"potions_floor_usage":[16],"damage_taken":[{"damage":4.0,"enemies":"2 Louse","floor":1.0,"turns":4.0},{"damage":4.0,"enemies":"Jaw Worm","floor":2.0,"turns":4.0},{"damage":7.0,"enemies":"Small Slimes","floor":3.0,"turns":4.0},{"damage":0.0,"enemies":"2 Fungi Beasts","floor":4.0,"turns":4.0},{"damage":12.0,"enemies":"Blue Slaver","floor":5.0,"turns":5.0},{"damage":0.0,"enemies":"Lagavulin","floor":6.0,"turns":7.0},{"damage":0.0,"enemies":"3 Louse","floor":10.0,"turns":1.0},{"damage":3.0,"enemies":"Large Slime","floor":12.0,"turns":4.0},{"damage":0.0,"enemies":"Gremlin Gang","floor":13.0,"turns":2.0},{"damage":46.0,"enemies":"Gremlin Nob","floor":14.0,"turns":4.0},{"damage":33,"enemies":"Slime Boss","floor":16,"turns":3}],"seed_played":"6260275202804294782","potions_obtained":[{"floor":1.0,"key":"PowerPotion"},{"floor":2.0,"key":"Block Potion"},{"floor":13.0,"key":"Strength Potion"},{"floor":14.0,"key":"ColorlessPotion"}],"is_trial":false,"path_per_floor":["M","M","M","M","M","E","R","?","T","M","R","M","M","E","R","B"],"character_chosen":"DEFECT","items_purchased":[],"campfire_rested":3,"item_purchase_floors":[],"current_hp_per_floor":[60,56,49,49,37,37,58,34,34,34,55,52,52,6,27,0,0],"gold":209,"neow_bonus":"RANDOM_COLORLESS_2","is_daily":false,"chose_seed":false,"campfire_upgraded":0,"win_rate":0.0,"timestamp":1610737735,"path_taken":["M","M","M","M","M","E","R","?","T","M","R","M","M","E","R","BOSS"],"items_purchased_type":[],"build_version":"2020-12-22","purchased_purges":0,"victory":false,"max_hp_per_floor":[71,71,71,71,71,71,71,71,71,71,71,71,71,71,71,71,71],"card_choices":[{"not_picked":["Chrysalis","Sadistic Nature"],"picked":"Mayhem","floor":0.0},{"not_picked":["Conserve Battery","Compile Driver"],"picked":"BootSequence","floor":1.0},{"not_picked":["Streamline","Auto Shields"],"picked":"Ball Lightning","floor":2.0},{"not_picked":["Skim","Sunder"],"picked":"Leap","floor":3.0},{"not_picked":["Coolheaded","Conserve Battery"],"picked":"Chaos","floor":4.0},{"not_picked":["Melter","Rebound","Sweeping Beam"],"picked":"SKIP","floor":5.0},{"not_picked":["Hologram+1","Steam+1"],"picked":"Electrodynamics","floor":6.0},{"not_picked":["Barrage","Blizzard"],"picked":"BootSequence+1","floor":10.0},{"not_picked":["Leap+1","Gash"],"picked":"Turbo+1","floor":12.0},{"not_picked":["Capacitor","Aggregate+1"],"picked":"Consume+1","floor":13.0},{"not_picked":["Auto Shields+1","Barrage"],"picked":"Static Discharge","floor":14.0}],"player_experience":580834,"relics_obtained":[{"floor":6.0,"key":"Toxic Egg 2"},{"floor":9.0,"key":"Mercury Hourglass"},{"floor":14.0,"key":"Gremlin Horn"}],"event_choices":[{"damage_healed":0.0,"max_hp_gain":0.0,"max_hp_loss":0.0,"gold_gain":0.0,"event_name":"Golden Idol","player_choice":"Take Damage","floor":8.0,"gold_loss":0.0,"damage_taken":24.0,"relics_obtained":["Golden Idol"]}],"is_beta":false,"boss_relics":[],"items_purged_floors":[],"is_endless":false,"potions_floor_spawned":[1,2,13,14],"killed_by":"Slime Boss","ascension_level":19}}