{"host":"1fgbilnqahig8ycc","time":1610671052,"event":{"mods":["AchievementEnabler","BaseMod","Bestiary","Better Match","Better Vampires","BetterRewards","Colored Map","Colored Powertips","Dark Map","Downfall","Energized Spire","Friendly Minions","Hermit","Hubris","Jorbs\u0027s Wanderer Trilogy","Minty Spire (QoL Compilation)","Quick Restart","Rare Cards Sparkle","Relic Stats","Replay The Spire","Spicy Shops","StSLib","The Administrix","The Bug Knight","The Cursed","The Gatherer","The Hierophant","The Marked","The Servant 0.9.4","TheBandit"],"gold_per_floor":[117,192,192,192,173,173,198,198,198,198,224,224,224,399,399,399,399],"floor_reached":16,"language":"ENG","playtime":421,"items_purged":["Pride"],"score":86,"play_id":"4d25643a-dd7e-403f-8be6-874e8e2c24b9","local_time":"20210114163732","is_ascension_mode":false,"campfire_choices":[{"data":"hierophant:ChurchCoffers","floor":6,"key":"SMITH"},{"data":"ReplayTheSpireMod:Faulty Equipment","floor":8,"key":"SMITH"},{"data":"hierophant:Doubloon","floor":10,"key":"SMITH"},{"data":"hierophant:Blessing","floor":13,"key":"SMITH"},{"data":"hierophant:Exaltation","floor":15,"key":"SMITH"}],"circlet_count":0,"master_deck":["hierophant:Strike_Hierophant","hierophant:Strike_Hierophant","hierophant:Strike_Hierophant","hierophant:Punish+1","hierophant:Defend_Hierophant","hierophant:Defend_Hierophant","hierophant:Defend_Hierophant","hierophant:ChurchCoffers+1","hierophant:Blessing+1","hierophant:RepressedViolence","hierophant:Doubloon+1","hierophant:OrnateBuckler","hierophant:Exaltation+1","Doubt"],"relics":["hierophant:PropheticMaskRelic","ReplayTheSpireMod:CursedCoin","Happy Flower","TungstenRod"],"acts_visited":["Exordium"],"potions_floor_usage":[],"damage_taken":[{"damage":17,"enemies":"Jaw Worm","floor":1,"turns":7},{"damage":4,"enemies":"Small Slimes","floor":7,"turns":3},{"damage":0,"enemies":"2 Louse","floor":11,"turns":3},{"damage":26,"enemies":"The Guardian","floor":16,"turns":3}],"seed_played":"-5341718826098296548","potions_obtained":[{"floor":7,"key":"Dexterity Potion"}],"is_trial":false,"path_per_floor":["M","?","?","?","$","R","M","R","T","R","M","?","R","?","R","B"],"character_chosen":"HIEROPHANT","items_purchased":["ReplayTheSpireMod:CursedCoin","hierophant:Doubloon","Happy Flower"],"campfire_rested":0,"item_purchase_floors":[5,5,5],"current_hp_per_floor":[37,26,51,44,44,44,47,47,47,47,54,54,54,54,54,38,38],"gold":399,"neow_bonus":"TRANSFORM_TWO_CARDS","is_daily":false,"chose_seed":false,"campfire_upgraded":5,"win_rate":0.0,"timestamp":1610671052,"path_taken":["M","?","?","?","$","R","M","R","T","R","M","?","R","?","R","BOSS"],"items_purchased_type":["Relic","Card","Relic"],"build_version":"2020-12-22","purchased_purges":1,"victory":false,"max_hp_per_floor":[75,75,75,75,75,75,75,75,75,75,75,75,75,75,75,75,75],"relic_stats":{"Happy Flower":[3],"counters":[4,16],"obtain_stats":[{"Happy Flower":5,"ReplayTheSpireMod:CursedCoin":5,"hierophant:PropheticMaskRelic":0,"TungstenRod":9},{"Happy Flower":1,"ReplayTheSpireMod:CursedCoin":1,"hierophant:PropheticMaskRelic":0,"TungstenRod":2},{"Happy Flower":7,"ReplayTheSpireMod:CursedCoin":7,"hierophant:PropheticMaskRelic":0,"TungstenRod":10}],"TungstenRod":1},"card_choices":[{"not_picked":["hierophant:Shelter","hierophant:Glossolalia"],"picked":"hierophant:RepressedViolence","floor":1},{"not_picked":["hierophant:SecretStash","hierophant:DisplayOfPower"],"picked":"hierophant:OrnateBuckler","floor":7},{"not_picked":["hierophant:HammerAndAnvil","hierophant:ArchangelShield"],"picked":"hierophant:Exaltation","floor":11}],"player_experience":384117,"relics_obtained":[{"floor":9,"key":"TungstenRod"}],"event_choices":[{"damage_healed":0,"gold_gain":75,"player_choice":"Gather Gold","damage_taken":11,"max_hp_gain":0,"max_hp_loss":0,"event_name":"World of Goop","floor":2,"gold_loss":0},{"damage_healed":25,"gold_gain":0,"player_choice":"Banana","damage_taken":0,"max_hp_gain":0,"max_hp_loss":0,"event_name":"Big Fish","floor":3,"gold_loss":0},{"cards_removed":["hierophant:Levitation"],"damage_healed":0,"gold_gain":0,"player_choice":"Card Removal","damage_taken":7,"max_hp_gain":0,"max_hp_loss":0,"event_name":"Golden Wing","floor":4,"gold_loss":0},{"damage_healed":0,"gold_gain":175,"player_choice":"AGREE","damage_taken":0,"max_hp_gain":0,"max_hp_loss":0,"event_name":"Liars Game","floor":14,"gold_loss":0,"cards_obtained":["Doubt"]}],"is_beta":false,"boss_relics":[],"items_purged_floors":[5],"is_endless":false,"potions_floor_spawned":[7],"killed_by":"The Guardian","ascension_level":0}}