{"host":"840yoaz69lavfcgt","time":1610698714,"event":{"mods":["BaseMod","Colored Powertips","DeckTracker","Highlight Path","Minty Spire (QoL Compilation)","Synergy Search"],"gold_per_floor":[112,125,125,200,213,239,239,250,250,275,275,290,301,301,301,402,452,464,464,482,494,494,519,533,533,585,585,610,30,30,61,61,161,161,174,192,0,76,94,94,109,120,120,30,30,45,45,19,19,19,19],"floor_reached":50,"language":"ENG","playtime":5231,"items_purged":[],"score":617,"play_id":"073f6cdd-440a-4bf6-8f8b-2806381c48c8","local_time":"20210115031834","is_ascension_mode":false,"campfire_choices":[{"floor":7,"key":"REST"},{"floor":11,"key":"REST"},{"floor":15,"key":"REST"},{"floor":25,"key":"REST"},{"data":"Adrenaline","floor":27,"key":"SMITH"},{"data":"Outmaneuver","floor":32,"key":"SMITH"},{"floor":40,"key":"REST"},{"floor":45,"key":"REST"},{"floor":49,"key":"REST"}],"circlet_count":0,"master_deck":["Defend_G","Defend_G","Defend_G","Defend_G+1","Defend_G","Survivor","Neutralize+1","Crippling Poison","Outmaneuver+1","Leg Sweep+1","Dagger Throw","Deflect","Eviscerate+1","Dodge and Roll","Dagger Spray+1","Adrenaline+1","Terror","Deflect","RitualDagger+1","Blade Dance","Caltrops+1","Flying Knee+1","Bouncing Flask+1","Prepared+1","Slice+1","Deflect","Flying Knee+1","Infinite Blades","Bite+1","Bite+1","Bite+1","Bite+1","Bite+1","Eviscerate+1","A Thousand Cuts","Deadly Poison+1","Deflect+1","Dodge and Roll+1","Poisoned Stab+1","Dodge and Roll+1","Blade Dance+1","PiercingWail"],"relics":["Ring of the Snake","NeowsBlessing","Ninja Scroll","Bronze Scales","Molten Egg 2","Whetstone","Tiny House","Tiny Chest","Anchor","HornCleat","Pear","Medical Kit","Toy Ornithopter","Black Star","Red Mask","Letter Opener","Mercury Hourglass"],"acts_visited":["Exordium","TheCity","TheBeyond"],"potions_floor_usage":[6,10,13,23,31,36,41,42,47,50],"damage_taken":[{"damage":0,"enemies":"Cultist","floor":1,"turns":1},{"damage":0,"enemies":"2 Louse","floor":2,"turns":1},{"damage":0,"enemies":"Small Slimes","floor":5,"turns":1},{"damage":41,"enemies":"Gremlin Nob","floor":6,"turns":8},{"damage":5,"enemies":"Exordium Wildlife","floor":8,"turns":5},{"damage":28,"enemies":"Lagavulin","floor":10,"turns":11},{"damage":11,"enemies":"Large Slime","floor":12,"turns":7},{"damage":7,"enemies":"Looter","floor":13,"turns":3},{"damage":33,"enemies":"Hexaghost","floor":16,"turns":13},{"damage":11,"enemies":"Spheric Guardian","floor":18,"turns":5},{"damage":1,"enemies":"Chosen","floor":20,"turns":5},{"damage":14,"enemies":"Centurion and Healer","floor":21,"turns":5},{"damage":18,"enemies":"Book of Stabbing","floor":23,"turns":5},{"damage":12,"enemies":"Snake Plant","floor":24,"turns":4},{"damage":15,"enemies":"Slavers","floor":28,"turns":5},{"damage":5,"enemies":"Gremlin Leader","floor":31,"turns":6},{"damage":84,"enemies":"Collector","floor":33,"turns":11},{"damage":27,"enemies":"3 Shapes","floor":35,"turns":4},{"damage":27,"enemies":"3 Darklings","floor":36,"turns":5},{"damage":29,"enemies":"Maw","floor":39,"turns":8},{"damage":9,"enemies":"Writhing Mass","floor":41,"turns":7},{"damage":24,"enemies":"Spire Growth","floor":42,"turns":5},{"damage":23,"enemies":"Maw","floor":46,"turns":7},{"damage":17,"enemies":"Nemesis","floor":47,"turns":6},{"damage":49,"enemies":"Awakened One","floor":50,"turns":8}],"seed_played":"7248812467832923662","potions_obtained":[{"floor":5,"key":"GhostInAJar"},{"floor":6,"key":"SpeedPotion"},{"floor":10,"key":"SmokeBomb"},{"floor":12,"key":"Regen Potion"},{"floor":17,"key":"FairyPotion"},{"floor":21,"key":"EntropicBrew"},{"floor":33,"key":"Energy Potion"},{"floor":36,"key":"Fire Potion"},{"floor":39,"key":"GhostInAJar"},{"floor":41,"key":"SpeedPotion"}],"is_trial":false,"path_per_floor":["M","M","T","?","M","E","R","M","T","E","R","M","M","?","R","B",null,"M","?","M","M","?","E","M","R","T","R","E","$","?","E","R","B",null,"M","M","?","T","M","R","M","M","T","?","R","M","E","$","R","B"],"character_chosen":"THE_SILENT","items_purchased":["Pear","Medical Kit","Slice+1","Deflect","Flying Knee+1","Infinite Blades","PiercingWail"],"campfire_rested":7,"item_purchase_floors":[29,29,29,29,29,29,48],"current_hp_per_floor":[70,70,70,59,59,18,39,34,34,6,27,16,21,21,42,9,75,64,58,57,43,68,50,38,60,60,60,45,55,55,59,59,20,59,38,31,31,31,14,31,30,14,14,14,30,19,19,19,35,0,0],"gold":19,"neow_bonus":"THREE_ENEMY_KILL","is_daily":false,"chose_seed":false,"campfire_upgraded":2,"win_rate":0.0,"timestamp":1610698714,"path_taken":["M","?","?","?","M","E","R","M","T","E","R","M","M","?","R","BOSS","M","?","M","M","?","E","M","R","T","R","E","?","?","E","R","BOSS","M","M","?","?","M","R","M","M","T","?","R","M","E","$","R","BOSS"],"items_purchased_type":["Relic","Relic","Card","Card","Card","Card","Card"],"build_version":"2020-12-22","purchased_purges":0,"victory":false,"max_hp_per_floor":[70,70,70,70,70,70,70,70,70,70,70,70,70,70,70,70,75,75,75,75,75,75,75,75,75,75,75,75,85,59,59,59,59,59,59,59,59,59,59,59,59,59,59,56,56,56,56,56,56,56,56],"card_choices":[{"not_picked":["Poisoned Stab","Deadly Poison"],"picked":"Crippling Poison","floor":1},{"not_picked":["All Out Attack","Slice"],"picked":"Outmaneuver","floor":2},{"not_picked":["Deflect","Dagger Spray"],"picked":"Leg Sweep","floor":5},{"not_picked":["Underhanded Strike","Backflip"],"picked":"Dagger Throw","floor":6},{"not_picked":["Reflex","Tools of the Trade"],"picked":"Deflect","floor":8},{"not_picked":["Calculated Gamble","Choke+1"],"picked":"Eviscerate+1","floor":10},{"not_picked":["Sucker Punch+1","Backflip"],"picked":"Dodge and Roll","floor":12},{"not_picked":["Skewer+1","Quick Slash+1"],"picked":"Dagger Spray+1","floor":13},{"not_picked":["Venomology","Unload+1"],"picked":"Adrenaline","floor":16},{"not_picked":["Tactician","Dagger Spray+1"],"picked":"Terror","floor":17},{"not_picked":["Poisoned Stab+1","Flying Knee+1"],"picked":"Deflect","floor":18},{"not_picked":["Choke+1","Tools of the Trade"],"picked":"Blade Dance","floor":20},{"not_picked":["Backflip","Calculated Gamble"],"picked":"Caltrops+1","floor":21},{"not_picked":["Expertise+1","Dagger Spray+1"],"picked":"Flying Knee+1","floor":23},{"not_picked":["Quick Slash+1","Dash+1"],"picked":"Bouncing Flask+1","floor":24},{"not_picked":["Bane+1","Deadly Poison"],"picked":"Prepared+1","floor":28},{"not_picked":["Bullet Time","Outmaneuver"],"picked":"Eviscerate+1","floor":31},{"not_picked":["After Image","Wraith Form v2"],"picked":"A Thousand Cuts","floor":33},{"not_picked":["Distraction+1","Infinite Blades+1"],"picked":"Deadly Poison+1","floor":35},{"not_picked":["Bane+1","Backflip"],"picked":"Deflect+1","floor":36},{"not_picked":["Distraction+1","Deflect"],"picked":"Dodge and Roll+1","floor":39},{"not_picked":["Choke+1","Masterful Stab+1"],"picked":"Poisoned Stab+1","floor":41},{"not_picked":["Riddle With Holes+1","Poisoned Stab+1"],"picked":"Dodge and Roll+1","floor":42},{"not_picked":["Expertise+1","Prepared+1"],"picked":"Blade Dance+1","floor":46}],"player_experience":194240,"relics_obtained":[{"floor":3,"key":"Ninja Scroll"},{"floor":6,"key":"Bronze Scales"},{"floor":9,"key":"Molten Egg 2"},{"floor":10,"key":"Whetstone"},{"floor":23,"key":"Tiny Chest"},{"floor":26,"key":"Anchor"},{"floor":28,"key":"HornCleat"},{"floor":31,"key":"Toy Ornithopter"},{"floor":38,"key":"Letter Opener"},{"floor":43,"key":"Mercury Hourglass"}],"event_choices":[{"damage_healed":0,"gold_gain":75,"player_choice":"Gather Gold","damage_taken":11,"max_hp_gain":0,"max_hp_loss":0,"event_name":"World of Goop","floor":4,"gold_loss":0},{"damage_healed":0,"gold_gain":0,"player_choice":"Ignored","damage_taken":0,"max_hp_gain":0,"max_hp_loss":0,"event_name":"Golden Idol","floor":14,"gold_loss":0},{"damage_healed":0,"gold_gain":0,"player_choice":"Joined the Cult","damage_taken":6,"max_hp_gain":0,"max_hp_loss":0,"event_name":"Nest","floor":19,"gold_loss":0,"cards_obtained":["RitualDagger"]},{"damage_healed":25,"gold_gain":0,"player_choice":"Heal","damage_taken":0,"max_hp_gain":0,"max_hp_loss":0,"event_name":"The Library","floor":22,"gold_loss":0},{"damage_healed":0,"gold_gain":0,"player_choice":"Became a vampire","damage_taken":0,"max_hp_gain":0,"max_hp_loss":26,"event_name":"Vampires","floor":30,"gold_loss":0,"cards_obtained":["Bite","Bite","Bite","Bite","Bite"]},{"damage_healed":0,"gold_gain":0,"player_choice":"Paid","damage_taken":0,"relics_obtained":["Red Mask"],"max_hp_gain":0,"max_hp_loss":0,"event_name":"Tomb of Lord Red Mask","floor":37,"gold_loss":192},{"cards_removed":["Parasite"],"damage_healed":0,"gold_gain":0,"player_choice":"Upgrade and Remove","damage_taken":0,"max_hp_gain":0,"max_hp_loss":0,"event_name":"Designer","floor":44,"gold_loss":90,"cards_upgraded":["Leg Sweep"]}],"is_beta":false,"boss_relics":[{"not_picked":["Philosopher\u0027s Stone","Busted Crown"],"picked":"Tiny House"},{"not_picked":["Coffee Dripper","Astrolabe"],"picked":"Black Star"}],"items_purged_floors":[],"is_endless":false,"potions_floor_spawned":[5,6,10,12,21,23,28,33,36,39,41,47],"killed_by":"Awakened One","ascension_level":0}}