{"host":"jfbo3eu2ui08ej1u","time":1610737517,"event":{"mods":["2.2 Compatiblity","AchievementEnabler","Act Like it!","Aspiration","BaseMod","Better Altar","Better Match","Better Note","Better Sensory Stone","Better Skull","Better Third Choice","Block Reminder","Colored Map","Colored Powertips","Conspire","DeckTracker","Displayed Cursed Tome","Downfall","Energized Spire","Fox Events","GifTheSpireLib","Hubris","Infinite Spire","Marked Mod","Minty Spire (QoL Compilation)","Pale of the Ancients","Quick Restart","RRrroohrrRGHHhhh!!","Relic Filter","Reorder Act Four","Replay The Spire","Shop Mod","Spicy Shops","StSLib","Stuff the Spire","The Blue Laboratory","The Disciple","The Forsaken","The Hierophant","The Marked","Uncapped","Unceasing Turn Reminder","Wandering Minibosses"],"gold_per_floor":[116,16,32,45,45,45,45,45],"floor_reached":7,"language":"ENG","playtime":143,"items_purged":[],"score":78,"play_id":"aa8c4a69-f8c1-4716-a622-69f4135f735a","local_time":"20210115140517","is_ascension_mode":true,"campfire_choices":[{"data":"expansioncontent:CaCaw","floor":6,"key":"SMITH"}],"circlet_count":0,"master_deck":["AscendersBane","Strike_B","Strike_B","Strike_B","Strike_B","Defend_B","Defend_B","Defend_B","Defend_B","Zap","Dualcast","expansioncontent:CaCaw+1","Ghostly","Redo","Chill"],"relics":["Cracked Core"],"acts_visited":["Exordium"],"potions_floor_usage":[],"damage_taken":[{"damage":5,"enemies":"2 Louse","floor":1,"turns":3},{"damage":4,"enemies":"Jaw Worm","floor":3,"turns":4},{"damage":0,"enemies":"Small Slimes","floor":4,"turns":4},{"damage":51,"enemies":"Gremlin Nob","floor":7,"turns":5}],"seed_played":"7311859824763274484","potions_obtained":[],"is_trial":false,"path_per_floor":["M","?","M","M","?","R","E"],"character_chosen":"DEFECT","items_purchased":[],"campfire_rested":0,"item_purchase_floors":[],"current_hp_per_floor":[59,59,55,55,55,55,4,4],"gold":45,"neow_bonus":"RANDOM_COLORLESS","is_daily":false,"chose_seed":false,"campfire_upgraded":1,"win_rate":0.0,"timestamp":1610737517,"path_taken":["M","?","M","M","?","R","E"],"items_purchased_type":[],"build_version":"2020-12-22","purchased_purges":0,"victory":false,"max_hp_per_floor":[71,71,71,71,71,71,71,71],"card_choices":[{"not_picked":["Good Instincts","expansioncontent:ChargeUp"],"picked":"expansioncontent:CaCaw","floor":0},{"not_picked":["Sweeping Beam","Steam Power","White Noise"],"picked":"SKIP","floor":1},{"not_picked":["BasicCrystalCard","Cold Snap"],"picked":"Redo","floor":3},{"not_picked":["StuffTheSpire:GlassShard","rorgmod:SQL Injection"],"picked":"Chill","floor":4}],"player_experience":1229789,"relics_obtained":[],"event_choices":[{"damage_healed":0,"gold_gain":0,"player_choice":"Argue","damage_taken":0,"max_hp_gain":0,"max_hp_loss":0,"event_name":"conspire:LoneGhost","floor":2,"gold_loss":0}],"is_beta":false,"boss_relics":[],"items_purged_floors":[],"is_endless":false,"potions_floor_spawned":[],"killed_by":"Gremlin Nob","ascension_level":18}}