{"host":"dh4nu8nelr2izibb","time":1610689644,"event":{"mods":["Act Like it!","BaseMod","Better Third Choice","Card Forge","Curses Come First","Displayed Cursed Tome","HololiveMod","Marisa????????","Minty Spire (QoL Compilation)","Puzzle Mod","Quick Restart","Relic Filter","StSLib","The Marked","The Poker Player","The Servant 0.9.4","WarShipGirlsR/????R mod","Yakumo Yukari mod"],"gold_per_floor":[217,236,54,70,88,114,130,130,130,130,55,55,83,140,140,217,217,235,255,255,255],"floor_reached":20,"language":"ENG","playtime":924,"items_purged":["Strike_G"],"score":368,"play_id":"64c14ed3-6eb2-4a3a-9252-39852de6b154","local_time":"20210115004724","is_ascension_mode":true,"campfire_choices":[{"floor":8.0,"key":"REST"},{"data":"Terror","floor":10.0,"key":"SMITH"},{"data":"Cloak And Dagger","floor":12.0,"key":"SMITH"},{"data":"Footwork","floor":15.0,"key":"SMITH"}],"circlet_count":0,"master_deck":["AscendersBane","Strike_G","Defend_G","Defend_G","Survivor","Neutralize+1","PiercingWail","Cloak And Dagger+1","Infinite Blades","Sucker Punch","Blade Dance","Tools of the Trade","Terror+1","Prepared","Footwork+1","Bullet Time","Well Laid Plans+1","Poisoned Stab+1","Flechettes+1","Backstab","All Out Attack"],"relics":["Ring of the Snake","Hammer of Thor","Seething Fire","Anvil of the Gods","Smiling Mask","White Beast Statue","Boot","Ninja Scroll","Astrolabe"],"acts_visited":["Exordium","TheCity"],"potions_floor_usage":[20,20],"damage_taken":[{"damage":0.0,"enemies":"Cultist","floor":1.0,"turns":4.0},{"damage":2.0,"enemies":"2 Louse","floor":2.0,"turns":3.0},{"damage":0.0,"enemies":"Small Slimes","floor":4.0,"turns":5.0},{"damage":0.0,"enemies":"3 Louse","floor":5.0,"turns":4.0},{"damage":26.0,"enemies":"Lagavulin","floor":6.0,"turns":8.0},{"damage":6.0,"enemies":"Exordium Wildlife","floor":7.0,"turns":3.0},{"damage":12.0,"enemies":"3 Sentries","floor":13.0,"turns":9.0},{"damage":8.0,"enemies":"3 Sentries","floor":14.0,"turns":7.0},{"damage":3.0,"enemies":"The Guardian","floor":16.0,"turns":12.0},{"damage":25.0,"enemies":"Spheric Guardian","floor":18.0,"turns":4.0},{"damage":13.0,"enemies":"2 Thieves","floor":19.0,"turns":4.0},{"damage":10,"enemies":"Shelled Parasite and Fungi","floor":20,"turns":2}],"seed_played":"-5434872805021019490","potions_obtained":[{"floor":4.0,"key":"Fire Potion"},{"floor":6.0,"key":"Fire Potion"},{"floor":13.0,"key":"PowerPotion"},{"floor":14.0,"key":"Block Potion"},{"floor":16.0,"key":"SpeedPotion"},{"floor":18.0,"key":"SneckoOil"},{"floor":19.0,"key":"SteroidPotion"}],"is_trial":false,"path_per_floor":["M","M","$","M","M","E","M","R","T","R","?","R","E","?","R","B",null,"M","M","M"],"character_chosen":"THE_SILENT","items_purchased":["Infinite Blades","Sucker Punch"],"campfire_rested":1,"item_purchase_floors":[3,3],"current_hp_per_floor":[59,57,57,57,57,31,25,44,44,44,44,44,32,24,24,21,55,30,17,7,7],"gold":255,"neow_bonus":"HUNDRED_GOLD","is_daily":false,"chose_seed":false,"campfire_upgraded":3,"win_rate":0.0,"timestamp":1610689644,"path_taken":["M","M","$","M","?","E","M","R","T","R","?","R","E","?","R","BOSS","M","M","M"],"items_purchased_type":["Card","Card"],"build_version":"2020-12-22","purchased_purges":1,"victory":false,"max_hp_per_floor":[66,66,66,66,66,66,66,66,66,66,66,66,66,66,66,66,66,66,66,66,66],"card_choices":[{"not_picked":["Acrobatics","Deadly Poison"],"picked":"PiercingWail","floor":1.0},{"not_picked":["Noxious Fumes","Deflect"],"picked":"Cloak And Dagger","floor":2.0},{"not_picked":["Sucker Punch","Quick Slash"],"picked":"Blade Dance","floor":4.0},{"not_picked":["Expertise","Dodge and Roll","Doppelganger"],"picked":"SKIP","floor":5.0},{"not_picked":["Expertise","Dodge and Roll","Doppelganger"],"picked":"SKIP","floor":5.0},{"not_picked":["Prepared","Blade Dance"],"picked":"Tools of the Trade","floor":6.0},{"not_picked":["Prepared","Reflex"],"picked":"Terror","floor":7.0},{"not_picked":["Expertise","Caltrops"],"picked":"Prepared","floor":13.0},{"not_picked":["Underhanded Strike","Outmaneuver"],"picked":"Footwork","floor":14.0},{"not_picked":["Storm of Steel","Night Terror"],"picked":"Bullet Time","floor":16.0},{"not_picked":["PiercingWail","Prepared"],"picked":"Backstab","floor":18.0},{"not_picked":["Catalyst","Cloak And Dagger"],"picked":"All Out Attack","floor":19.0}],"player_experience":1136365,"relics_obtained":[{"floor":6.0,"key":"Smiling Mask"},{"floor":9.0,"key":"White Beast Statue"},{"floor":13.0,"key":"Boot"},{"floor":14.0,"key":"Ninja Scroll"}],"event_choices":[{"cards_removed":["Strike_G"],"damage_healed":0.0,"max_hp_gain":0.0,"max_hp_loss":0.0,"gold_gain":0.0,"event_name":"The Cleric","player_choice":"Card Removal","floor":11.0,"gold_loss":75.0,"damage_taken":0.0},{"damage_healed":0.0,"max_hp_gain":0.0,"max_hp_loss":0.0,"gold_gain":0.0,"event_name":"Dead Adventurer","player_choice":"Searched \u00271\u0027 times","floor":14.0,"gold_loss":0.0,"damage_taken":0.0}],"is_beta":false,"boss_relics":[{"not_picked":["Calling Bell","Runic Pyramid"],"picked":"Astrolabe"}],"items_purged_floors":[3],"is_endless":false,"potions_floor_spawned":[4,6,13,14,16,18,19],"killed_by":"Shelled Parasite and Fungi","ascension_level":20}}