{"host":"a5lz0e76zb3fcwkm","time":1610698043,"event":{"mods":["AchievementEnabler","BaseMod","Colored Map","Colored Powertips","Minty Spire (QoL Compilation)","StSLib","SuperFastMode"],"gold_per_floor":[114,114,140,157,167,167,196,196,265,295,309,341,341,108,108,181,181,193,193,193,193,207,207,56,83,83,411,431,445,445,479,479,552,552,568,198,208,208,41,69,81,81,104,139,153,172,220,251,251,251,251,251,251,26,60,60],"floor_reached":57,"language":"KOR","playtime":1506,"items_purged":["Strike_R","Defend_R","Anger"],"score":2967,"play_id":"fdaed3a6-07b4-4f92-a06a-5ebcc7344ad6","local_time":"20210115170723","is_ascension_mode":true,"campfire_choices":[{"data":"Inflame","floor":6.0,"key":"SMITH"},{"data":"Flame Barrier","floor":8.0,"key":"SMITH"},{"data":"Heavy Blade","floor":15.0,"key":"SMITH"},{"data":"Whirlwind","floor":23.0,"key":"SMITH"},{"data":"Inflame","floor":30.0,"key":"SMITH"},{"data":"Sword Boomerang","floor":32.0,"key":"SMITH"},{"floor":49.0,"key":"RECALL"}],"circlet_count":0,"master_deck":["AscendersBane","Defend_R","Defend_R","Defend_R","Bash","Reaper","Inflame+1","Flame Barrier+1","Heavy Blade+1","Whirlwind+1","Burning Pact","Shrug It Off","Shrug It Off+1","Sword Boomerang+1","Inflame+1","Double Tap","Warcry+1","Flash of Steel","Shockwave","Barricade","Dual Wield"],"relics":["Burning Blood","Tiny Chest","Red Skull","Matryoshka","Lantern","Turnip","Bag of Preparation","Coffee Dripper","Omamori","Necronomicon","Bronze Scales","Potion Belt","Art of War","Old Coin","Eternal Feather","Fusion Hammer","Membership Card","White Beast Statue","TungstenRod","Toy Ornithopter","PreservedInsect","Unceasing Top","Orichalcum","Oddly Smooth Stone","Akabeko","Anchor","Bottled Flame"],"acts_visited":["Exordium","TheCity","TheBeyond","TheEnding"],"potions_floor_usage":[56,56,56],"damage_taken":[{"damage":12.0,"enemies":"Cultist","floor":1.0,"turns":4.0},{"damage":13.0,"enemies":"Jaw Worm","floor":4.0,"turns":6.0},{"damage":1.0,"enemies":"2 Louse","floor":5.0,"turns":4.0},{"damage":33.0,"enemies":"3 Sentries","floor":7.0,"turns":11.0},{"damage":32.0,"enemies":"Gremlin Nob","floor":10.0,"turns":4.0},{"damage":0.0,"enemies":"Exordium Wildlife","floor":11.0,"turns":2.0},{"damage":45.0,"enemies":"3 Sentries","floor":12.0,"turns":5.0},{"damage":34.0,"enemies":"Hexaghost","floor":16.0,"turns":8.0},{"damage":9.0,"enemies":"Chosen","floor":18.0,"turns":4.0},{"damage":13.0,"enemies":"Shell Parasite","floor":22.0,"turns":4.0},{"damage":34.0,"enemies":"Slavers","floor":27.0,"turns":2.0},{"damage":11.0,"enemies":"Snake Plant","floor":28.0,"turns":3.0},{"damage":18.0,"enemies":"Centurion and Healer","floor":29.0,"turns":3.0},{"damage":0.0,"enemies":"Gremlin Leader","floor":31.0,"turns":3.0},{"damage":35.0,"enemies":"Automaton","floor":33.0,"turns":5.0},{"damage":8.0,"enemies":"3 Shapes","floor":35.0,"turns":4.0},{"damage":0.0,"enemies":"Orb Walker","floor":37.0,"turns":1.0},{"damage":12.0,"enemies":"Giant Head","floor":40.0,"turns":4.0},{"damage":0.0,"enemies":"Jaw Worm Horde","floor":41.0,"turns":1.0},{"damage":0.0,"enemies":"Reptomancer","floor":44.0,"turns":2.0},{"damage":0.0,"enemies":"Spire Growth","floor":45.0,"turns":2.0},{"damage":15.0,"enemies":"Writhing Mass","floor":46.0,"turns":3.0},{"damage":5.0,"enemies":"Giant Head","floor":48.0,"turns":4.0},{"damage":16.0,"enemies":"Time Eater","floor":50.0,"turns":9.0},{"damage":35.0,"enemies":"Donu and Deca","floor":51.0,"turns":5.0},{"damage":0.0,"enemies":"Shield and Spear","floor":55.0,"turns":1.0},{"damage":145,"enemies":"The Heart","floor":56,"turns":8}],"seed_played":"2776269462417272675","potions_obtained":[{"floor":1.0,"key":"Strength Potion"},{"floor":5.0,"key":"ColorlessPotion"},{"floor":10.0,"key":"LiquidMemories"},{"floor":11.0,"key":"Ancient Potion"},{"floor":16.0,"key":"Energy Potion"},{"floor":28.0,"key":"Fire Potion"},{"floor":29.0,"key":"PowerPotion"},{"floor":37.0,"key":"SteroidPotion"},{"floor":40.0,"key":"Fire Potion"},{"floor":44.0,"key":"FearPotion"},{"floor":48.0,"key":"DistilledChaos"}],"is_trial":false,"path_per_floor":["M","?","T","M","M","R","E","R","T","E","M","E","?","$","R","B",null,"M","T","?","?","M","R","$","T","T","E","M","M","R","E","R","B",null,"M","$","M","?","$","E","M","?","T","E","M","M","T","E","R","B","B",null,"R","$","E","B",null],"character_chosen":"IRONCLAD","items_purchased":["Bag of Preparation","Sword Boomerang","Membership Card","White Beast Statue","TungstenRod","Akabeko","Anchor","FairyPotion"],"campfire_rested":0,"item_purchase_floors":[14,24,36,36,39,54,54,54],"current_hp_per_floor":[67,67,67,61,68,68,54,54,54,34,60,50,43,43,43,30,59,56,56,35,35,47,47,47,47,47,33,46,60,60,66,68,39,61,68,68,68,58,58,62,68,64,64,68,68,59,59,60,68,63,68,68,68,68,68,12],"gold":60,"neow_bonus":"TRANSFORM_TWO_CARDS","is_daily":false,"chose_seed":false,"campfire_upgraded":6,"win_rate":0.0,"timestamp":1610698043,"path_taken":["M","?","?","M","M","R","E","R","T","E","?","E","?","?","R","BOSS","M","?","?","?","M","R","?","?","T","E","?","M","R","E","R","BOSS","M","$","M","?","$","E","M","?","T","E","M","M","?","E","R","BOSS","BOSS","R","$","E","BOSS"],"items_purchased_type":["Relic","Card","Relic","Relic","Relic","Relic","Relic","Potion"],"build_version":"2020-12-22","purchased_purges":3,"victory":true,"max_hp_per_floor":[68,68,68,68,68,68,68,68,68,68,68,68,68,68,68,68,68,68,68,68,68,68,68,68,68,68,68,68,68,68,68,68,68,68,68,68,68,68,68,68,68,68,68,68,68,68,68,68,68,68,68,68,68,68,68,68],"card_choices":[{"not_picked":["Rage","Reckless Charge","Fire Breathing"],"picked":"SKIP","floor":1.0},{"not_picked":["Body Slam","Iron Wave","Clash"],"picked":"SKIP","floor":4.0},{"not_picked":["True Grit","Clothesline"],"picked":"Flame Barrier","floor":5.0},{"not_picked":["Clash","Dropkick"],"picked":"Anger","floor":7.0},{"not_picked":["Shockwave","Twin Strike"],"picked":"Heavy Blade","floor":10.0},{"not_picked":["Power Through","Wild Strike"],"picked":"Whirlwind","floor":11.0},{"not_picked":["Flame Barrier","Wild Strike"],"picked":"Burning Pact","floor":12.0},{"not_picked":["Dropkick","Perfected Strike"],"picked":"Shrug It Off","floor":18.0},{"not_picked":["Clash","Blood for Blood"],"picked":"Shrug It Off+1","floor":22.0},{"not_picked":["Thunderclap","Power Through"],"picked":"Inflame","floor":27.0},{"not_picked":["Wild Strike","Seeing Red","Cleave+1"],"picked":"SKIP","floor":28.0},{"not_picked":["Evolve","Perfected Strike","Warcry"],"picked":"SKIP","floor":29.0},{"not_picked":["Uppercut","True Grit","Heavy Blade+1"],"picked":"SKIP","floor":31.0},{"not_picked":["Berserk","Demon Form"],"picked":"Double Tap","floor":33.0},{"not_picked":["Clash+1","Feel No Pain"],"picked":"Warcry+1","floor":35.0},{"not_picked":["Heavy Blade","Dropkick","Hemokinesis"],"picked":"SKIP","floor":37.0},{"not_picked":["Jack Of All Trades","Purity"],"picked":"Flash of Steel","floor":38.0},{"not_picked":["Warcry","Flex","Inflame"],"picked":"SKIP","floor":40.0},{"not_picked":["Pommel Strike","Anger"],"picked":"Shockwave","floor":41.0},{"not_picked":["Hemokinesis+1","Cleave"],"picked":"Barricade","floor":44.0},{"not_picked":["Clothesline","Headbutt","Clash"],"picked":"SKIP","floor":45.0},{"not_picked":["Whirlwind+1","Blood for Blood","Feel No Pain"],"picked":"SKIP","floor":46.0},{"not_picked":["Burning Pact+1","Ghostly Armor","Heavy Blade"],"picked":"SKIP","floor":48.0},{"not_picked":["Headbutt","Shockwave"],"picked":"Dual Wield","floor":55.0}],"player_experience":1734175,"relics_obtained":[{"floor":3.0,"key":"Tiny Chest"},{"floor":7.0,"key":"Red Skull"},{"floor":9.0,"key":"Matryoshka"},{"floor":10.0,"key":"Lantern"},{"floor":12.0,"key":"Turnip"},{"floor":19.0,"key":"Omamori"},{"floor":20.0,"key":"Necronomicon"},{"floor":25.0,"key":"Bronze Scales"},{"floor":25.0,"key":"Potion Belt"},{"floor":26.0,"key":"Art of War"},{"floor":27.0,"key":"Old Coin"},{"floor":31.0,"key":"Eternal Feather"},{"floor":40.0,"key":"Toy Ornithopter"},{"floor":43.0,"key":"PreservedInsect"},{"floor":44.0,"key":"Unceasing Top"},{"floor":47.0,"key":"Orichalcum"},{"floor":48.0,"key":"Oddly Smooth Stone"},{"floor":55.0,"key":"Bottled Flame"}],"event_choices":[{"damage_healed":0.0,"max_hp_gain":0.0,"max_hp_loss":0.0,"gold_gain":0.0,"event_name":"Liars Game","player_choice":"Ignored","floor":2.0,"gold_loss":0.0,"damage_taken":0.0},{"cards_removed":["Strike_R"],"damage_healed":0.0,"max_hp_gain":0.0,"max_hp_loss":0.0,"gold_gain":0.0,"event_name":"Golden Wing","player_choice":"Card Removal","floor":13.0,"gold_loss":0.0,"damage_taken":7.0},{"damage_healed":0.0,"max_hp_gain":0.0,"max_hp_loss":0.0,"gold_gain":0.0,"event_name":"Cursed Tome","player_choice":"Obtained Book","floor":20.0,"gold_loss":0.0,"damage_taken":21.0},{"cards_removed":["Strike_R"],"damage_healed":0.0,"max_hp_gain":0.0,"max_hp_loss":0.0,"gold_gain":0.0,"event_name":"Back to Basics","player_choice":"Elegance","floor":21.0,"gold_loss":0.0,"damage_taken":0.0},{"damage_healed":0.0,"max_hp_gain":0.0,"max_hp_loss":0.0,"gold_gain":0.0,"event_name":"SensoryStone","player_choice":"Memory 3","floor":38.0,"gold_loss":0.0,"damage_taken":10.0},{"damage_healed":0.0,"max_hp_gain":0.0,"max_hp_loss":0.0,"gold_gain":0.0,"event_name":"Designer","player_choice":"Punched","floor":42.0,"gold_loss":0.0,"damage_taken":5.0}],"is_beta":false,"boss_relics":[{"not_picked":["Runic Cube","Calling Bell"],"picked":"Coffee Dripper"},{"not_picked":["Black Star","Tiny House"],"picked":"Fusion Hammer"}],"items_purged_floors":[14,24,36],"is_endless":false,"potions_floor_spawned":[1,5,10,11,16,22,28,29,37,40,41,44,45,46,48,55],"ascension_level":20}}