{"host":"fqepcc6wiujntn7y","time":1610725517,"event":{"mods":["AchievementEnabler","BaseMod","Minty Spire (QoL Compilation)","Quick Restart","Replay The Spire","StSLib","The Hayseed","The Jungle","The Necromancer"],"gold_per_floor":[135,210,210,267,327,426,128,224,272,0,0,33,126,231,231,523,623,674,674,698,704,763,866,866,963,988,988,948,990,1114,780,1038,1338,1338,1392,1253,1329,1395,1670,1779,1779,1845,1897,1987,2057,2108,2199,2236,2236,2246],"floor_reached":51,"language":"ENG","playtime":8904,"items_purged":["Strike_R","Wraith Form v2","Replay:Hysterical Blindness"],"score":1264,"play_id":"4b56a196-4734-4105-8dc2-fb01cee26053","local_time":"20210115154517","daily_mods":["Heirloom","DeadlyEvents","Cursed Run","Midas"],"is_ascension_mode":true,"campfire_choices":[{"floor":11,"key":"REST"},{"floor":15,"key":"REST"},{"floor":24,"key":"REST"},{"floor":27,"key":"REST"},{"floor":41,"key":"REST"},{"floor":49,"key":"REST"}],"circlet_count":0,"master_deck":["Demon Form","Echo Form+1","DevaForm","Defend_R","Defend_R","Defend_R","Bash+1","Armaments","Fire Breathing","Shrug It Off","Fire Breathing+1","Iron Wave+1","Apotheosis","Fire Breathing","Massacre+1","Reaper","Bite","Bite","Bite","Bite","Bite","Demonic Infusion+1","Double Tap+1","Heavy Blade","Doubt","Shame","Bludgeon+1","Magnetism","Bandage Up","Metallicize","Barricade","Regret","Parasite","Heavy Blade+1","Inflame","Body Slam+1","Cleave+1","Run Through","Doubt"],"relics":["Cursed Key","Darkstone Periapt","Du-Vu Doll","Replay:PocketPolymizer","Omamori","StoneCalendar","Membership Card","Gremlin Food","Replay:Baseball","Potion Belt","Bottled Tornado","Mercury Hourglass","Replay:Bandana","Replay:Wanted Poster","Lantern","Oddly Smooth Stone","Akabeko","ReplayFunnel","PreservedInsect","Replay:Bottled Steam","ClockworkSouvenir","Blood Vial","Question Card","ChewingGum","Replay:Rubber Ducky","ReplayTheSpireMod:ShopPack","Ancient Tea Set","ReplayTheSpireMod:Spearhead","Vajra","Boot"],"acts_visited":["Exordium","TheCity","TheBeyond"],"potions_floor_usage":[16,34],"damage_taken":[{"damage":5,"enemies":"2 Louse","floor":1,"turns":3},{"damage":8,"enemies":"Jaw Worm","floor":4,"turns":4},{"damage":0,"enemies":"Cultist","floor":5,"turns":4},{"damage":13,"enemies":"Lagavulin","floor":6,"turns":6},{"damage":41,"enemies":"3 Sentries","floor":8,"turns":7},{"damage":19,"enemies":"Blue Slaver","floor":12,"turns":5},{"damage":0,"enemies":"Lagavulin","floor":13,"turns":7},{"damage":12,"enemies":"Gremlin Nob","floor":14,"turns":5},{"damage":8,"enemies":"Hexaghost","floor":16,"turns":8},{"damage":21,"enemies":"Shell Parasite","floor":18,"turns":6},{"damage":52,"enemies":"Gremlin Leader","floor":21,"turns":7},{"damage":9,"enemies":"3 Byrds","floor":22,"turns":4},{"damage":57,"enemies":"Book of Stabbing","floor":23,"turns":6},{"damage":45,"enemies":"Slavers","floor":25,"turns":5},{"damage":1,"enemies":"Cultist and Chosen","floor":29,"turns":5},{"damage":30,"enemies":"Gremlin Leader","floor":30,"turns":5},{"damage":30,"enemies":"Automaton","floor":33,"turns":8},{"damage":9,"enemies":"3 Shapes","floor":35,"turns":2},{"damage":4,"enemies":"3 Darklings","floor":37,"turns":7},{"damage":9,"enemies":"Jaw Worm Horde","floor":38,"turns":6},{"damage":3,"enemies":"Reptomancer","floor":40,"turns":6},{"damage":8,"enemies":"Transient","floor":42,"turns":5},{"damage":0,"enemies":"R_Hoarder","floor":44,"turns":7},{"damage":3,"enemies":"Maw","floor":45,"turns":6},{"damage":7,"enemies":"Spire Growth","floor":46,"turns":5},{"damage":3,"enemies":"Giant Head","floor":47,"turns":9},{"damage":3,"enemies":"Sphere and 2 Shapes","floor":48,"turns":6},{"damage":36,"enemies":"Awakened One","floor":50,"turns":17}],"seed_played":"-8545147833712502038","potions_obtained":[{"floor":4,"key":"Milkshake"},{"floor":13,"key":"SkillPotion"},{"floor":16,"key":"SteroidPotion"},{"floor":18,"key":"SteroidPotion"},{"floor":23,"key":"LiquidMemories"},{"floor":33,"key":"Fruit Juice"},{"floor":37,"key":"Strength Potion"}],"is_trial":true,"path_per_floor":["M","?","T","M","M","E","$","E","T","$","R","M","E","E","R","B",null,"M","?","T","E","M","E","R","E","T","R","?","M","E","$","R","B",null,"M","$","M","M","?","E","R","M","T","E","M","M","E","M","R","B",null],"character_chosen":"IRONCLAD","items_purchased":["Membership Card","Fire Breathing","Gremlin Food","Apotheosis","Bottled Tornado","ClockworkSouvenir","Blood Vial","Question Card","Replay:Rubber Ducky","ReplayTheSpireMod:ShopPack"],"campfire_rested":6,"item_purchase_floors":[7,7,7,10,10,31,31,31,36,36],"current_hp_per_floor":[75,64,70,62,62,49,49,8,8,8,33,14,14,2,27,19,86,77,60,66,52,56,28,47,14,20,41,41,72,57,57,57,78,83,74,74,83,83,89,86,89,88,94,95,95,91,95,92,95,68],"gold":2246,"neow_bonus":"","is_daily":false,"chose_seed":false,"campfire_upgraded":0,"win_rate":0.0,"timestamp":1610725517,"path_taken":["M","?","?","M","?","E","$","E","T","$","R","M","E","?","R","BOSS","M","?","?","?","M","E","R","E","T","R","?","M","?","$","R","BOSS","M","$","M","M","?","E","R","M","T","?","?","M","E","M","R","BOSS"],"items_purchased_type":["Relic","Card","Relic","Card","Relic","Relic","Relic","Relic","Relic","Relic"],"build_version":"2020-12-22","purchased_purges":3,"victory":true,"max_hp_per_floor":[80,80,86,86,86,86,86,86,86,86,86,86,86,86,86,86,86,86,60,66,66,66,66,66,66,72,72,72,72,72,72,72,78,83,83,83,83,83,89,89,89,89,95,95,95,95,95,95,95,101],"card_choices":[{"not_picked":["Replay:Undeath\u0027s Touch","ReplayTheSpireMod:Strike From Hell"],"picked":"Armaments","floor":1},{"not_picked":["Pommel Strike","Battle Trance"],"picked":"Fire Breathing","floor":4},{"not_picked":["Bloodletting","Ghostly Armor","ReplayTheSpireMod:Strike From Hell"],"picked":"SKIP","floor":5},{"not_picked":["Pommel Strike","Brutality"],"picked":"Shrug It Off","floor":6},{"not_picked":["Spot Weakness","True Grit"],"picked":"Iron Wave","floor":8},{"not_picked":["Pommel Strike","Searing Blow","Clothesline"],"picked":"SKIP","floor":12},{"not_picked":["True Grit","Thunderclap"],"picked":"Fire Breathing","floor":13},{"not_picked":["Armaments","ReplayTheSpireMod:Limb From Limb"],"picked":"Massacre","floor":14},{"not_picked":["Eclipse","Corruption"],"picked":"Reaper","floor":16},{"not_picked":["Clothesline","Pommel Strike","Rupture+1"],"picked":"SKIP","floor":18},{"not_picked":["Iron Wave","Armaments+1"],"picked":"Demonic Infusion","floor":21},{"not_picked":["Havoc+1","ReplayTheSpireMod:Stacked","Wild Strike+1"],"picked":"SKIP","floor":22},{"not_picked":["Infernal Blade","Carnage"],"picked":"Double Tap","floor":23},{"not_picked":["Reckless Charge+1","Body Slam"],"picked":"Heavy Blade","floor":25},{"not_picked":["Armaments+1","Perfected Strike","Havoc"],"picked":"SKIP","floor":29},{"not_picked":["Twin Strike","ReplayTheSpireMod:Stacked","Anger"],"picked":"SKIP","floor":30},{"not_picked":["Limit Break","Double Tap","Offering"],"picked":"Bludgeon","floor":33},{"not_picked":["Warcry","Second Wind","Replay:Undeath\u0027s Touch","Carnage+1"],"picked":"SKIP","floor":35},{"not_picked":["Crow Ritual","Master of Strategy","Midas Touch"],"picked":"Magnetism","floor":36},{"not_picked":["Poisoned Strike","ReplayTheSpireMod:Private Reserves","Replay:Bootleg Shield Generator"],"picked":"Bandage Up","floor":36},{"not_picked":["Replay:Undeath\u0027s Touch+1","Feel No Pain","Heavy Blade+1"],"picked":"Metallicize","floor":37},{"not_picked":["Pommel Strike","Defy Death","Cleave"],"picked":"Barricade","floor":38},{"not_picked":["Anger","Shrug It Off","Second Wind+1","Pommel Strike"],"picked":"SKIP","floor":40},{"not_picked":["Clash","ReplayTheSpireMod:Corrosion Curse","Wild Strike+1","Pommel Strike"],"picked":"SKIP","floor":42},{"not_picked":["Entrench","Shrug It Off+1","Seeing Red+1"],"picked":"Heavy Blade+1","floor":44},{"not_picked":["Warcry+1","Carnage+1","Sentinel"],"picked":"Inflame","floor":45},{"not_picked":["Berserk","Abandon","Thunderclap"],"picked":"Body Slam+1","floor":46},{"not_picked":["Twin Strike","Pommel Strike","Perfected Strike+1"],"picked":"Cleave+1","floor":47},{"not_picked":["ReplayTheSpireMod:Corrosion Curse+1","ReplayTheSpireMod:Strike From Hell+1","Clothesline+1","True Grit"],"picked":"SKIP","floor":48}],"player_experience":37361,"relics_obtained":[{"floor":3,"key":"Omamori"},{"floor":6,"key":"StoneCalendar"},{"floor":8,"key":"Replay:Baseball"},{"floor":9,"key":"Potion Belt"},{"floor":13,"key":"Mercury Hourglass"},{"floor":14,"key":"Replay:Bandana"},{"floor":20,"key":"Lantern"},{"floor":21,"key":"Oddly Smooth Stone"},{"floor":23,"key":"Akabeko"},{"floor":25,"key":"ReplayFunnel"},{"floor":26,"key":"PreservedInsect"},{"floor":30,"key":"Replay:Bottled Steam"},{"floor":40,"key":"Ancient Tea Set"},{"floor":43,"key":"ReplayTheSpireMod:Spearhead"},{"floor":44,"key":"Vajra"},{"floor":47,"key":"Boot"}],"event_choices":[{"damage_healed":0,"gold_gain":75,"player_choice":"Gather Gold","damage_taken":11,"max_hp_gain":0,"max_hp_loss":0,"event_name":"World of Goop","floor":2,"gold_loss":0},{"damage_healed":0,"gold_gain":0,"player_choice":"Became a vampire","damage_taken":0,"max_hp_gain":0,"max_hp_loss":26,"event_name":"Vampires","floor":19,"gold_loss":0,"cards_obtained":["Bite","Bite","Bite","Bite","Bite"]},{"damage_healed":0,"gold_gain":0,"player_choice":"Upgraded Two","damage_taken":0,"max_hp_gain":0,"max_hp_loss":0,"event_name":"Designer","floor":28,"gold_loss":40,"cards_upgraded":["Echo Form","Demonic Infusion"]},{"damage_healed":0,"gold_gain":275,"player_choice":"Desecrate","damage_taken":0,"max_hp_gain":0,"max_hp_loss":0,"event_name":"Golden Shrine","floor":39,"gold_loss":0,"cards_obtained":["Regret"]}],"is_beta":false,"boss_relics":[{"not_picked":["Honey Jar","Abe\u0027s Treasure"],"picked":"Replay:Wanted Poster"},{"not_picked":["SacredBark","Kintsugi"],"picked":"ChewingGum"}],"items_purged_floors":[7,10,31],"is_endless":false,"potions_floor_spawned":[4,13,16,18,23,30,33,37,40,42,44],"ascension_level":1}}