{"host":"gmh2c2g66mxmprnw","time":1610748264,"event":{"mods":["BaseMod","Better Match","Colored Powertips","Friendly Minions","Highlight Path","Infinite Spire","Minty Spire (QoL Compilation)","Quick Restart","Relic Sorter","Replay The Spire","Shop Mod","StSLib"],"gold_per_floor":[115,48,48,98,115,115,146,146,146,146,146,179,179,204,204,308,308,219,219,219,233,244,276,276,316,350,350,350,368,396,423,423,514,523,523,523],"floor_reached":35,"language":"ENG","playtime":1620,"items_purged":["Amnesia"],"score":424,"play_id":"ee289e17-9d26-4f2c-8076-a507d3ed7e59","local_time":"20210115130424","is_ascension_mode":true,"campfire_choices":[{"data":"Dagger Spray","floor":6.0,"key":"SMITH"},{"floor":8.0,"key":"REST"},{"data":"Finisher","floor":11.0,"key":"SMITH"},{"data":"ReplayTheSpireMod:Scrap Shanks","floor":13.0,"key":"SMITH"},{"data":"Caltrops","floor":15.0,"key":"SMITH"},{"floor":24.0,"key":"REST"},{"floor":29.0,"key":"REST"}],"circlet_count":0,"master_deck":["Strike_G","Strike_G","Strike_G","Strike_G","Strike_G","Defend_G","Defend_G","Defend_G","Defend_G","Survivor","Neutralize+1","Flying Knee+1","Caltrops+1","Delirium","Dagger Spray+1","Finisher+1","ReplayTheSpireMod:Scrap Shanks+1","Voices","Concentrate+1","Bullet Time","CurseOfTheBell","Dagger Spray","Choke+1","All Out Attack","ReplayTheSpireMod:Shiv Toss","Delirium","Terror","Parasite","Prepared+1","ReplayTheSpireMod:Speed Training+1","Sickly","Doubt","Backstab+1"],"relics":["Ring of the Snake","Ring of Greed","Blue Doll","MealTicket","The Specimen","Ninja Scroll","WingedGreaves","Bag of Preparation","Replay:Grab Bag","Philosopher\u0027s Stone","Cursed Key","Calling Bell","Centennial Puzzle","infinitespire:Broken Mirror","Replay:PocketPolymizer","WristBlade","Orichalcum","Dream Catcher","CeramicFish","Pen Nib","MutagenicStrength","Iron Hammer"],"acts_visited":["Exordium","TheCity"],"potions_floor_usage":[35],"damage_taken":[{"damage":2.0,"enemies":"Small Slimes","floor":1.0,"turns":4.0},{"damage":0.0,"enemies":"2 Louse","floor":5.0,"turns":3.0},{"damage":23.0,"enemies":"Gremlin Nob","floor":7.0,"turns":5.0},{"damage":5.0,"enemies":"3 Sentries","floor":12.0,"turns":4.0},{"damage":11.0,"enemies":"Replay:BlueRogue","floor":14.0,"turns":4.0},{"damage":44.0,"enemies":"Fading Forest","floor":16.0,"turns":11.0},{"damage":0.0,"enemies":"Chosen","floor":18.0,"turns":4.0},{"damage":0.0,"enemies":"Shell Parasite","floor":21.0,"turns":1.0},{"damage":4.0,"enemies":"Snecko","floor":22.0,"turns":3.0},{"damage":8.0,"enemies":"Book of Stabbing","floor":23.0,"turns":2.0},{"damage":53.0,"enemies":"Nightmare","floor":25.0,"turns":8.0},{"damage":0.0,"enemies":"Shelled Parasite and Fungi","floor":30.0,"turns":2.0},{"damage":2.0,"enemies":"Chosen and Byrds","floor":31.0,"turns":4.0},{"damage":69,"enemies":"Collector","floor":35,"turns":6}],"seed_played":"9044478701012738941","potions_obtained":[{"floor":12.0,"key":"Dexterity Potion"},{"floor":14.0,"key":"BlessingOfTheForge"},{"floor":16.0,"key":"EntropicBrew"},{"floor":18.0,"key":"Reflective Coating"},{"floor":25.0,"key":"Strength Potion"}],"is_trial":false,"path_per_floor":["M","$","?","?","M","R","E","R","T","T","R","E","R","E","R","B",null,"M","?","AVR","M","M","E","R","NM","T","PTL","PTL","R","M","M","?","T","R","B"],"character_chosen":"THE_SILENT","items_purchased":["Caltrops"],"campfire_rested":3,"item_purchase_floors":[2],"current_hp_per_floor":[68,68,68,68,68,68,45,66,66,66,66,61,61,50,50,18,70,70,70,70,70,66,58,70,17,17,17,17,38,38,36,36,36,57,0,0],"gold":523,"neow_bonus":"REMOVE_CARD","is_daily":false,"chose_seed":false,"campfire_upgraded":4,"win_rate":0.0,"timestamp":1610748264,"path_taken":["M","$","?","?","M","R","E","R","T","?","R","E","R","E","R","BOSS","M","?","AVR","M","M","E","R","NM","T","PTL","PTL","R","M","?","?","?","R","BOSS"],"items_purchased_type":["Card"],"build_version":"2020-12-22","purchased_purges":1,"victory":false,"max_hp_per_floor":[70,70,70,70,70,70,70,70,70,70,70,70,70,70,70,70,70,70,70,70,70,70,70,70,70,70,70,70,70,70,70,70,70,70,70,70],"card_choices":[{"not_picked":["Escape Plan","Sucker Punch"],"picked":"Flying Knee","floor":1.0},{"not_picked":["Bane","Deflect"],"picked":"Dagger Spray","floor":5.0},{"not_picked":["Heel Hook","Leg Sweep"],"picked":"Finisher","floor":7.0},{"not_picked":["Slice","Eviscerate"],"picked":"ReplayTheSpireMod:Scrap Shanks","floor":12.0},{"not_picked":["Acrobatics","Slice"],"picked":"Concentrate","floor":14.0},{"not_picked":["Grand Finale","Replay:Bag of Tricks"],"picked":"Bullet Time","floor":16.0},{"not_picked":["Sucker Punch","Underhanded Strike"],"picked":"Dagger Spray","floor":18.0},{"not_picked":["Endless Agony+1","Hidden Blade+1"],"picked":"Choke+1","floor":21.0},{"not_picked":["Catalyst","Backflip+1","Dagger Spray"],"picked":"SKIP","floor":22.0},{"not_picked":["Expertise","PiercingWail","Outmaneuver"],"picked":"SKIP","floor":23.0},{"not_picked":["Expertise","PiercingWail","Outmaneuver"],"picked":"SKIP","floor":23.0},{"not_picked":["Underhanded Strike","Quick Slash"],"picked":"All Out Attack","floor":24.0},{"not_picked":["Toxin Wave+1","Bane"],"picked":"ReplayTheSpireMod:Shiv Toss","floor":25.0},{"not_picked":["Underhanded Strike","Outmaneuver+1"],"picked":"Terror","floor":29.0},{"not_picked":["ReplayTheSpireMod:Scrap Shanks+1","ReplayTheSpireMod:Speed Training+1"],"picked":"Prepared+1","floor":30.0},{"not_picked":["Predator","Toxin Wave+1"],"picked":"ReplayTheSpireMod:Speed Training+1","floor":31.0},{"not_picked":["Dagger Spray+1","Bouncing Flask"],"picked":"Backstab+1","floor":34.0}],"player_experience":2184427,"relics_obtained":[{"floor":4.0,"key":"Ring of Greed"},{"floor":4.0,"key":"Blue Doll"},{"floor":4.0,"key":"MealTicket"},{"floor":7.0,"key":"The Specimen"},{"floor":9.0,"key":"Ninja Scroll"},{"floor":10.0,"key":"WingedGreaves"},{"floor":14.0,"key":"Bag of Preparation"},{"floor":17.0,"key":"Centennial Puzzle"},{"floor":17.0,"key":"infinitespire:Broken Mirror"},{"floor":17.0,"key":"Replay:PocketPolymizer"},{"floor":23.0,"key":"Dream Catcher"},{"floor":25.0,"key":"CeramicFish"},{"floor":26.0,"key":"Pen Nib"},{"floor":33.0,"key":"Iron Hammer"}],"event_choices":[{"damage_healed":0.0,"max_hp_gain":0.0,"max_hp_loss":0.0,"gold_gain":0.0,"event_name":"Upgrade Shrine","player_choice":"Upgraded","floor":19.0,"gold_loss":0.0,"damage_taken":0.0,"cards_upgraded":["Concentrate"]},{"damage_healed":0.0,"max_hp_gain":0.0,"max_hp_loss":0.0,"gold_gain":0.0,"event_name":"Drug Dealer","player_choice":"Inject Mutagens","floor":32.0,"gold_loss":0.0,"damage_taken":0.0,"relics_obtained":["MutagenicStrength"]}],"is_beta":false,"boss_relics":[{"not_picked":["Replay:Drink Me","Kintsugi"],"picked":"Replay:Grab Bag"},{"not_picked":["ChewingGum","Runic Dome"],"picked":"Philosopher\u0027s Stone"},{"not_picked":["infinitespire:Cupcake","Abe\u0027s Treasure"],"picked":"Cursed Key"},{"not_picked":["Ring of the Serpent","SlaversCollar"],"picked":"Calling Bell"}],"items_purged_floors":[20],"is_endless":true,"potions_floor_spawned":[12,14,16,18,25],"killed_by":"Collector","ascension_level":1}}