{"host":"0ueeacaatm8t6jyh","time":1610704250,"event":{"mods":["AchievementEnabler","BaseMod","Colored Powertips","Minty Spire (QoL Compilation)","Quick Restart","Rare Cards Sparkle","StSLib"],"gold_per_floor":[113,125,139,152,77,87,106,106,155,155,185,9,36,36,36,110,110,130,30,30,45,64,64,64,64],"floor_reached":24,"language":"ZHS","playtime":4191,"items_purged":["Strike_R","Strike_R"],"score":396,"play_id":"db6f2cea-ff54-4d65-818f-bc626ba69f05","local_time":"20210115175050","is_ascension_mode":true,"campfire_choices":[{"data":"Whirlwind","floor":10.0,"key":"SMITH"},{"data":"Shockwave","floor":15.0,"key":"SMITH"},{"floor":23.0,"key":"RECALL"}],"circlet_count":0,"master_deck":["AscendersBane","Strike_R","Strike_R","Strike_R","Defend_R","Defend_R","Defend_R","Defend_R","Bash","Shockwave+1","Second Wind","Pommel Strike","Whirlwind+1","Regret","Limit Break","Reaper","Inflame","Ghostly","Ghostly","Ghostly"],"relics":["Burning Blood","NeowsBlessing","Blue Candle","Vajra","Mercury Hourglass","Odd Mushroom","Velvet Choker"],"acts_visited":["Exordium","TheCity"],"potions_floor_usage":[24],"damage_taken":[{"damage":0.0,"enemies":"Cultist","floor":1.0,"turns":1.0},{"damage":0.0,"enemies":"Jaw Worm","floor":2.0,"turns":1.0},{"damage":0.0,"enemies":"Small Slimes","floor":3.0,"turns":1.0},{"damage":28.0,"enemies":"3 Louse","floor":4.0,"turns":5.0},{"damage":17.0,"enemies":"Exordium Thugs","floor":6.0,"turns":5.0},{"damage":4.0,"enemies":"2 Fungi Beasts","floor":7.0,"turns":3.0},{"damage":28.0,"enemies":"3 Sentries","floor":11.0,"turns":6.0},{"damage":0.0,"enemies":"The Mushroom Lair","floor":13.0,"turns":1.0},{"damage":28.0,"enemies":"Hexaghost","floor":16.0,"turns":9.0},{"damage":33.0,"enemies":"Shell Parasite","floor":18.0,"turns":5.0},{"damage":13.0,"enemies":"Spheric Guardian","floor":21.0,"turns":5.0},{"damage":0.0,"enemies":"3 Cultists","floor":22.0,"turns":3.0},{"damage":44,"enemies":"Book of Stabbing","floor":24,"turns":5}],"seed_played":"7665766672640524635","potions_obtained":[{"floor":3.0,"key":"GamblersBrew"},{"floor":6.0,"key":"SpeedPotion"},{"floor":7.0,"key":"AttackPotion"},{"floor":11.0,"key":"BloodPotion"},{"floor":13.0,"key":"GamblersBrew"},{"floor":14.0,"key":"SneckoOil"},{"floor":18.0,"key":"GamblersBrew"}],"is_trial":false,"path_per_floor":["M","M","M","M","$","M","M","?","T","R","E","$","?","?","R","B",null,"M","$","?","M","M","R","E"],"character_chosen":"IRONCLAD","items_purchased":["Limit Break"],"campfire_rested":0,"item_purchase_floors":[12],"current_hp_per_floor":[74,75,75,53,53,42,44,44,44,44,22,22,43,43,43,21,62,44,44,37,30,37,37,0,0],"gold":64,"neow_bonus":"THREE_ENEMY_KILL","is_daily":false,"chose_seed":false,"campfire_upgraded":2,"win_rate":0.0,"timestamp":1610704250,"path_taken":["M","M","?","M","?","M","M","?","T","R","E","?","?","?","R","BOSS","M","$","?","M","M","R","E"],"items_purchased_type":["Card"],"build_version":"2020-12-22","purchased_purges":2,"victory":false,"max_hp_per_floor":[75,75,75,75,75,75,75,75,75,75,75,75,75,75,75,75,75,75,75,37,37,37,37,37,37],"card_choices":[{"not_picked":["Heavy Blade","Wild Strike"],"picked":"Shockwave","floor":1.0},{"not_picked":["Rupture","Sentinel"],"picked":"Second Wind","floor":2.0},{"not_picked":["Spot Weakness","Clothesline"],"picked":"Pommel Strike","floor":3.0},{"not_picked":["Second Wind","Havoc","Sever Soul"],"picked":"SKIP","floor":4.0},{"not_picked":["Intimidate","Warcry"],"picked":"Whirlwind","floor":6.0},{"not_picked":["Armaments","Perfected Strike","Carnage"],"picked":"SKIP","floor":7.0},{"not_picked":["Hemokinesis","Havoc","Combust"],"picked":"SKIP","floor":11.0},{"not_picked":["Impervious","Immolate"],"picked":"Reaper","floor":16.0},{"not_picked":["Twin Strike+1","Havoc"],"picked":"Inflame","floor":18.0},{"not_picked":["Metallicize","Ghostly Armor","Wild Strike"],"picked":"SKIP","floor":21.0},{"not_picked":["Fire Breathing","Twin Strike","Perfected Strike"],"picked":"SKIP","floor":22.0}],"player_experience":367638,"relics_obtained":[{"floor":9.0,"key":"Vajra"},{"floor":11.0,"key":"Mercury Hourglass"},{"floor":13.0,"key":"Odd Mushroom"}],"event_choices":[{"damage_healed":0.0,"max_hp_gain":0.0,"max_hp_loss":0.0,"gold_gain":0.0,"event_name":"Big Fish","player_choice":"Box","floor":8.0,"gold_loss":0.0,"damage_taken":0.0,"relics_obtained":["Blue Candle"],"cards_obtained":["Regret"]},{"damage_healed":0.0,"max_hp_gain":0.0,"max_hp_loss":0.0,"gold_gain":0.0,"event_name":"Mushrooms","player_choice":"Fought Mushrooms","floor":13.0,"gold_loss":0.0,"damage_taken":0.0},{"damage_healed":0.0,"max_hp_gain":0.0,"max_hp_loss":0.0,"gold_gain":0.0,"event_name":"Lab","player_choice":"Got Potions","floor":14.0,"gold_loss":0.0,"damage_taken":0.0},{"damage_healed":0.0,"max_hp_gain":0.0,"max_hp_loss":38.0,"gold_gain":0.0,"event_name":"Ghosts","player_choice":"Became a Ghost","floor":20.0,"gold_loss":0.0,"damage_taken":0.0,"cards_obtained":["Ghostly","Ghostly","Ghostly"]}],"is_beta":false,"boss_relics":[{"not_picked":["Astrolabe","Busted Crown"],"picked":"Velvet Choker"}],"items_purged_floors":[5,19],"is_endless":false,"potions_floor_spawned":[3,6,7,11,13,18],"killed_by":"Book of Stabbing","ascension_level":20}}