{"host":"bw00wb7p5bw58om7","time":1610742454,"event":{"mods":["Act Like it!","BaseMod","Downfall","Gensokyo","Koishi","KomeijiMod","Luminous","Marisa????????","Minty Spire (QoL Compilation)","Onozuka Komachi Mod","Permanent Neow","Prisma Mod","Reimu??????","Remilia??????","StSLib","The Animator","The Druid","The Exalted","The Jungle","The Mystic","The Problem Sleuth","The Senshi","The Servant 0.9.4","The Wild Card","TheArtist","Wandering Minibosses"],"gold_per_floor":[118,132,143,143,157,157,183,183,183,183,195,229,229,258,258,363,363,363,59,59,59,59,59,59,59,59,59,59,59,11,11,11,11,11,11,11,11,11,11,11,11,11,11,11,11,11,11,11,11,11],"floor_reached":51,"language":"ENG","playtime":3259,"items_purged":[],"score":812,"play_id":"41602a65-9aec-44cf-b457-0424efe678bf","local_time":"20210115202734","is_ascension_mode":false,"campfire_choices":[{"data":"Koishi:ReleaseOfTheId","floor":6,"key":"SMITH"},{"data":"Koishi:EmbersOfLove","floor":8,"key":"SMITH"},{"data":"Koishi:Ego","floor":13,"key":"SMITH"},{"data":"Koishi:FreudianInstinct","floor":15,"key":"SMITH"},{"data":"Koishi:FidgetySnatcher","floor":25,"key":"SMITH"},{"floor":32,"key":"REST"},{"floor":40,"key":"REST"},{"data":"Koishi:RorschachInDanmaku","floor":45,"key":"SMITH"},{"data":"Koishi:SubconsciousSweep","floor":49,"key":"SMITH"}],"circlet_count":0,"master_deck":["Koishi:BasicStrike","Koishi:BasicStrike","Koishi:BasicStrike","Koishi:BasicStrike","Koishi:BasicDefend","Koishi:BasicDefend","Koishi:BasicDefend","Koishi:BasicDefend","Koishi:Provoke","Koishi:FadingMemory","Koishi:ReleaseOfTheId+1","Koishi:UnconsciousUprising","Koishi:SubconsciousSweep","Koishi:SubconsciousSweep","Koishi:EmbersOfLove+1","Koishi:FreudianInstinct+1","Koishi:Ego+1","Koishi:PhantomBarrier","Koishi:RoseHell","Koishi:RorschachInDanmaku+1","Koishi:HeartAttack","Koishi:RorschachInDanmaku+1","Koishi:BramblyRoseGarden+1","Koishi:FidgetySnatcher+1","Koishi:SubconsciousSweep","Koishi:LastRemote","Koishi:FreudianInstinct","Koishi:SubconsciousSweep+1","Koishi:GrowingPain","Koishi:Prune","Koishi:ReflexRadar+1","Koishi:PhantomBarrier+1"],"relics":["Koishi:ImaginaryFriend","Koishi:EchoesOfADeadGirl","Eternal Feather","Omamori","Girya","Ectoplasm","Strange Spoon","HandDrill","Letter Opener","Koishi:ImperfectMetamorphosis","Mango","Koishi:TeethAndClaws","Dream Catcher","Tea:ReiMu","Gensokyo:ChorusOfJoy","Busted Crown","Bottled Flame","Nunchaku","Bromod:ArcaneNullifier"],"acts_visited":["Gensokyo:Gensokyo","Gensokyo:Gensokyoer","Gensokyo:Gensokyoest"],"potions_floor_usage":[33,33,33,39,39,44],"damage_taken":[{"damage":4,"enemies":"Gensokyo:Python","floor":1,"turns":4},{"damage":1,"enemies":"Gensokyo:2_Kodama","floor":2,"turns":5},{"damage":0,"enemies":"Gensokyo:3_Fairies","floor":3,"turns":5},{"damage":9,"enemies":"Gensokyo:3_Kodama","floor":5,"turns":4},{"damage":5,"enemies":"Gensokyo:Cirno","floor":7,"turns":5},{"damage":5,"enemies":"Gensokyo:Python_and_Kodama","floor":11,"turns":4},{"damage":5,"enemies":"Gensokyo:Mamizou","floor":12,"turns":8},{"damage":16,"enemies":"Gensokyo:Cirno","floor":14,"turns":5},{"damage":0,"enemies":"Gensokyo:Reimu","floor":16,"turns":4},{"damage":0,"enemies":"Gensokyo:CosmicMonolith","floor":18,"turns":5},{"damage":2,"enemies":"Gensokyo:Chomper","floor":21,"turns":5},{"damage":30,"enemies":"Gensokyo:Chomper","floor":22,"turns":8},{"damage":1,"enemies":"Gensokyo:Reisen","floor":23,"turns":6},{"damage":37,"enemies":"Gensokyo:Slime_Group","floor":27,"turns":6},{"damage":22,"enemies":"Gensokyo:Koishi","floor":28,"turns":8},{"damage":6,"enemies":"Gensokyo:Wraith","floor":29,"turns":4},{"damage":15,"enemies":"Gensokyo:Eiki","floor":33,"turns":9},{"damage":0,"enemies":"Gensokyo:AncientGuardian","floor":35,"turns":4},{"damage":23,"enemies":"Gensokyo:3_Boulders","floor":36,"turns":4},{"damage":14,"enemies":"Gensokyo:4_Bats","floor":38,"turns":4},{"damage":25,"enemies":"Gensokyo:Rafflesia","floor":39,"turns":8},{"damage":0,"enemies":"Gensokyo:SeedOfUnknown","floor":41,"turns":7},{"damage":15,"enemies":"Gensokyo:4_Bats","floor":42,"turns":3},{"damage":36,"enemies":"Gensokyo:Rafflesia","floor":44,"turns":8},{"damage":17,"enemies":"Gensokyo:Marisa","floor":46,"turns":6},{"damage":12,"enemies":"Gensokyo:Shinki","floor":50,"turns":8}],"seed_played":"4589885944453648135","potions_obtained":[{"floor":1,"key":"Explosive Potion"},{"floor":11,"key":"ZuzhouPotion:ReiMu"},{"floor":16,"key":"Explosive Potion"},{"floor":33,"key":"sneckomod:MuddlingPotion"},{"floor":35,"key":"ColorlessPotion"},{"floor":38,"key":"ColorlessPotion"},{"floor":39,"key":"LiquidMemories"},{"floor":41,"key":"DuplicationPotion"},{"floor":42,"key":"AttackPotion"}],"is_trial":false,"path_per_floor":["M","M","M","T","M","R","E","R","T","?","M","E","R","E","R","B",null,"M","COS","T","M","?","E","?","R","T","M","E","M","$","?","R","B",null,"M","M","?","M","M","R","M","M","T","M","R","E","?","?","R","B",null],"character_chosen":"KOISHI","items_purchased":["Koishi:SubconsciousSweep"],"campfire_rested":2,"item_purchase_floors":[30],"current_hp_per_floor":[58,59,59,59,50,50,45,54,54,60,55,50,59,43,52,53,60,60,60,60,59,44,43,59,71,71,34,12,6,6,6,65,50,74,74,51,51,37,12,74,74,59,59,23,63,46,46,46,74,62],"gold":11,"neow_bonus":"ONE_RANDOM_RARE_CARD","is_daily":false,"chose_seed":false,"campfire_upgraded":7,"win_rate":0.0,"timestamp":1610742454,"path_taken":["M","M","M","?","M","R","E","R","T","?","M","E","R","E","R","BOSS","M","COS","?","M","?","E","?","R","T","M","E","?","?","?","R","BOSS","M","M","?","M","M","R","M","M","T","M","R","E","?","?","R","BOSS"],"items_purchased_type":["Card"],"build_version":"2020-12-22","purchased_purges":0,"victory":true,"max_hp_per_floor":[60,60,60,60,60,60,60,60,60,60,60,60,60,60,60,60,60,60,60,60,60,74,74,74,74,74,74,74,74,74,74,74,74,74,74,74,74,74,74,74,74,74,74,74,74,74,74,74,74,74],"card_choices":[{"not_picked":["Koishi:CatchAndRose","Koishi:SubconsciousSweep"],"picked":"Koishi:ReleaseOfTheId","floor":1},{"not_picked":["Koishi:SpiritedAway","Koishi:ReflexRadar"],"picked":"Koishi:UnconsciousUprising","floor":2},{"not_picked":["Koishi:SpiritedAway","Koishi:EmbryosDream"],"picked":"Koishi:SubconsciousSweep","floor":3},{"not_picked":["Koishi:Vanish","Koishi:Whimsy"],"picked":"Koishi:SubconsciousSweep","floor":5},{"not_picked":["Koishi:UnseenTerror","Koishi:BramblyRoseGarden"],"picked":"Koishi:EmbersOfLove","floor":7},{"not_picked":["Koishi:GeneticsOfTheUnconscious","Koishi:SpiritedAway"],"picked":"Koishi:FreudianInstinct","floor":11},{"not_picked":["Koishi:DNAsFlaw","Koishi:HeartfeltFancy"],"picked":"Koishi:Ego","floor":12},{"not_picked":["Koishi:ReflexRadar","Koishi:ParalyzingFear"],"picked":"Koishi:PhantomBarrier","floor":14},{"not_picked":["Koishi:Ego","Koishi:ConditionedTeleport"],"picked":"Koishi:RoseHell","floor":16},{"not_picked":["Koishi:Jaunt","Koishi:TremblingHands"],"picked":"Koishi:RorschachInDanmaku+1","floor":18},{"not_picked":["Koishi:GeneticsOfTheUnconscious","Koishi:HeartfeltFancy"],"picked":"Koishi:ParalyzingFear","floor":21},{"not_picked":["Koishi:EmbryosDream","Koishi:RuptureMind"],"picked":"Koishi:BramblyRoseGarden+1","floor":22},{"not_picked":["Koishi:SubconsciousSweep","Koishi:RacingHeart"],"picked":"Koishi:FidgetySnatcher","floor":23},{"not_picked":["Koishi:Catatonia+1","Koishi:IdleWhim+1"],"picked":"Koishi:SubconsciousSweep","floor":27},{"not_picked":["Koishi:ReflexRadar","Koishi:PhantomStrike"],"picked":"Koishi:LastRemote","floor":28},{"not_picked":["Koishi:JumpScare","Koishi:ApparitionsStalkTheNight"],"picked":"Koishi:FreudianInstinct","floor":29},{"not_picked":["Koishi:TerrifyingSpectre","Koishi:ImGoingToCallYouNow"],"picked":"Koishi:GrowingPain","floor":33},{"not_picked":[],"picked":"Koishi:Prune","floor":35},{"not_picked":["Koishi:TremblingHands"],"picked":"SKIP","floor":36},{"not_picked":["Koishi:DNAsFlaw+1"],"picked":"SKIP","floor":38},{"not_picked":["Koishi:Catatonia+1"],"picked":"SKIP","floor":39},{"not_picked":[],"picked":"Koishi:ReflexRadar+1","floor":40},{"not_picked":["Koishi:SpiritedAway"],"picked":"SKIP","floor":41},{"not_picked":["Koishi:DanmakuParanoia"],"picked":"SKIP","floor":42},{"not_picked":[],"picked":"Koishi:PhantomBarrier+1","floor":44},{"not_picked":["Koishi:PhantomBarrier"],"picked":"SKIP","floor":46}],"player_experience":253385,"relics_obtained":[{"floor":4,"key":"Koishi:EchoesOfADeadGirl"},{"floor":7,"key":"Eternal Feather"},{"floor":9,"key":"Omamori"},{"floor":12,"key":"Girya"},{"floor":14,"key":"Happy Flower"},{"floor":20,"key":"Letter Opener"},{"floor":22,"key":"Koishi:ImperfectMetamorphosis"},{"floor":22,"key":"Mango"},{"floor":23,"key":"Koishi:TeethAndClaws"},{"floor":26,"key":"Dream Catcher"},{"floor":28,"key":"Tea:ReiMu"},{"floor":43,"key":"Bottled Flame"},{"floor":46,"key":"Nunchaku"}],"event_choices":[],"is_beta":false,"boss_relics":[{"not_picked":["Runic Pyramid","Runic Dome"],"picked":"Ectoplasm"},{"not_picked":["Bromod:ArcaneGrace","SlaversCollar"],"picked":"Busted Crown"}],"items_purged_floors":[],"is_endless":false,"potions_floor_spawned":[1,11,16,22,33,35,38,39,41,42],"ascension_level":0}}