{"host":"t9zjxed0utvsfjwc","time":1610689588,"event":{"mods":["2.2 Compatiblity","Aspiration","BaseMod","Block Reminder","Colored Map","Colored Powertips","Highlight Path","Hubris","Infinite Spire","Minty Spire (QoL Compilation)","Quick Restart","Replay The Spire","StSLib","The Marked","Unceasing Turn Reminder","everything is the same but u backflip on backflip"],"gold_per_floor":[115,115,115,115,126,151,165,195,272,300,81,81,112,127,127,226,226,244,244,244,260,278,310,310,343,423,448,94,106,106,122,122,226,326,366,409,409,453,496,496,496],"floor_reached":40,"language":"ENG","playtime":3170,"items_purged":["ReplayTheSpireMod:Shiv Toss","ReplayTheSpireMod:Doomed"],"score":761,"play_id":"6f76212e-00f2-40b0-be2c-e7dffa21d242","local_time":"20210115054628","is_ascension_mode":true,"campfire_choices":[{"floor":12,"key":"REST"},{"data":"FlurryOfBlows","floor":15,"key":"SMITH"},{"data":"FlurryOfBlows","floor":30,"key":"SMITH"},{"floor":32,"key":"DIG"}],"circlet_count":0,"master_deck":["Strike_P","Strike_P","Strike_P","Strike_P","Defend_P","Eruption+1","Vigilance+1","Prostrate","Phantasmal Killer","Concentrate+1","CrushJoints+1","EmptyFist","EmptyBody","FlurryOfBlows+1","LessonLearned","AbeCurse","FlurryOfBlows+1","EmptyBody+1","DevaForm+1","FlurryOfBlows+1","JustLucky+1","Parasite","WindmillStrike+1"],"relics":["PureWater","aspiration:Nostalgia","Burning Blood","hubris:Towel","infinitespire:Lucky Rock","Ice Cream","aspiration:FrozenJewel","Blood Vial","Vajra","Bag of Marbles","Abe\u0027s Treasure","Replay:Baseball","aspiration:TomeofQuesting","Damaru","aspiration:HummingbirdHeart","Boot","Gremlin Horn","Golden Egg","infinitespire:EvilPickle","Replay:Wanted Poster"],"acts_visited":["Exordium","TheCity","TheBeyond"],"potions_floor_usage":[6,10,13,18,22,23,27,39,39,40],"damage_taken":[{"damage":1,"enemies":"Jaw Worm","floor":1,"turns":4},{"damage":0,"enemies":"2 Louse","floor":5,"turns":3},{"damage":0,"enemies":"Lagavulin","floor":6,"turns":3},{"damage":0,"enemies":"Cultist","floor":7,"turns":2},{"damage":32,"enemies":"Gremlin Nob","floor":8,"turns":3},{"damage":20,"enemies":"3 Sentries","floor":10,"turns":5},{"damage":0,"enemies":"Gremlin Nob","floor":13,"turns":3},{"damage":0,"enemies":"Looter","floor":14,"turns":2},{"damage":25,"enemies":"The Guardian","floor":16,"turns":3},{"damage":11,"enemies":"2 Thieves","floor":18,"turns":3},{"damage":0,"enemies":"Spheric Guardian","floor":21,"turns":2},{"damage":0,"enemies":"Chosen and Byrds","floor":22,"turns":2},{"damage":25,"enemies":"Slavers","floor":23,"turns":3},{"damage":0,"enemies":"Gremlin Leader","floor":25,"turns":2},{"damage":21,"enemies":"Book of Stabbing","floor":27,"turns":5},{"damage":0,"enemies":"Snake Plant","floor":29,"turns":3},{"damage":0,"enemies":"Snecko","floor":31,"turns":2},{"damage":5,"enemies":"Pondfish","floor":33,"turns":8},{"damage":8,"enemies":"Orb Walker","floor":35,"turns":2},{"damage":3,"enemies":"3 Darklings","floor":36,"turns":2},{"damage":12,"enemies":"Writhing Mass","floor":38,"turns":5},{"damage":13,"enemies":"Spire Growth","floor":39,"turns":4},{"damage":81,"enemies":"Nightmare","floor":40,"turns":6}],"seed_played":"4040744822729306670","potions_obtained":[{"floor":1,"key":"FearPotion"},{"floor":8,"key":"Explosive Potion"},{"floor":10,"key":"Strength Potion"},{"floor":13,"key":"Swift Potion"},{"floor":16,"key":"SkillPotion"},{"floor":18,"key":"Explosive Potion"},{"floor":25,"key":"Weak Potion"},{"floor":37,"key":"Weak Potion"},{"floor":37,"key":"Strength Potion"},{"floor":37,"key":"LiquidMemories"}],"is_trial":false,"path_per_floor":["M","?","?","?","M","E","M","E","T","E","$","R","E","M","R","B",null,"M","?","?","M","M","E","?","E","T","E","$","M","R","M","R_BF","B",null,"M","M","?","M","M","NM"],"character_chosen":"WATCHER","items_purchased":["Vajra","Gremlin Horn"],"campfire_rested":1,"item_purchase_floors":[11,28],"current_hp_per_floor":[72,72,72,72,72,72,72,46,46,32,32,53,61,69,69,52,72,67,67,82,82,82,63,63,71,71,58,58,66,66,74,74,77,82,80,82,82,76,71,0,0],"gold":496,"neow_bonus":"NOSTALGIA","is_daily":false,"chose_seed":false,"campfire_upgraded":2,"win_rate":0.0,"timestamp":1610689588,"path_taken":["M","?","?","?","M","E","M","E","T","E","$","R","E","M","R","BOSS","M","?","?","M","?","E","?","E","T","E","?","M","R","M","R_BF","BOSS","M","M","?","M","?","NM"],"items_purchased_type":["Relic","Relic"],"build_version":"2020-12-22","purchased_purges":2,"victory":false,"max_hp_per_floor":[72,72,72,72,72,72,72,72,72,72,72,72,72,72,72,72,72,72,72,82,82,82,82,82,82,82,82,82,82,82,82,82,82,82,82,82,82,82,82,82,82],"card_choices":[{"not_picked":["Replay:Battleflow","Protect"],"picked":"Prostrate","floor":1},{"not_picked":["Replay:Anticipation","Evaluate"],"picked":"CrushJoints","floor":5},{"not_picked":["Weave","Fasting2"],"picked":"EmptyFist","floor":6},{"not_picked":["Alpha","FlyingSleeves"],"picked":"EmptyBody","floor":7},{"not_picked":["Protect","Halt","Replay:BluntJabs"],"picked":"SKIP","floor":8},{"not_picked":["Halt","Replay:BluntJabs"],"picked":"Brilliance","floor":10},{"not_picked":["Replay:AtTheReady","WheelKick"],"picked":"FlurryOfBlows","floor":13},{"not_picked":["Sanctity","FlyingSleeves","SignatureMove"],"picked":"SKIP","floor":14},{"not_picked":["Replay:LoomingThreat","Omniscience"],"picked":"LessonLearned","floor":16},{"not_picked":["FollowUp","Protect","Swivel"],"picked":"SKIP","floor":18},{"not_picked":["FollowUp","Protect","Swivel"],"picked":"SKIP","floor":18},{"not_picked":["Ragnarok","Tantrum","Wallop"],"picked":"SKIP","floor":21},{"not_picked":["FollowUp","JustLucky+1"],"picked":"FlurryOfBlows","floor":22},{"not_picked":["JustLucky","InnerPeace+1","Prostrate"],"picked":"SKIP","floor":23},{"not_picked":["Replay:AtTheReady","Replay:Hum","Consecrate"],"picked":"SKIP","floor":25},{"not_picked":["Adaptation","ConjureBlade","Vengeance+1"],"picked":"SKIP","floor":27},{"not_picked":["Prostrate","ThirdEye"],"picked":"EmptyBody+1","floor":29},{"not_picked":["Consecrate","Evaluate+1","Indignation"],"picked":"SKIP","floor":31},{"not_picked":["Judgement","Brilliance"],"picked":"DevaForm","floor":33},{"not_picked":["Replay:BluntJabs+1","PathToVictory+1"],"picked":"FlurryOfBlows+1","floor":35},{"not_picked":["WreathOfFlame+1","FearNoEvil"],"picked":"JustLucky+1","floor":36},{"not_picked":["Adaptation","ForeignInfluence","Collect+1"],"picked":"SKIP","floor":38},{"not_picked":["LikeWater+1","FollowUp"],"picked":"WindmillStrike+1","floor":39}],"player_experience":307815,"relics_obtained":[{"floor":6,"key":"infinitespire:Lucky Rock"},{"floor":8,"key":"Ice Cream"},{"floor":9,"key":"aspiration:FrozenJewel"},{"floor":10,"key":"Blood Vial"},{"floor":13,"key":"Bag of Marbles"},{"floor":23,"key":"Replay:Baseball"},{"floor":25,"key":"Damaru"},{"floor":26,"key":"aspiration:HummingbirdHeart"},{"floor":27,"key":"Boot"},{"floor":32,"key":"Golden Egg"}],"event_choices":[{"cards_removed":["Brilliance"],"damage_healed":5,"gold_gain":0,"player_choice":"Offered Rare","damage_taken":0,"max_hp_gain":10,"max_hp_loss":0,"event_name":"Bonfire Elementals","floor":20,"gold_loss":0},{"damage_healed":0,"gold_gain":0,"player_choice":"Got Potions","damage_taken":0,"max_hp_gain":0,"max_hp_loss":0,"event_name":"Lab","floor":37,"gold_loss":0}],"is_beta":false,"boss_relics":[{"not_picked":["Astrolabe","aspiration:RunicSpoon"],"picked":"Abe\u0027s Treasure"},{"not_picked":["Velvet Choker","SlaversCollar"],"picked":"Replay:Wanted Poster"}],"items_purged_floors":[11,28],"is_endless":false,"potions_floor_spawned":[1,8,10,13,16,18,25,38],"killed_by":"Nightmare","ascension_level":1}}