{"host":"y193d0agu1dp5x1y","time":1610686694,"event":{"mods":["AchievementEnabler","BaseMod","Googly Eyes","Minty Spire (QoL Compilation)"],"gold_per_floor":[112,62,62,62,10,10,27,27,50,125,153,169,169,187,187,286,286,301,317,317,317,331,331,342,35,35,35,45,45,45,45],"floor_reached":30,"language":"ENG","playtime":943,"items_purged":["Strike_B"],"score":253,"play_id":"ef80f59d-d180-44f4-b092-9da54dae8846","local_time":"20210114225814","is_ascension_mode":false,"campfire_choices":[{"data":"Beam Cell","floor":6,"key":"SMITH"},{"data":"Go for the Eyes","floor":13,"key":"SMITH"},{"data":"Steam","floor":15,"key":"SMITH"},{"data":"Ball Lightning","floor":23,"key":"SMITH"},{"data":"Storm","floor":27,"key":"SMITH"}],"circlet_count":0,"master_deck":["Strike_B","Defend_B","Defend_B","Defend_B","Defend_B","Zap+1","Beam Cell+1","Steam+1","Go for the Eyes+1","Seek","Ball Lightning+1","Beam Cell","Steam","Storm","Storm+1","Gash","Meteor Strike"],"relics":["Cracked Core","NeowsBlessing","Nunchaku","Pear","SlaversCollar","Gremlin Horn","Tiny Chest","InkBottle"],"acts_visited":["Exordium","TheCity"],"potions_floor_usage":[16,16,16,18,22,24],"damage_taken":[{"damage":0,"enemies":"Cultist","floor":1,"turns":1},{"damage":0,"enemies":"2 Louse","floor":7,"turns":1},{"damage":0,"enemies":"Lagavulin","floor":11,"turns":1},{"damage":2,"enemies":"Small Slimes","floor":12,"turns":3},{"damage":1,"enemies":"Exordium Wildlife","floor":14,"turns":4},{"damage":38,"enemies":"Slime Boss","floor":16,"turns":10},{"damage":12,"enemies":"2 Thieves","floor":18,"turns":4},{"damage":0,"enemies":"Chosen","floor":19,"turns":4},{"damage":17,"enemies":"Snake Plant","floor":22,"turns":4},{"damage":6,"enemies":"Centurion and Healer","floor":24,"turns":5},{"damage":40,"enemies":"Sentry and Sphere","floor":28,"turns":6},{"damage":10,"enemies":"3 Cultists","floor":30,"turns":3}],"seed_played":"8180660876884905059","potions_obtained":[{"floor":4,"key":"Fire Potion"},{"floor":4,"key":"DistilledChaos"},{"floor":4,"key":"SneckoOil"},{"floor":11,"key":"DuplicationPotion"},{"floor":16,"key":"Explosive Potion"},{"floor":19,"key":"Weak Potion"},{"floor":22,"key":"Energy Potion"}],"is_trial":false,"path_per_floor":["M","?","?","?","$","R","M","$","T","?","E","M","R","M","R","B",null,"M","M","?","T","M","R","M","$","T","R","M","?","M"],"character_chosen":"DEFECT","items_purchased":["Beam Cell","Storm","Tiny Chest"],"campfire_rested":0,"item_purchase_floors":[5,25,25],"current_hp_per_floor":[75,75,75,75,75,75,75,75,75,64,74,72,72,71,71,33,85,73,73,73,73,56,56,50,50,50,50,10,10,0,0],"gold":45,"neow_bonus":"THREE_ENEMY_KILL","is_daily":false,"chose_seed":false,"campfire_upgraded":5,"win_rate":0.0,"timestamp":1610686694,"path_taken":["M","?","?","?","$","R","?","?","T","?","E","M","R","M","R","BOSS","M","M","?","?","M","R","M","$","T","R","M","?","?"],"items_purchased_type":["Card","Card","Relic"],"build_version":"2020-12-22","purchased_purges":1,"victory":false,"max_hp_per_floor":[75,75,75,75,75,75,75,75,75,75,85,85,85,85,85,85,85,85,85,85,85,85,85,85,85,85,85,85,85,85,85],"card_choices":[{"not_picked":["Cold Snap","Sweeping Beam","Undo"],"picked":"SKIP","floor":1},{"not_picked":["Beam Cell","Auto Shields","Rebound"],"picked":"SKIP","floor":7},{"not_picked":["Heatsinks","Barrage"],"picked":"Steam","floor":11},{"not_picked":["Sweeping Beam","Stack"],"picked":"Go for the Eyes","floor":12},{"not_picked":["Stack","Cold Snap","Hologram"],"picked":"SKIP","floor":14},{"not_picked":["Multi-Cast","Thunder Strike"],"picked":"Seek","floor":16},{"not_picked":["Hologram+1","Chill"],"picked":"Ball Lightning","floor":18},{"not_picked":["Static Discharge","Sunder"],"picked":"Beam Cell","floor":19},{"not_picked":["Cold Snap","Beam Cell+1"],"picked":"Steam","floor":22},{"not_picked":["Sweeping Beam","Compile Driver"],"picked":"Storm","floor":24},{"not_picked":["Rebound","Coolheaded","Beam Cell"],"picked":"SKIP","floor":28}],"player_experience":92844,"relics_obtained":[{"floor":9,"key":"Nunchaku"},{"floor":11,"key":"Pear"},{"floor":21,"key":"Gremlin Horn"},{"floor":26,"key":"InkBottle"}],"event_choices":[{"cards_removed":["Dualcast"],"damage_healed":0,"gold_gain":0,"player_choice":"Card Removal","damage_taken":0,"max_hp_gain":0,"max_hp_loss":0,"event_name":"The Cleric","floor":2,"gold_loss":50},{"damage_healed":0,"gold_gain":0,"player_choice":"Grow","damage_taken":0,"max_hp_gain":0,"max_hp_loss":0,"event_name":"Living Wall","floor":3,"gold_loss":0,"cards_upgraded":["Zap"]},{"damage_healed":0,"gold_gain":0,"player_choice":"Got Potions","damage_taken":0,"max_hp_gain":0,"max_hp_loss":0,"event_name":"Lab","floor":4,"gold_loss":0},{"damage_healed":0,"gold_gain":75,"player_choice":"Gather Gold","damage_taken":11,"max_hp_gain":0,"max_hp_loss":0,"event_name":"World of Goop","floor":10,"gold_loss":0},{"damage_healed":0,"gold_gain":0,"player_choice":"Ignored","damage_taken":0,"max_hp_gain":0,"max_hp_loss":0,"event_name":"Ghosts","floor":20,"gold_loss":0},{"damage_healed":0,"gold_gain":0,"cards_transformed":["Strike_B","Strike_B"],"player_choice":"Became Test Subject","damage_taken":0,"max_hp_gain":0,"max_hp_loss":0,"event_name":"Drug Dealer","floor":29,"gold_loss":0,"cards_obtained":["Gash","Meteor Strike"]}],"is_beta":false,"boss_relics":[{"not_picked":["Inserter","Cursed Key"],"picked":"SlaversCollar"}],"items_purged_floors":[25],"is_endless":false,"potions_floor_spawned":[7,11,16,19,22],"killed_by":"3 Cultists","ascension_level":0}}