{"host":"i0avyit1s6jb1siw","time":1610744220,"event":{"mods":["BaseMod","DeckTracker","Dota2Spire","Highlight Path","Minty Spire (QoL Compilation)","Quick Restart","StSLib","SuperFastMode"],"gold_per_floor":[118,136,151,76,76,409,409,440,515,485,485,503,503,503],"floor_reached":13,"language":"ENG","playtime":213,"items_purged":["Defend_P"],"score":190,"play_id":"e89bbca7-387d-469c-ac12-a401e7d6e39b","local_time":"20210115215700","is_ascension_mode":true,"campfire_choices":[{"floor":7,"key":"REST"}],"circlet_count":0,"master_deck":["AscendersBane","Strike_P","Strike_P","Strike_P","Strike_P","Defend_P","Defend_P","Defend_P","Eruption+1","Vigilance","Adaptation","ForeignInfluence"],"relics":["PureWater","Old Coin","Omamori","Pear"],"acts_visited":["Exordium"],"potions_floor_usage":[7,13],"damage_taken":[{"damage":12,"enemies":"Small Slimes","floor":1,"turns":4},{"damage":3,"enemies":"2 Louse","floor":2,"turns":4},{"damage":0,"enemies":"Cultist","floor":3,"turns":3},{"damage":37,"enemies":"3 Sentries","floor":6,"turns":9},{"damage":16,"enemies":"Gremlin Nob","floor":8,"turns":3},{"damage":18,"enemies":"Exordium Thugs","floor":10,"turns":4},{"damage":11,"enemies":"Looter","floor":12,"turns":3},{"damage":27,"enemies":"3 Sentries","floor":13,"turns":3}],"seed_played":"4389093075003468626","potions_obtained":[{"floor":3,"key":"Dota2Spire:Clarity"},{"floor":6,"key":"Fruit Juice"},{"floor":10,"key":"Strength Potion"}],"is_trial":false,"path_per_floor":["M","M","M","$","?","E","R","E","T","M","?","M","E"],"character_chosen":"WATCHER","items_purchased":[],"campfire_rested":1,"item_purchase_floors":[],"current_hp_per_floor":[49,46,46,46,46,9,35,19,29,11,38,27,0,0],"gold":503,"neow_bonus":"UPGRADE_CARD","is_daily":false,"chose_seed":false,"campfire_upgraded":0,"win_rate":0.0,"timestamp":1610744220,"path_taken":["M","M","M","$","?","E","R","E","T","M","?","M","E"],"items_purchased_type":[],"build_version":"2020-12-22","purchased_purges":1,"victory":false,"max_hp_per_floor":[68,68,68,68,68,68,73,73,83,83,83,83,83,83],"card_choices":[{"not_picked":["EmptyBody","Perseverance"],"picked":"Adaptation","floor":1},{"not_picked":["Evaluate","SignatureMove","WreathOfFlame"],"picked":"SKIP","floor":2},{"not_picked":["Halt","Collect","ThirdEye"],"picked":"SKIP","floor":3},{"not_picked":["WreathOfFlame","Prostrate","FlyingSleeves"],"picked":"SKIP","floor":6},{"not_picked":["Evaluate","Nirvana","FlyingSleeves"],"picked":"SKIP","floor":8},{"not_picked":["Evaluate","LikeWater"],"picked":"ForeignInfluence","floor":10},{"not_picked":["Protect","Prostrate","Study"],"picked":"SKIP","floor":12}],"player_experience":2254472,"relics_obtained":[{"floor":6,"key":"Old Coin"},{"floor":8,"key":"Omamori"},{"floor":9,"key":"Pear"}],"event_choices":[{"damage_healed":0,"gold_gain":0,"player_choice":"Ignored","damage_taken":0,"max_hp_gain":0,"max_hp_loss":0,"event_name":"Liars Game","floor":5,"gold_loss":0},{"damage_healed":27,"gold_gain":0,"player_choice":"Banana","damage_taken":0,"max_hp_gain":0,"max_hp_loss":0,"event_name":"Big Fish","floor":11,"gold_loss":0}],"is_beta":false,"boss_relics":[],"items_purged_floors":[4],"is_endless":false,"potions_floor_spawned":[3,6,10],"killed_by":"3 Sentries","ascension_level":20}}