{"host":"i09pxcjttd31eh4q","time":1610726876,"event":{"mods":["AchievementEnabler","BaseMod","Colored Map","Keyboard Shortcuts","Minty Spire (QoL Compilation)","StSLib","SuperFastMode"],"gold_per_floor":[109,109,34,53,67,67,67,80,80,80,80,96,116,134,134,210,210,223,223,223,197,38,38,88,88,88,88,88],"floor_reached":27,"language":"KOR","playtime":567,"items_purged":["Defend_G","Writhe"],"score":406,"play_id":"c0cf09da-b2b0-4687-9f53-5ee5ee15f733","local_time":"20210116010756","is_ascension_mode":true,"campfire_choices":[{"data":"Noxious Fumes","floor":6.0,"key":"SMITH"},{"data":"Dagger Throw","floor":10.0,"key":"SMITH"},{"data":"Blade Dance","floor":15.0,"key":"SMITH"},{"data":"Ghostly","floor":23.0,"key":"SMITH"},{"data":"Ghostly","floor":25,"key":"SMITH"}],"circlet_count":0,"master_deck":["AscendersBane","Strike_G","Strike_G","Strike_G","Defend_G","Defend_G","Defend_G","Survivor","Neutralize+1","Deflect","Dagger Throw+1","Noxious Fumes+1","Calculated Gamble","Predator","Blade Dance+1","Ghostly","Ghostly+1","Ghostly+1","Acrobatics"],"relics":["Ring of the Snake","TungstenRod","SacredBark","Calipers","WingedGreaves"],"acts_visited":["Exordium","TheCity"],"potions_floor_usage":[],"damage_taken":[{"damage":0.0,"enemies":"Jaw Worm","floor":1.0,"turns":7.0},{"damage":4.0,"enemies":"Small Slimes","floor":4.0,"turns":5.0},{"damage":0.0,"enemies":"2 Louse","floor":5.0,"turns":3.0},{"damage":15.0,"enemies":"Exordium Thugs","floor":8.0,"turns":6.0},{"damage":1.0,"enemies":"Looter","floor":12.0,"turns":4.0},{"damage":0.0,"enemies":"Blue Slaver","floor":13.0,"turns":4.0},{"damage":7.0,"enemies":"Lots of Slimes","floor":14.0,"turns":4.0},{"damage":24.0,"enemies":"Slime Boss","floor":16.0,"turns":9.0},{"damage":37.0,"enemies":"Spheric Guardian","floor":18.0,"turns":6.0},{"damage":0.0,"enemies":"2 Thieves","floor":21.0,"turns":4.0},{"damage":16,"enemies":"Snecko","floor":27,"turns":4}],"seed_played":"1018122777851430328","potions_obtained":[{"floor":5.0,"key":"DistilledChaos"},{"floor":12.0,"key":"SkillPotion"},{"floor":13.0,"key":"ColorlessPotion"}],"is_trial":false,"path_per_floor":["M","?","$","M","M","R","?","M","T","R","?","M","M","M","R","B",null,"M","?","?","M","$","R","?","R","T","M"],"character_chosen":"THE_SILENT","items_purchased":["Acrobatics"],"campfire_rested":0,"item_purchase_floors":[22],"current_hp_per_floor":[59,64,64,60,60,60,53,38,38,38,38,37,37,30,30,6,50,13,13,13,13,13,13,11,11,11,0,0],"gold":88,"neow_bonus":"REMOVE_TWO","is_daily":false,"chose_seed":false,"campfire_upgraded":5,"win_rate":0.0,"timestamp":1610726876,"path_taken":["M","?","$","M","M","R","?","M","T","R","?","M","M","M","R","BOSS","M","?","?","M","$","R","?","R","T","M"],"items_purchased_type":["Card"],"build_version":"2020-12-22","purchased_purges":2,"victory":false,"max_hp_per_floor":[60,65,65,65,65,65,65,65,65,65,65,65,65,65,65,65,65,65,65,32,32,32,32,32,32,32,32,32],"card_choices":[{"not_picked":["Sucker Punch","PiercingWail"],"picked":"Deflect","floor":1.0},{"not_picked":["Flechettes","Sucker Punch"],"picked":"Dagger Throw","floor":4.0},{"not_picked":["PiercingWail","Crippling Poison"],"picked":"Noxious Fumes","floor":5.0},{"not_picked":["Concentrate","Dodge and Roll"],"picked":"Calculated Gamble","floor":8.0},{"not_picked":["Bane","Dagger Throw"],"picked":"Predator","floor":12.0},{"not_picked":["Bane","PiercingWail"],"picked":"Blade Dance","floor":13.0},{"not_picked":["Dagger Throw","Slice","Outmaneuver"],"picked":"SKIP","floor":14.0},{"not_picked":["Blade Dance","Outmaneuver","Dagger Throw"],"picked":"SKIP","floor":18.0},{"not_picked":["Dagger Spray+1","Underhanded Strike","Calculated Gamble"],"picked":"SKIP","floor":21.0}],"player_experience":853039,"relics_obtained":[{"floor":9.0,"key":"TungstenRod"},{"floor":26,"key":"WingedGreaves"}],"event_choices":[{"damage_healed":0.0,"max_hp_gain":5.0,"max_hp_loss":0.0,"gold_gain":0.0,"event_name":"Big Fish","player_choice":"Donut","floor":2.0,"gold_loss":0.0,"damage_taken":0.0},{"cards_removed":["Strike_G"],"damage_healed":0.0,"max_hp_gain":0.0,"max_hp_loss":0.0,"gold_gain":0.0,"event_name":"Golden Wing","player_choice":"Card Removal","floor":7.0,"gold_loss":0.0,"damage_taken":7.0},{"damage_healed":0.0,"max_hp_gain":0.0,"max_hp_loss":0.0,"gold_gain":0.0,"event_name":"Upgrade Shrine","player_choice":"Upgraded","floor":11.0,"gold_loss":0.0,"damage_taken":0.0,"cards_upgraded":["Neutralize"]},{"damage_healed":0.0,"max_hp_gain":0.0,"max_hp_loss":0.0,"gold_gain":0.0,"event_name":"The Mausoleum","player_choice":"Opened","floor":19.0,"gold_loss":0.0,"damage_taken":0.0,"relics_obtained":["Calipers"],"cards_obtained":["Writhe"]},{"damage_healed":0.0,"max_hp_gain":0.0,"max_hp_loss":33.0,"gold_gain":0.0,"event_name":"Ghosts","player_choice":"Became a Ghost","floor":20.0,"gold_loss":0.0,"damage_taken":0.0,"cards_obtained":["Ghostly","Ghostly","Ghostly"]},{"damage_healed":0,"gold_gain":50,"player_choice":"Touch","damage_taken":3,"max_hp_gain":0,"max_hp_loss":0,"event_name":"FaceTrader","floor":24,"gold_loss":0}],"is_beta":false,"boss_relics":[{"not_picked":["SlaversCollar","Philosopher\u0027s Stone"],"picked":"SacredBark"}],"items_purged_floors":[3,22],"is_endless":false,"potions_floor_spawned":[5,12,13],"killed_by":"Snecko","ascension_level":20}}