{"host":"mkwa175kl1c2jyb4","time":1610711791,"event":{"mods":["2.2 Compatiblity","AchievementEnabler","Act Like it!","Arknights The Spire","BaseMod","Better Third Choice","BetterRewards","CapriCore","Colored Powertips","DeckTracker","Energized Spire","Friendly Minions","Gensokyo","Hubris","Infinite Spire","Minty Spire (QoL Compilation)","Quick Restart","Rare Cards Sparkle","Relic Stats","Replay The Spire","StSLib","SuperFastMode"],"gold_per_floor":[112,112,112,0,15,15,15,15,44,44,44,69,92,134,157,24,24,128,128,143,153,153,153],"floor_reached":22,"language":"ENG","playtime":1173,"items_purged":["ats:Defend"],"score":219,"play_id":"f581e866-7e00-45ed-8508-c655aabfce7a","local_time":"20210115065631","is_ascension_mode":false,"campfire_choices":[{"data":"Enlightenment","floor":6,"key":"SMITH"},{"data":"ats:Song Of Battle","floor":10,"key":"SMITH"},{"floor":17,"key":"REST"}],"circlet_count":0,"master_deck":["ats:Strike C","ats:Strike G","ats:Strike S","ats:Strike V","ats:Armor Crushing Shot","ats:Defend","ats:Defend","ats:Defend+1","ats:Emotion Absorption","ats:Poison Spread","Enlightenment+1","ats:Song Of Battle+1","ats:Soul Rend","ats:Chain Hook","ats:Hook Shot","ats:Cat Scratch","ats:Magnetic Hammer","ats:Nebulous Foxfire","ats:Closed Bolt Burst Fire","ats:Flexible Camouflage"],"relics":["ats:Sanity","NeowsBlessing","hubris:Icosahedron","ats:Originium","hubris:TenFootPole","MawBank","hubris:64BitClover","energizedSpire:OgreHead"],"acts_visited":["Exordium","TheCity"],"potions_floor_usage":[14,18,18],"damage_taken":[{"damage":0,"enemies":"2 Louse","floor":1,"turns":1},{"damage":0,"enemies":"Jaw Worm","floor":5,"turns":1},{"damage":0,"enemies":"Gremlin Nob","floor":9,"turns":1},{"damage":2,"enemies":"Cultist","floor":12,"turns":4},{"damage":19,"enemies":"2 Fungi Beasts","floor":13,"turns":5},{"damage":35,"enemies":"3 Sentries","floor":14,"turns":12},{"damage":2,"enemies":"Looter","floor":15,"turns":3},{"damage":35,"enemies":"The Guardian","floor":18,"turns":13},{"damage":34,"enemies":"2 Thieves","floor":20,"turns":4},{"damage":19,"enemies":"Spheric Guardian","floor":21,"turns":4},{"damage":31,"enemies":"3 Cultists","floor":22,"turns":4}],"seed_played":"6535250354561716168","potions_obtained":[{"floor":9,"key":"SpeedPotion"},{"floor":12,"key":"SteroidPotion"},{"floor":15,"key":"Fire Potion"},{"floor":18,"key":"ats:Emergency Sanity Potion"}],"is_trial":false,"path_per_floor":["M","?","?","?","M","R","PTL","PTL","E","R","T","M","M","E","M","$","R","B",null,"M","M","M"],"character_chosen":"DOCTOR_CLASS","items_purchased":["ats:Magnetic Hammer"],"campfire_rested":1,"item_purchase_floors":[16],"current_hp_per_floor":[72,72,72,78,78,78,78,78,78,78,78,76,59,24,22,22,45,13,78,45,26,0,0],"gold":153,"neow_bonus":"THREE_ENEMY_KILL","is_daily":false,"chose_seed":false,"campfire_upgraded":2,"win_rate":0.0,"timestamp":1610711791,"path_taken":["M","?","?","?","M","R","PTL","PTL","E","R","T","M","M","E","M","?","R","BOSS","M","?","M"],"items_purchased_type":["Card"],"build_version":"2020-12-22","purchased_purges":1,"victory":false,"max_hp_per_floor":[72,72,72,78,78,78,78,78,78,78,78,78,78,78,78,78,78,78,78,78,78,78,78],"relic_stats":{"counters":[11,52],"MawBank":60,"obtain_stats":[{"hubris:Icosahedron":2,"NeowsBlessing":0,"ats:Originium":9,"hubris:64BitClover":14,"hubris:TenFootPole":9,"energizedSpire:OgreHead":19,"ats:Sanity":0,"MawBank":11},{"hubris:Icosahedron":1,"NeowsBlessing":0,"ats:Originium":3,"hubris:64BitClover":6,"hubris:TenFootPole":3,"energizedSpire:OgreHead":8,"ats:Sanity":0,"MawBank":3},{"hubris:Icosahedron":1,"NeowsBlessing":0,"ats:Originium":3,"hubris:64BitClover":24,"hubris:TenFootPole":3,"energizedSpire:OgreHead":40,"ats:Sanity":0,"MawBank":3}]},"card_choices":[{"not_picked":["ats:Thermite Blade","ats:Flame Of Heaven"],"picked":"ats:Poison Spread","floor":1},{"not_picked":["ats:Revitalization","ats:Consecutive Shot Auto"],"picked":"ats:Song Of Battle","floor":5},{"not_picked":["ats:Closed Bolt Burst Fire","ats:Blood Oath"],"picked":"ats:Soul Rend","floor":9},{"not_picked":["ats:Sword Rain","ats:Flexible Camouflage"],"picked":"ats:Chain Hook","floor":12},{"not_picked":["ats:Composite Medical Shells","ats:Hammer On"],"picked":"ats:Hook Shot","floor":13},{"not_picked":["ats:Hammer On","ats:Counter Healing Mode","ats:Explosion Area Strengthen"],"picked":"SKIP","floor":14},{"not_picked":["ats:Leaping Hammer","ats:Childhood Dance"],"picked":"ats:Cat Scratch","floor":15},{"not_picked":["ats:Echo Reverb","ats:Volcano"],"picked":"ats:Nebulous Foxfire","floor":18},{"not_picked":["ats:Collapsing Strike","ats:Steam Pump"],"picked":"ats:Closed Bolt Burst Fire","floor":20},{"not_picked":["ats:Assault Order","ats:Consecutive Shot Auto"],"picked":"ats:Flexible Camouflage","floor":21}],"player_experience":709736,"relics_obtained":[{"floor":9,"key":"ats:Originium"},{"floor":9,"key":"hubris:TenFootPole"},{"floor":11,"key":"MawBank"},{"floor":14,"key":"ats:Originium"},{"floor":14,"key":"hubris:64BitClover"}],"event_choices":[{"damage_healed":0,"gold_gain":0,"player_choice":"RENOUNCE","damage_taken":112,"max_hp_gain":0,"max_hp_loss":0,"event_name":"betterThird:BetterSerpent","floor":4,"gold_loss":112,"cards_obtained":["Enlightenment"]}],"is_beta":false,"boss_relics":[{"not_picked":["Replay:Wanted Poster","Coffee Dripper"],"picked":"energizedSpire:OgreHead"}],"items_purged_floors":[16],"is_endless":false,"potions_floor_spawned":[9,12,15,18],"killed_by":"3 Cultists","ascension_level":0}}