{"host":"uy3vg6glkp8m6iit","time":1610687173,"event":{"mods":["AchievementEnabler","BaseMod","Colored Map","DeckTracker","Highlight Path","Keyboard Shortcuts","Minty Spire (QoL Compilation)","Quick Restart","Random Character Button","Rare Cards Sparkle","Relic Stats","StSLib","everything is the same but u backflip on backflip"],"gold_per_floor":[118,118,134,57,71,71,98,108,108,122,42,42,52,63,63,167,167,181,200,250,262,41,41,41,72,122,122,122,122,150,161,161,161,161],"floor_reached":33,"language":"KOR","playtime":1285,"items_purged":[],"score":484,"play_id":"7be5ba6a-3460-4ebd-9bfd-e3c07e1f2c4f","local_time":"20210115140613","is_ascension_mode":true,"campfire_choices":[{"data":"Cloak And Dagger","floor":6.0,"key":"SMITH"},{"floor":12.0,"key":"REST"},{"data":"Blade Dance","floor":15.0,"key":"SMITH"},{"data":"Concentrate","floor":23.0,"key":"SMITH"},{"data":"Calculated Gamble","floor":27.0,"key":"SMITH"},{"data":"Tactician","floor":29.0,"key":"SMITH"},{"data":"Reflex","floor":32,"key":"SMITH"}],"circlet_count":0,"master_deck":["AscendersBane","Defend_G","Defend_G","Defend_G","Defend_G","Defend_G","Survivor","Neutralize","Dagger Spray+1","Cloak And Dagger+1","Tactician+1","PiercingWail","Blade Dance+1","Footwork","Calculated Gamble+1","Backflip","Corpse Explosion","Reflex+1","Sucker Punch+1","Concentrate+1","Acrobatics","Doubt","Bite","Bite","Bite","Bite","Bite"],"relics":["Ring of the Snake","CaptainsWheel","Orichalcum","Gremlin Horn","Cursed Key","PreservedInsect","Mango","Art of War","Potion Belt"],"acts_visited":["Exordium","TheCity"],"potions_floor_usage":[31],"damage_taken":[{"damage":0.0,"enemies":"2 Louse","floor":1.0,"turns":5.0},{"damage":0.0,"enemies":"Cultist","floor":3.0,"turns":4.0},{"damage":2.0,"enemies":"Jaw Worm","floor":5.0,"turns":3.0},{"damage":19.0,"enemies":"Lagavulin","floor":7.0,"turns":7.0},{"damage":5.0,"enemies":"3 Louse","floor":8.0,"turns":4.0},{"damage":0.0,"enemies":"Exordium Wildlife","floor":10.0,"turns":4.0},{"damage":0.0,"enemies":"Looter","floor":13.0,"turns":3.0},{"damage":0.0,"enemies":"2 Fungi Beasts","floor":14.0,"turns":1.0},{"damage":33.0,"enemies":"Hexaghost","floor":16.0,"turns":10.0},{"damage":0.0,"enemies":"2 Thieves","floor":18.0,"turns":5.0},{"damage":13.0,"enemies":"Chosen","floor":19.0,"turns":6.0},{"damage":2.0,"enemies":"Shelled Parasite and Fungi","floor":21.0,"turns":8.0},{"damage":1.0,"enemies":"Slavers","floor":25.0,"turns":2.0},{"damage":11.0,"enemies":"Gremlin Leader","floor":30.0,"turns":5.0},{"damage":0,"enemies":"Chosen and Byrds","floor":31,"turns":4},{"damage":122,"enemies":"Champ","floor":33,"turns":17}],"seed_played":"-7590497473265436448","potions_obtained":[{"floor":7.0,"key":"FearPotion"},{"floor":8.0,"key":"Swift Potion"},{"floor":13.0,"key":"PowerPotion"},{"floor":19.0,"key":"SneckoOil"},{"floor":25.0,"key":"FairyPotion"}],"is_trial":false,"path_per_floor":["M","?","M","$","M","R","E","M","T","M","$","R","M","M","R","B",null,"M","M","?","M","$","R","$","E","T","R","?","R","E","M","R","B"],"character_chosen":"THE_SILENT","items_purchased":["DuplicationPotion","Footwork","PreservedInsect","Concentrate"],"campfire_rested":1,"item_purchase_floors":[4,11,22,22],"current_hp_per_floor":[45,45,45,45,43,43,24,19,19,19,19,40,40,40,40,7,54,54,41,41,39,39,39,39,52,52,52,52,52,53,58,58,0,0],"gold":161,"neow_bonus":"ONE_RARE_RELIC","is_daily":false,"chose_seed":false,"campfire_upgraded":6,"win_rate":0.0,"timestamp":1610687173,"path_taken":["M","?","M","$","M","R","E","M","T","M","$","R","M","M","R","BOSS","M","M","?","M","$","R","?","E","T","R","?","R","E","M","R","BOSS"],"items_purchased_type":["Potion","Card","Relic","Card"],"build_version":"2020-12-22","purchased_purges":0,"victory":false,"max_hp_per_floor":[70,70,70,70,70,70,70,70,70,70,70,70,70,70,70,70,70,70,70,70,70,70,70,70,84,84,84,58,58,58,58,58,58,58],"relic_stats":{"Gremlin Horn":[9,9],"counters":[16,88],"PreservedInsect":89,"Art of War":[3],"Orichalcum":[96],"Cursed Key":1,"obtain_stats":[{"Potion Belt":30,"CaptainsWheel":0,"Gremlin Horn":9,"Mango":25,"PreservedInsect":22,"Art of War":26,"Orichalcum":7,"Cursed Key":17,"Ring of the Snake":0},{"Potion Belt":14,"CaptainsWheel":0,"Gremlin Horn":5,"Mango":13,"PreservedInsect":12,"Art of War":13,"Orichalcum":4,"Cursed Key":9,"Ring of the Snake":0},{"Potion Belt":67,"CaptainsWheel":0,"Gremlin Horn":23,"Mango":62,"PreservedInsect":60,"Art of War":62,"Orichalcum":19,"Cursed Key":41,"Ring of the Snake":0}],"Ring of the Snake":[32]},"card_choices":[{"not_picked":["Backflip","Poisoned Stab"],"picked":"Dagger Spray","floor":1.0},{"not_picked":["Escape Plan","PiercingWail"],"picked":"Cloak And Dagger","floor":3.0},{"not_picked":["Crippling Poison","PiercingWail"],"picked":"Tactician","floor":5.0},{"not_picked":["Choke","Flying Knee"],"picked":"PiercingWail","floor":7.0},{"not_picked":["Bane","Prepared"],"picked":"Blade Dance","floor":8.0},{"not_picked":["Flechettes","Dagger Spray","Cloak And Dagger"],"picked":"SKIP","floor":10.0},{"not_picked":["Deflect","Wraith Form v2"],"picked":"Calculated Gamble","floor":13.0},{"not_picked":["Terror","Underhanded Strike"],"picked":"Backflip","floor":14.0},{"not_picked":["Glass Knife","Die Die Die"],"picked":"Corpse Explosion","floor":16.0},{"not_picked":["Tactician","Acrobatics"],"picked":"Reflex","floor":18.0},{"not_picked":["PiercingWail","Underhanded Strike"],"picked":"Sucker Punch+1","floor":19.0},{"not_picked":["Predator+1","Heel Hook","Prepared"],"picked":"SKIP","floor":21.0},{"not_picked":["Reflex","Expertise"],"picked":"Acrobatics","floor":25.0},{"not_picked":["PiercingWail","Bane","Infinite Blades"],"picked":"SKIP","floor":30.0},{"not_picked":["Backflip","Backstab","Endless Agony"],"picked":"SKIP","floor":31}],"player_experience":1476387,"relics_obtained":[{"floor":7.0,"key":"Orichalcum"},{"floor":9.0,"key":"Gremlin Horn"},{"floor":25.0,"key":"Mango"},{"floor":26.0,"key":"Art of War"},{"floor":30.0,"key":"Potion Belt"}],"event_choices":[{"damage_healed":0.0,"max_hp_gain":0.0,"max_hp_loss":0.0,"gold_gain":0.0,"event_name":"Living Wall","player_choice":"Grow","floor":2.0,"gold_loss":0.0,"damage_taken":0.0,"cards_upgraded":["Dagger Spray"]},{"damage_healed":0.0,"max_hp_gain":0.0,"max_hp_loss":0.0,"gold_gain":100.0,"event_name":"The Joust","player_choice":"Bet on Murderer","floor":20.0,"gold_loss":50.0,"damage_taken":0.0},{"damage_healed":0.0,"max_hp_gain":0.0,"max_hp_loss":26.0,"gold_gain":0.0,"event_name":"Vampires","player_choice":"Became a vampire","floor":28.0,"gold_loss":0.0,"damage_taken":0.0,"cards_obtained":["Bite","Bite","Bite","Bite","Bite"]}],"is_beta":false,"boss_relics":[{"not_picked":["Runic Dome","HoveringKite"],"picked":"Cursed Key"}],"items_purged_floors":[],"is_endless":false,"potions_floor_spawned":[7,8,13,14,19,25],"killed_by":"Champ","ascension_level":12}}