{"host":"khm4we1ijduz33xh","time":1610721710,"event":{"mods":["AchievementEnabler","BaseMod","Colored Map","Minty Spire (QoL Compilation)","Rare Cards Sparkle","StSLib","SuperFastMode"],"gold_per_floor":[112,127,127,140,165,165,186,202,228,228,252,267,288,302,302,431,431,400,419,439,5,104,104,120,153,219,231,243,243],"floor_reached":28,"language":"KOR","playtime":1058,"items_purged":["Strike_R"],"score":271,"play_id":"ffd4d6c6-8c41-4080-8496-b72a12a4878d","local_time":"20210115234150","is_ascension_mode":true,"campfire_choices":[{"data":"Fire Breathing","floor":6,"key":"SMITH"},{"floor":10,"key":"REST"},{"data":"Body Slam","floor":15,"key":"SMITH"},{"data":"Body Slam","floor":23,"key":"SMITH"},{"data":"Dark Embrace","floor":27,"key":"SMITH"}],"circlet_count":0,"master_deck":["Strike_R","Strike_R","Strike_R","Strike_R","Defend_R","Defend_R","Defend_R","Defend_R","Bash","Shrug It Off","Fire Breathing+1","Body Slam+1","Flame Barrier","Warcry","Shockwave","Double Tap","Power Through+1","Dark Embrace+1","Body Slam+1","Evolve","Burning Pact","Fiend Fire","Ghostly Armor","Armaments","Injury"],"relics":["Burning Blood","Golden Idol","Bag of Preparation","Happy Flower","Cursed Key","MawBank","Bronze Scales"],"acts_visited":["Exordium","TheCity"],"potions_floor_usage":[16,20,24,28],"damage_taken":[{"damage":9,"enemies":"Jaw Worm","floor":1,"turns":4},{"damage":15,"enemies":"Cultist","floor":2,"turns":6},{"damage":8,"enemies":"Small Slimes","floor":4,"turns":4},{"damage":17,"enemies":"Looter","floor":7,"turns":3},{"damage":28,"enemies":"Exordium Wildlife","floor":8,"turns":6},{"damage":8,"enemies":"Large Slime","floor":11,"turns":6},{"damage":9,"enemies":"Blue Slaver","floor":12,"turns":5},{"damage":17,"enemies":"Red Slaver","floor":13,"turns":5},{"damage":15,"enemies":"Large Slime","floor":14,"turns":7},{"damage":18,"enemies":"Slime Boss","floor":16,"turns":7},{"damage":19,"enemies":"2 Thieves","floor":18,"turns":5},{"damage":9,"enemies":"Shell Parasite","floor":19,"turns":7},{"damage":27,"enemies":"3 Cultists","floor":20,"turns":7},{"damage":18,"enemies":"Cultist and Chosen","floor":24,"turns":5},{"damage":48,"enemies":"Slavers","floor":25,"turns":5},{"damage":51,"enemies":"Gremlin Leader","floor":28,"turns":6}],"seed_played":"6651946729940024248","potions_obtained":[{"floor":2,"key":"Strength Potion"},{"floor":4,"key":"PowerPotion"},{"floor":7,"key":"Block Potion"},{"floor":16,"key":"BloodPotion"},{"floor":20,"key":"Weak Potion"},{"floor":24,"key":"BloodPotion"}],"is_trial":false,"path_per_floor":["M","M","?","M","T","R","M","M","T","R","M","M","M","M","R","B",null,"M","M","M","$","?","R","M","E","T","R","E"],"character_chosen":"IRONCLAD","items_purchased":["FairyPotion","Evolve","Burning Pact","Fiend Fire"],"campfire_rested":1,"item_purchase_floors":[21,21,21,21],"current_hp_per_floor":[85,76,76,74,74,74,63,41,41,65,63,60,49,40,40,28,81,68,65,44,44,44,44,48,30,30,30,0,0],"gold":243,"neow_bonus":"TEN_PERCENT_HP_BONUS","is_daily":false,"chose_seed":false,"campfire_upgraded":4,"win_rate":0.0,"timestamp":1610721710,"path_taken":["M","M","?","M","?","R","?","?","T","R","M","M","M","M","R","BOSS","M","M","M","$","?","R","M","E","T","R","E"],"items_purchased_type":["Potion","Card","Card","Card"],"build_version":"2020-12-22","purchased_purges":1,"victory":false,"max_hp_per_floor":[88,88,81,81,81,81,81,81,81,81,81,81,81,81,81,81,81,81,81,81,81,81,81,81,81,81,81,81,81],"card_choices":[{"not_picked":["Bloodletting","Pummel"],"picked":"Shrug It Off","floor":1},{"not_picked":["Carnage","Infernal Blade"],"picked":"Fire Breathing","floor":2},{"not_picked":["Shrug It Off","Heavy Blade","Clash"],"picked":"SKIP","floor":4},{"not_picked":["Perfected Strike","Disarm"],"picked":"Body Slam","floor":7},{"not_picked":["Uppercut","Twin Strike","Dropkick"],"picked":"SKIP","floor":8},{"not_picked":["Body Slam","Cleave"],"picked":"Flame Barrier","floor":11},{"not_picked":["True Grit","Headbutt"],"picked":"Warcry","floor":12},{"not_picked":["Exhume","Perfected Strike"],"picked":"Shockwave","floor":13},{"not_picked":["Shrug It Off","Iron Wave","Twin Strike"],"picked":"SKIP","floor":14},{"not_picked":["Demon Form","Reaper"],"picked":"Double Tap","floor":16},{"not_picked":["Clash","Disarm"],"picked":"Power Through+1","floor":18},{"not_picked":["Pommel Strike","Perfected Strike"],"picked":"Dark Embrace","floor":19},{"not_picked":["Sentinel","Headbutt"],"picked":"Body Slam","floor":20},{"not_picked":["Searing Blow+1","Seeing Red"],"picked":"Ghostly Armor","floor":24},{"not_picked":["Headbutt","Clash"],"picked":"Armaments","floor":25}],"player_experience":224939,"relics_obtained":[{"floor":5,"key":"Bag of Preparation"},{"floor":9,"key":"Happy Flower"},{"floor":25,"key":"MawBank"},{"floor":26,"key":"Bronze Scales"}],"event_choices":[{"damage_healed":0,"gold_gain":0,"player_choice":"Lose Max HP","damage_taken":0,"relics_obtained":["Golden Idol"],"max_hp_gain":0,"max_hp_loss":7,"event_name":"Golden Idol","floor":3,"gold_loss":0},{"damage_healed":0,"gold_gain":99,"player_choice":"Stole From Cult","damage_taken":0,"max_hp_gain":0,"max_hp_loss":0,"event_name":"Nest","floor":22,"gold_loss":0}],"is_beta":false,"boss_relics":[{"not_picked":["Black Star","Black Blood"],"picked":"Cursed Key"}],"items_purged_floors":[21],"is_endless":false,"potions_floor_spawned":[2,4,7,12,13,16,20,24],"killed_by":"Gremlin Leader","ascension_level":3}}