{"host":"qjv9b7mze4c73keh","time":1610693433,"event":{"mods":["BaseMod","Minty Spire (QoL Compilation)"],"gold_per_floor":[119,75,0,11,29,29,48,60,85,85,96,96,96,82,82,82,82],"floor_reached":16,"language":"RUS","playtime":2193,"items_purged":["Strike_R"],"score":94,"play_id":"10ea8027-fbb9-4aab-bc4a-9177a6a82091","local_time":"20210115115033","is_ascension_mode":false,"campfire_choices":[{"data":"Shrug It Off","floor":6,"key":"SMITH"},{"data":"Entrench","floor":15,"key":"SMITH"}],"circlet_count":0,"master_deck":["Strike_R","Strike_R","Strike_R","Strike_R","Defend_R","Defend_R","Defend_R","Defend_R","Bash","Shrug It Off+1","Metallicize","Entrench+1","Entrench+1"],"relics":["Burning Blood","Unceasing Top","Lantern"],"acts_visited":["Exordium"],"potions_floor_usage":[16,16,16],"damage_taken":[{"damage":1,"enemies":"Small Slimes","floor":1,"turns":4},{"damage":3,"enemies":"Jaw Worm","floor":4,"turns":7},{"damage":2,"enemies":"2 Louse","floor":5,"turns":6},{"damage":6,"enemies":"Red Slaver","floor":7,"turns":6},{"damage":4,"enemies":"Blue Slaver","floor":8,"turns":5},{"damage":2,"enemies":"3 Louse","floor":11,"turns":5},{"damage":0,"enemies":"Exordium Thugs","floor":14,"turns":4},{"damage":75,"enemies":"Hexaghost","floor":16,"turns":18}],"seed_played":"-6629503201119519820","potions_obtained":[{"floor":1,"key":"Explosive Potion"},{"floor":8,"key":"Fire Potion"},{"floor":14,"key":"SpeedPotion"}],"is_trial":false,"path_per_floor":["M","?","$","M","M","R","M","M","T","?","M","?","$","M","R","B"],"character_chosen":"IRONCLAD","items_purchased":[],"campfire_rested":0,"item_purchase_floors":[],"current_hp_per_floor":[72,72,72,72,72,72,72,72,72,72,72,72,72,72,72,0,0],"gold":82,"neow_bonus":"ONE_RARE_RELIC","is_daily":false,"chose_seed":false,"campfire_upgraded":2,"win_rate":0.0,"timestamp":1610693433,"path_taken":["M","?","$","M","M","R","M","M","T","?","M","?","?","M","R","BOSS"],"items_purchased_type":[],"build_version":"2020-12-22","purchased_purges":1,"victory":false,"max_hp_per_floor":[72,72,72,72,72,72,72,72,72,72,72,72,72,72,72,72,72],"card_choices":[{"not_picked":["Sentinel","Rampage"],"picked":"Shrug It Off","floor":1},{"not_picked":["Sever Soul","Iron Wave","Power Through"],"picked":"SKIP","floor":4},{"not_picked":["Heavy Blade","Pommel Strike"],"picked":"Metallicize","floor":5},{"not_picked":["Anger","Flex","Blood for Blood"],"picked":"SKIP","floor":7},{"not_picked":["Spot Weakness","Shrug It Off"],"picked":"Entrench","floor":8},{"not_picked":["Feed","Carnage"],"picked":"Entrench","floor":11},{"not_picked":["Iron Wave","True Grit","Infernal Blade"],"picked":"SKIP","floor":14}],"player_experience":69021,"relics_obtained":[{"floor":9,"key":"Lantern"}],"event_choices":[{"damage_healed":0,"gold_gain":0,"player_choice":"Left Gold","damage_taken":0,"max_hp_gain":0,"max_hp_loss":0,"event_name":"World of Goop","floor":2,"gold_loss":44},{"damage_healed":0,"gold_gain":0,"player_choice":"Grow","damage_taken":0,"max_hp_gain":0,"max_hp_loss":0,"event_name":"Living Wall","floor":10,"gold_loss":0,"cards_upgraded":["Entrench"]},{"damage_healed":0,"gold_gain":0,"player_choice":"Ignored","damage_taken":0,"max_hp_gain":0,"max_hp_loss":0,"event_name":"Liars Game","floor":12,"gold_loss":0}],"is_beta":false,"boss_relics":[],"items_purged_floors":[3],"is_endless":false,"potions_floor_spawned":[1,8,14],"killed_by":"Hexaghost","ascension_level":0}}