{"host":"lcnwkjlokfwcnxxu","time":1610695480,"event":{"mods":["BaseMod","Colored Map","Downfall","GifTheSpireLib","Hermit","Koishi","Marisa（霧雨　魔理沙）","Minty Spire (QoL Compilation)","Quick Restart","Replay The Spire","StSLib","The Cursed","The Disciple","The Hierophant","The Servant 0.9.4"],"gold_per_floor":[116,134,183,33,33,33,33,33,58,58,70,86,101,114,114,211,261,243,243,258,11,11,11,11,11,38,73,73,73,88,108,108,211,211,225,241,241,241,241,241,258,277,277,291,306,29,29,29,29,29,29],"floor_reached":50,"language":"ENG","playtime":2176,"items_purged":["Strike_G","Strike_G","Sickly"],"score":552,"play_id":"c8dd0949-061c-4118-8501-b4fd5cd62a13","local_time":"20210114232440","is_ascension_mode":false,"campfire_choices":[{"data":"Dagger Spray","floor":7,"key":"SMITH"},{"data":"Footwork","floor":10,"key":"SMITH"},{"data":"Deadly Poison","floor":15,"key":"SMITH"},{"data":"Catalyst","floor":23,"key":"SMITH"},{"data":"Beam Cell","floor":25,"key":"SMITH"},{"data":"Deflect","floor":28,"key":"SMITH"},{"data":"Backflip","floor":32,"key":"SMITH"},{"data":"Blur","floor":40,"key":"SMITH"},{"data":"Poisoned Stab","floor":47,"key":"SMITH"},{"data":"Escape Plan","floor":49,"key":"SMITH"}],"circlet_count":0,"master_deck":["Strike_G+2","Strike_G+1","Defend_G+1","Defend_G+1","Defend_G+1","Defend_G+1","Dagger Spray+1","Escape Plan+1","Footwork+1","Leap+1","Beam Cell+1","Deadly Poison+1","Deflect+1","Acrobatics","Catalyst+1","Backflip+1","Blur+1","Toxin Wave+1","Flying Knee","Poisoned Stab+1"],"relics":["Ring of the Snake","Divine Protection","Bag of Preparation","Tiny House","MutagenicStrength","Vajra","Simple Rune","Happy Flower","Ring of Chaos","Ring of Fury","HornCleat","Lee\u0027s Waffle"],"acts_visited":["Exordium","TheCity","TheBeyond"],"potions_floor_usage":[16,16,30,33,42,45,45],"damage_taken":[{"damage":7,"enemies":"Jaw Worm","floor":1,"turns":7},{"damage":0,"enemies":"Small Slimes","floor":2,"turns":4},{"damage":0,"enemies":"2 Louse","floor":11,"turns":1},{"damage":0,"enemies":"Large Slime","floor":12,"turns":7},{"damage":0,"enemies":"Exordium Wildlife","floor":13,"turns":3},{"damage":0,"enemies":"2 Fungi Beasts","floor":14,"turns":2},{"damage":0,"enemies":"Hexaghost","floor":16,"turns":9},{"damage":2,"enemies":"2 Thieves","floor":18,"turns":4},{"damage":0,"enemies":"Shell Parasite","floor":20,"turns":7},{"damage":0,"enemies":"Gremlin Leader","floor":27,"turns":5},{"damage":0,"enemies":"3 Cultists","floor":30,"turns":3},{"damage":0,"enemies":"Shelled Parasite and Fungi","floor":31,"turns":5},{"damage":63,"enemies":"Champ","floor":33,"turns":13},{"damage":0,"enemies":"3 Darklings","floor":35,"turns":5},{"damage":0,"enemies":"Orb Walker","floor":36,"turns":3},{"damage":0,"enemies":"4 Shapes","floor":41,"turns":2},{"damage":0,"enemies":"Jaw Worm Horde","floor":42,"turns":3},{"damage":6,"enemies":"Maw","floor":44,"turns":8},{"damage":10,"enemies":"Writhing Mass","floor":45,"turns":4},{"damage":106,"enemies":"Time Eater","floor":50,"turns":12}],"seed_played":"-2307358508213634037","potions_obtained":[{"floor":3,"key":"Slimebound:ThreeZeroPotion"},{"floor":11,"key":"Languid Potion"},{"floor":13,"key":"Death Potion"},{"floor":16,"key":"GamblersBrew"},{"floor":17,"key":"ColorlessPotion"},{"floor":31,"key":"FearPotion"},{"floor":33,"key":"DistilledChaos"},{"floor":42,"key":"Explosive Potion"},{"floor":44,"key":"Strength Potion"}],"is_trial":false,"path_per_floor":["M","M","?","$","?","$","R","?","T","R","M","M","M","M","R","B",null,"M","?","M","$","?","R","$","R","T","E","R","?","M","M","R","B",null,"M","M","?","?","?","R","M","M","T","M","M","$","R","?","R","B"],"character_chosen":"THE_SILENT","items_purchased":["Footwork","Vajra","Lee\u0027s Waffle"],"campfire_rested":0,"item_purchase_floors":[4,21,46],"current_hp_per_floor":[70,70,40,40,40,40,40,40,40,40,40,40,40,40,40,40,82,80,80,80,80,80,80,80,80,80,80,80,80,80,80,80,17,82,82,82,82,82,78,78,78,78,78,72,62,85,85,85,85,0,0],"gold":29,"neow_bonus":"TEN_PERCENT_HP_BONUS","is_daily":false,"chose_seed":false,"campfire_upgraded":10,"win_rate":0.0,"timestamp":1610695480,"path_taken":["M","M","?","$","?","$","R","?","T","R","M","M","M","M","R","BOSS","M","?","M","$","?","R","?","R","T","E","R","?","?","M","R","BOSS","M","M","?","?","?","R","M","M","T","?","M","$","R","?","R","BOSS"],"items_purchased_type":["Card","Relic","Relic"],"build_version":"2020-12-22","purchased_purges":3,"victory":false,"max_hp_per_floor":[77,77,77,77,77,77,77,77,77,77,77,77,77,77,77,77,82,82,82,82,82,82,82,82,82,82,82,82,82,82,82,82,82,82,82,82,82,82,78,78,78,78,78,78,78,85,85,85,85,85,85],"card_choices":[{"not_picked":["Sucker Punch","Deflect"],"picked":"Dagger Spray","floor":1},{"not_picked":["Acrobatics","Underhanded Strike"],"picked":"Escape Plan","floor":2},{"not_picked":["Blade Dance","Wraith Form v2","Deflect"],"picked":"SKIP","floor":11},{"not_picked":["Footwork","Dodge and Roll"],"picked":"Deadly Poison","floor":12},{"not_picked":["Sneak Up","Deadly Poison"],"picked":"Deflect","floor":13},{"not_picked":["PiercingWail","Endless Agony"],"picked":"Acrobatics","floor":14},{"not_picked":["Backflip+1","ReplayTheSpireMod:Speed Training"],"picked":"Catalyst","floor":18},{"not_picked":["Toxin Wave","Dagger Throw","Flechettes"],"picked":"SKIP","floor":20},{"not_picked":["Outmaneuver+1","Dagger Throw","Slice"],"picked":"SKIP","floor":27},{"not_picked":["Tools of the Trade","ReplayTheSpireMod:Speed Training"],"picked":"Blur","floor":30},{"not_picked":["Distraction","Endless Agony","Dagger Spray"],"picked":"SKIP","floor":31},{"not_picked":["Heel Hook","All Out Attack+1"],"picked":"Toxin Wave+1","floor":35},{"not_picked":["Slice+1","Dodge and Roll","ReplayTheSpireMod:Shiv Toss+1"],"picked":"SKIP","floor":36},{"not_picked":["PiercingWail","Accuracy+1"],"picked":"Flying Knee","floor":41},{"not_picked":["Replay:Poison Smokescreen+1","Caltrops","Deflect+1"],"picked":"SKIP","floor":42},{"not_picked":["Endless Agony","ReplayTheSpireMod:Speed Training","Deflect+1"],"picked":"SKIP","floor":44},{"not_picked":["Cloak And Dagger","Dagger Spray"],"picked":"Poisoned Stab","floor":45}],"player_experience":86473,"relics_obtained":[{"floor":3,"key":"Divine Protection"},{"floor":9,"key":"Bag of Preparation"},{"floor":26,"key":"Simple Rune"},{"floor":27,"key":"Happy Flower"},{"floor":38,"key":"Ring of Fury"},{"floor":43,"key":"HornCleat"}],"event_choices":[{"cards_removed":["Defend_G"],"damage_healed":0,"gold_gain":0,"player_choice":"Forget","damage_taken":0,"max_hp_gain":0,"max_hp_loss":0,"event_name":"Living Wall","floor":5,"gold_loss":0},{"damage_healed":0,"gold_gain":0,"player_choice":"Inject Mutagens","damage_taken":0,"relics_obtained":["MutagenicStrength"],"max_hp_gain":0,"max_hp_loss":0,"event_name":"Drug Dealer","floor":19,"gold_loss":0},{"damage_healed":0,"gold_gain":0,"player_choice":"Simplicity","damage_taken":0,"max_hp_gain":0,"max_hp_loss":0,"event_name":"Back to Basics","floor":22,"gold_loss":0,"cards_upgraded":["Strike_G","Strike_G","Strike_G","Defend_G","Defend_G","Defend_G","Defend_G"]},{"damage_healed":0,"gold_gain":0,"player_choice":"Read","damage_taken":0,"max_hp_gain":0,"max_hp_loss":0,"event_name":"The Library","floor":29,"gold_loss":0,"cards_obtained":["Backflip"]},{"cards_removed":["Strike_G"],"damage_healed":0,"gold_gain":0,"player_choice":"Removed Attack","damage_taken":0,"max_hp_gain":0,"max_hp_loss":0,"event_name":"Falling","floor":37,"gold_loss":0},{"damage_healed":0,"gold_gain":0,"player_choice":"Max HP","damage_taken":0,"max_hp_gain":0,"max_hp_loss":4,"event_name":"Winding Halls","floor":39,"gold_loss":0},{"damage_healed":0,"gold_gain":0,"player_choice":"Ignored","damage_taken":0,"max_hp_gain":0,"max_hp_loss":0,"event_name":"Mysterious Sphere","floor":48,"gold_loss":0}],"is_beta":false,"boss_relics":[{"not_picked":["Ring of the Serpent","Fusion Hammer"],"picked":"Tiny House"},{"not_picked":["Honey Jar","SacredBark"],"picked":"Ring of Chaos"}],"items_purged_floors":[4,21,46],"is_endless":false,"potions_floor_spawned":[11,13,16,31,33,42,44],"killed_by":"Time Eater","ascension_level":0}}