{"host":"ss2ocoam53r2lno0","time":1610747277,"event":{"mods":["Act Like it!","BaseMod","ChefMod","Clockwork Mod","Colored Powertips","Curses Come First","Displayed Cursed Tome","Downfall","Evolution","Googly Eyes","Hallownest","Highlight Path","Minty Spire (QoL Compilation)","Poor People Problems","Rare Cards Sparkle","Robot Space Explorer","Shade Mod","Shop Mod","Spicy Shops","StSLib","The Marked"],"gold_per_floor":[112,128,128,19,39,70,70,103,103,103,123,157,175,195,195,294,294,308,127,138,13,29,62,81,81,81,81,92,106,106,116,116,220,220,235,235,253,70,90,90,125,125,152,186,198,214,231,262,262,262],"floor_reached":51,"language":"ENG","playtime":5346,"items_purged":["Clockwork:Shield","Clockwork:Shield","Clockwork:Shield","Clockwork:Downsize"],"score":1205,"play_id":"b9c51afb-bbb6-477b-9e9b-ef64990b9671","local_time":"20210115224757","is_ascension_mode":true,"campfire_choices":[{"data":"Clockwork:Pluck","floor":10.0,"key":"SMITH"},{"floor":15.0,"key":"REST"},{"data":"Clockwork:AssemblyLine","floor":25.0,"key":"SMITH"},{"floor":27.0,"key":"REST"},{"floor":32.0,"key":"REST"},{"data":"Clockwork:RampUp","floor":40,"key":"SMITH"},{"floor":42,"key":"REST"},{"floor":49,"key":"REST"}],"circlet_count":0,"master_deck":["Clockwork:Pluck+1","Clockwork:Pluck","Clockwork:Pluck+1","Clockwork:Pluck+1","Clockwork:WarmUp+1","Clockwork:SystemHardening","Clockwork:RevUp","Clockwork:Inspiration+1","Clockwork:AssemblyLine+1","Clockwork:RampUp+1","Clockwork:KaliMa","Clockwork:AssemblyLine+1"],"relics":["Clockwork:MomentumEngine","EVO:Axolotl","NeowsBlessing","Pantograph","Clockwork:GoldenCog","Dream Catcher","Centennial Puzzle","Clockwork:CopperScales","sneckomod:SneckoTalon","Clockwork:SomewhatSmoothStone","Clockwork:QuicksilverHourglass","Bottled Tornado","WarpedTongs","Clockwork:BeatingHeart","MerchantsRug","War Paint","CeramicFish","Frozen Egg 2","Clockwork:BloodPhial","Oddly Smooth Stone"],"acts_visited":["Exordium","TheCity","TheBeyond"],"potions_floor_usage":[39],"damage_taken":[{"damage":0.0,"enemies":"2 Louse","floor":1.0,"turns":1.0},{"damage":0.0,"enemies":"Cultist","floor":2.0,"turns":1.0},{"damage":0.0,"enemies":"Small Slimes","floor":5.0,"turns":1.0},{"damage":0.0,"enemies":"3 Sentries","floor":6.0,"turns":9.0},{"damage":5.0,"enemies":"Lagavulin","floor":8.0,"turns":8.0},{"damage":22.0,"enemies":"Gremlin Gang","floor":11.0,"turns":4.0},{"damage":35.0,"enemies":"3 Sentries","floor":12.0,"turns":6.0},{"damage":4.0,"enemies":"Lots of Slimes","floor":13.0,"turns":4.0},{"damage":2.0,"enemies":"Looter","floor":14.0,"turns":3.0},{"damage":29.0,"enemies":"Slime Boss","floor":16.0,"turns":7.0},{"damage":30.0,"enemies":"Shell Parasite","floor":18.0,"turns":6.0},{"damage":4.0,"enemies":"Chosen","floor":20.0,"turns":4.0},{"damage":17.0,"enemies":"Snake Plant","floor":22.0,"turns":4.0},{"damage":21.0,"enemies":"Slavers","floor":23.0,"turns":5.0},{"damage":0.0,"enemies":"Centurion and Healer","floor":24.0,"turns":3.0},{"damage":59.0,"enemies":"Snecko","floor":28.0,"turns":8.0},{"damage":2.0,"enemies":"Snake Plant","floor":29.0,"turns":4.0},{"damage":13.0,"enemies":"Centurion and Healer","floor":31.0,"turns":4.0},{"damage":1,"enemies":"Automaton","floor":33,"turns":4},{"damage":6,"enemies":"Orb Walker","floor":35,"turns":2},{"damage":6,"enemies":"3 Shapes","floor":37,"turns":3},{"damage":17,"enemies":"Transient","floor":39,"turns":5},{"damage":15,"enemies":"Nemesis","floor":41,"turns":3},{"damage":12,"enemies":"Reptomancer","floor":44,"turns":3},{"damage":0,"enemies":"Spire Growth","floor":45,"turns":3},{"damage":17,"enemies":"Jaw Worm Horde","floor":46,"turns":2},{"damage":0,"enemies":"Sphere and 2 Shapes","floor":47,"turns":2},{"damage":0,"enemies":"Giant Head","floor":48,"turns":3},{"damage":0,"enemies":"Donu and Deca","floor":50,"turns":3}],"seed_played":"-4723590495866781178","potions_obtained":[{"floor":1.0,"key":"hexamod:EctoCoolerPotion"},{"floor":7.0,"key":"Regen Potion"},{"floor":7.0,"key":"FairyPotion"},{"floor":12.0,"key":"Guardian:BlockOnCardUsePotion"},{"floor":14.0,"key":"champ:CounterPotion"},{"floor":16.0,"key":"Guardian:BlockOnCardUsePotion"},{"floor":28.0,"key":"champ:CounterPotion"},{"floor":33,"key":"SneckoOil"},{"floor":37,"key":"Regen Potion"},{"floor":41,"key":"FairyPotion"},{"floor":44,"key":"Block Potion"}],"is_trial":false,"path_per_floor":["M","M","?","$","M","E","?","E","T","R","M","E","M","M","R","B",null,"M","$","M","$","M","E","M","R","T","R","M","M","?","M","R","B",null,"M","?","M","$","M","R","E","R","T","E","M","M","M","E","R","B",null],"character_chosen":"CLOCKWORK","items_purchased":["Clockwork:RevUp","Clockwork:AssemblyLine","MerchantsRug"],"campfire_rested":5,"item_purchase_floors":[4,19,38],"current_hp_per_floor":[77,77,77,77,77,87,87,82,82,82,69,34,30,28,56,52,84,54,54,50,50,33,12,12,12,12,40,28,26,26,13,41,65,88,82,82,76,76,73,73,58,86,86,74,78,63,65,67,95,95],"gold":262,"neow_bonus":"THREE_ENEMY_KILL","is_daily":false,"chose_seed":false,"campfire_upgraded":3,"win_rate":0.0,"timestamp":1610747277,"path_taken":["M","M","?","$","?","E","?","E","T","R","M","E","?","M","R","BOSS","M","?","M","$","M","E","M","R","T","R","M","M","?","?","R","BOSS","M","?","M","$","?","R","E","R","T","E","M","M","?","E","R","BOSS"],"items_purchased_type":["Card","Card","Relic"],"build_version":"2020-12-22","purchased_purges":4,"victory":true,"max_hp_per_floor":[85,85,85,85,85,95,95,95,95,95,95,95,95,95,95,95,95,95,95,95,95,95,95,95,95,95,95,95,95,95,95,95,95,95,95,95,95,95,95,95,95,95,95,95,95,95,95,95,95,95],"card_choices":[{"not_picked":["Clockwork:PerfectedStrike","Clockwork:Improve"],"picked":"Clockwork:SystemHardening","floor":1.0},{"not_picked":["Clockwork:TimeOut","Clockwork:Pluck","Clockwork:Minimalism"],"picked":"SKIP","floor":2.0},{"not_picked":["Clockwork:Redundancy","Clockwork:SystemHardening","Clockwork:CogBarrier"],"picked":"SKIP","floor":5.0},{"not_picked":["Clockwork:SystemScan","Clockwork:Pluck"],"picked":"Clockwork:Inspiration","floor":6.0},{"not_picked":["Clockwork:Improve","Clockwork:SearingStrike"],"picked":"Clockwork:CraftSomewhatSmoothStone","floor":8.0},{"not_picked":["Clockwork:Downsize","Clockwork:CogShield","Clockwork:Enhance"],"picked":"SKIP","floor":11.0},{"not_picked":["Clockwork:CogToss","Clockwork:Efficiency"],"picked":"Clockwork:CraftCopperScales","floor":12.0},{"not_picked":["Clockwork:ChargingShield","Clockwork:SnapKeep","Clockwork:Downsize"],"picked":"SKIP","floor":13.0},{"not_picked":["Clockwork:Redundancy","Clockwork:AdaptiveShield","Clockwork:TiltAWhirl"],"picked":"SKIP","floor":14.0},{"not_picked":["Clockwork:OccamsRazor","Clockwork:Enhance"],"picked":"Clockwork:CraftQuicksilverHourglass","floor":15.0},{"not_picked":["Clockwork:Strangle","Clockwork:KaliMa"],"picked":"Clockwork:CraftMomentumEngine","floor":16.0},{"not_picked":["Clockwork:ReserveSystems","Clockwork:AdaptiveShield","Clockwork:Enhance+1"],"picked":"SKIP","floor":18.0},{"not_picked":["Clockwork:Friction","Clockwork:ChargingShield","Clockwork:PerfectedStrike"],"picked":"SKIP","floor":20.0},{"not_picked":["Clockwork:SystemHardening","Clockwork:Efficiency+1"],"picked":"Clockwork:RampUp","floor":22.0},{"not_picked":["Clockwork:Strangle","Clockwork:Roundhouse","Clockwork:SystemHardening"],"picked":"SKIP","floor":23.0},{"not_picked":["Clockwork:StasisBreak","Clockwork:AdaptiveCannon","Clockwork:Roundhouse"],"picked":"SKIP","floor":24.0},{"not_picked":["Clockwork:Enhance","Clockwork:SystemScan"],"picked":"Clockwork:Downsize","floor":27.0},{"not_picked":["Clockwork:AdaptiveCannon","Clockwork:SnapKeep","Clockwork:Redundancy+1"],"picked":"SKIP","floor":28.0},{"not_picked":["Clockwork:CogBarrier","Clockwork:SystemScan+1","Clockwork:ForgeStrike"],"picked":"SKIP","floor":29.0},{"not_picked":["Clockwork:Redundancy","Clockwork:MechanicalMass+1","Clockwork:CogToss"],"picked":"SKIP","floor":31.0},{"not_picked":["Clockwork:MechanicalBulk","Clockwork:StasisBreak"],"picked":"Clockwork:KaliMa","floor":32.0},{"not_picked":["Clockwork:LiteraryArmor","Clockwork:MechanicalMass+1"],"picked":"Clockwork:CraftCopperScales","floor":35},{"not_picked":["Clockwork:SnapKeep+1","Clockwork:EnthusiasticStrike+1","Clockwork:SystemHardening+1"],"picked":"SKIP","floor":37},{"not_picked":["Clockwork:SystemHardening","Clockwork:AdaptiveCannon","Clockwork:ReserveSystems"],"picked":"SKIP","floor":39},{"not_picked":["Clockwork:Minimalism","Clockwork:AdaptiveCannon+1","Clockwork:SystemScan+1"],"picked":"SKIP","floor":41},{"not_picked":["Clockwork:Minimalism","Clockwork:AdaptiveCannon+1","Clockwork:SystemScan+1"],"picked":"SKIP","floor":41},{"not_picked":["Clockwork:AdaptiveShield+1","Clockwork:PerfectedStrike"],"picked":"Clockwork:CraftBloodPhial","floor":42},{"not_picked":["Clockwork:EnthusiasticStrike","Clockwork:AeonShield","Clockwork:CogToss+1"],"picked":"SKIP","floor":44},{"not_picked":["Clockwork:TestingEnvironment","Clockwork:Roundhouse","Clockwork:Improve"],"picked":"SKIP","floor":45},{"not_picked":["Clockwork:AdaptiveCannon+1","Clockwork:Minimalism+1","Clockwork:ForgeStrike+1"],"picked":"SKIP","floor":46},{"not_picked":["Clockwork:Minimalism","Clockwork:TestingEnvironment","Clockwork:Selectivity+1"],"picked":"SKIP","floor":47},{"not_picked":["Clockwork:CogBarrier","Clockwork:WindupStrike","Clockwork:SystemHardening+1"],"picked":"SKIP","floor":48}],"player_experience":732943,"relics_obtained":[{"floor":3.0,"key":"Pantograph"},{"floor":6.0,"key":"Pear"},{"floor":8.0,"key":"Dream Catcher"},{"floor":9.0,"key":"Blue Candle"},{"floor":12.0,"key":"Centennial Puzzle"},{"floor":23.0,"key":"Whetstone"},{"floor":26.0,"key":"Bottled Tornado"},{"floor":41,"key":"War Paint"},{"floor":43,"key":"CeramicFish"},{"floor":44,"key":"Frozen Egg 2"},{"floor":48,"key":"Oddly Smooth Stone"}],"event_choices":[{"damage_healed":0.0,"max_hp_gain":0.0,"max_hp_loss":0.0,"gold_gain":0.0,"event_name":"Wheel of Change","player_choice":"Relic","floor":3.0,"gold_loss":0.0,"damage_taken":0.0},{"damage_healed":0.0,"max_hp_gain":0.0,"max_hp_loss":0.0,"gold_gain":0.0,"event_name":"Lab","player_choice":"Got Potions","floor":7.0,"gold_loss":0.0,"damage_taken":0.0},{"damage_healed":0.0,"max_hp_gain":0.0,"max_hp_loss":0.0,"gold_gain":0.0,"event_name":"Accursed Blacksmith","player_choice":"Rummage","floor":30.0,"gold_loss":0.0,"damage_taken":0.0,"relics_obtained":["WarpedTongs"],"cards_obtained":["Pain"]},{"damage_healed":0,"gold_gain":0,"player_choice":"Copied","damage_taken":0,"max_hp_gain":0,"max_hp_loss":0,"event_name":"Duplicator","floor":36,"gold_loss":0,"cards_obtained":["Clockwork:AssemblyLine"]}],"is_beta":false,"boss_relics":[{"not_picked":["Philosopher\u0027s Stone","Cursed Key"],"picked":"sneckomod:SneckoTalon"},{"not_picked":["Velvet Choker","Busted Crown"],"picked":"Empty Cage"}],"items_purged_floors":[4,19,21,38],"is_endless":false,"potions_floor_spawned":[1,12,14,16,18,22,28,33,37,41,44,45,47],"ascension_level":6}}