{"host":"gzsdmyo07u314vug","time":1610736610,"event":{"mods":["2.2 Compatiblity","BaseMod","Downfall","GifTheSpireLib","Minty Spire (QoL Compilation)","Quick Restart","Rare Cards Sparkle","Relic Stats","Replay The Spire","Robot Space Explorer","Shop Mod","StSLib","The Bug Knight","The Construct","The Elementalist","The IronCluck","The Marked","The Servant 0.9.4","Unceasing Turn Reminder","everything is the same but u backflip on backflip","slay the spire mod where everything is the same but ironclad has a cowboy hat","vexMod"],"gold_per_floor":[117,127,127,143,25,25,42,53,53,53,71,71,81,94,94,94,94],"floor_reached":16,"language":"ENG","playtime":795,"items_purged":[],"score":120,"play_id":"7a8ae54f-fbb5-4f13-9f77-c7bb869ab7e0","local_time":"20210115155010","is_ascension_mode":true,"campfire_choices":[{"data":"Evaluate","floor":6.0,"key":"SMITH"},{"data":"Replay:Hum","floor":15.0,"key":"SMITH"}],"circlet_count":0,"master_deck":["Strike_P","Strike_P","Strike_P","Defend_P","Defend_P","Defend_P","Eruption","Vigilance","Evaluate+1","WheelKick","BattleHymn","Evaluate","FollowUp","Replay:Hum+1","Sanctity","Vengeance"],"relics":["PureWater","construct:FoamFinger","Pondfish Scales"],"acts_visited":["Exordium"],"potions_floor_usage":[16,16],"damage_taken":[{"damage":0.0,"enemies":"2 Louse","floor":1.0,"turns":3.0},{"damage":1.0,"enemies":"Jaw Worm","floor":2.0,"turns":3.0},{"damage":0.0,"enemies":"Small Slimes","floor":4.0,"turns":2.0},{"damage":4.0,"enemies":"Exordium Wildlife","floor":7.0,"turns":5.0},{"damage":8.0,"enemies":"Blue Slaver","floor":8.0,"turns":4.0},{"damage":0.0,"enemies":"Looter","floor":11.0,"turns":2.0},{"damage":7.0,"enemies":"Exordium Wildlife","floor":13.0,"turns":4.0},{"damage":0.0,"enemies":"Red Slaver","floor":14.0,"turns":3.0},{"damage":21,"enemies":"Hexaghost","floor":16,"turns":10}],"seed_played":"-5409203910156682882","potions_obtained":[{"floor":8.0,"key":"SpeedPotion"},{"floor":11.0,"key":"Strength Potion"},{"floor":14.0,"key":"PowerPotion"}],"is_trial":false,"path_per_floor":["M","M","?","M","$","R","M","M","T","?","M","$","M","M","R","B"],"character_chosen":"WATCHER","items_purchased":["BattleHymn","Evaluate"],"campfire_rested":0,"item_purchase_floors":[5,5],"current_hp_per_floor":[51,50,32,32,32,32,28,20,20,27,27,27,20,20,20,0,0],"gold":94,"neow_bonus":"REMOVE_TWO","is_daily":false,"chose_seed":false,"campfire_upgraded":2,"win_rate":0.0,"timestamp":1610736610,"path_taken":["M","M","?","M","$","R","M","M","T","?","M","?","?","M","R","BOSS"],"items_purchased_type":["Card","Card"],"build_version":"2020-12-22","purchased_purges":0,"victory":false,"max_hp_per_floor":[72,72,72,72,72,72,72,72,72,72,72,72,72,72,72,72,72],"relic_stats":{"counters":[9,36],"obtain_stats":[{"Pondfish Scales":9,"construct:FoamFinger":3,"PureWater":0},{"Pondfish Scales":5,"construct:FoamFinger":2,"PureWater":0},{"Pondfish Scales":17,"construct:FoamFinger":6,"PureWater":0}]},"card_choices":[{"not_picked":["Consecrate","ClearTheMind"],"picked":"Evaluate","floor":1.0},{"not_picked":["Nirvana","Replay:BluntJabs"],"picked":"WheelKick","floor":2.0},{"not_picked":["Crescendo","FlurryOfBlows","EmptyFist"],"picked":"SKIP","floor":4.0},{"not_picked":["Crescendo","Weave"],"picked":"FollowUp","floor":7.0},{"not_picked":["PathToVictory","Halt"],"picked":"Replay:Hum","floor":8.0},{"not_picked":["InnerPeace","CutThroughFate"],"picked":"Sanctity","floor":11.0},{"not_picked":["Halt","EmptyFist"],"picked":"Vengeance","floor":13.0},{"not_picked":["Crescendo","WheelKick","Protect"],"picked":"SKIP","floor":14.0}],"player_experience":739650,"relics_obtained":[{"floor":9.0,"key":"Pondfish Scales"}],"event_choices":[{"damage_healed":0.0,"max_hp_gain":0.0,"max_hp_loss":0.0,"gold_gain":0.0,"event_name":"Scrap Ooze","player_choice":"Success","floor":3.0,"gold_loss":0.0,"damage_taken":18.0,"relics_obtained":["construct:FoamFinger"]}],"is_beta":false,"boss_relics":[],"items_purged_floors":[],"is_endless":false,"potions_floor_spawned":[8,11,14],"killed_by":"Hexaghost","ascension_level":5}}