{"host":"m9sgjjym7adpjcxd","time":1610743950,"event":{"mods":["Bard","BaseMod","Colored Map","Colored Powertips","Downfall","GungeonMod","Highlight Path","Hubris","Infinite Spire","Mimic Mod","Minty Spire (QoL Compilation)","Replay The Spire","StSLib","The Mystic","The Poker Player","Waifu the Spire","slay the spire mod where everything is the same but ironclad has a cowboy hat"],"gold_per_floor":[138,173,206,242,18,52,92,92,92,108,148,209,249,308,308,407,407,449,500,543,587,587,587,614,614,614,646,646,107,118,176,176,176,176],"floor_reached":33,"language":"ENG","playtime":1404,"items_purged":["Defend_R","Replay:Hysterical Blindness"],"score":321,"play_id":"e9646ed4-b496-40cf-abac-ea62d37d1dcf","local_time":"20210115155230","is_ascension_mode":false,"campfire_choices":[{"data":"HandOfGreed","floor":8,"key":"SMITH"},{"floor":15,"key":"REST"},{"data":"Perfected Strike","floor":23,"key":"SMITH"},{"data":"Bash","floor":25,"key":"SMITH"},{"data":"Demon Form","floor":32,"key":"SMITH"}],"circlet_count":0,"master_deck":["Strike_R","Strike_R","Strike_R","Strike_R","Strike_R","Defend_R","Defend_R","Defend_R","Bash+1","HandOfGreed+1","Cleave","Twin Strike","Perfected Strike+1","Battle Trance","Run Through+1","Infernal Blade","Body Slam","Disarm","Seeing Red","Armaments+1","Pummel+1","Flex+1","Dropkick+1","Barricade","Pot Of Greed","Pot Of Greed","Pot Of Greed","Demon Form+1","ReplayTheSpireMod:Muscle Training+1","Shrug It Off+1"],"relics":["Burning Blood","DemoMod:GnawedKey","Calipers","Sundial","hubris:ChampionShield","Coffee Dripper","Red Mask","Juzu Bracelet","Turnip","Grinning Jar","Ring of Panic","Ring of Fury","infinitespire:PuzzleCube","Strange Spoon","DemoMod:WhiteGuonStone","MealTicket"],"acts_visited":["Exordium","TheCity"],"potions_floor_usage":[14,14,19,24,31,31,31,31,31,33,33],"damage_taken":[{"damage":1,"enemies":"Cultist","floor":1,"turns":4},{"damage":8,"enemies":"Jaw Worm","floor":2,"turns":4},{"damage":0,"enemies":"Small Slimes","floor":3,"turns":3},{"damage":10,"enemies":"Looter","floor":4,"turns":3},{"damage":17,"enemies":"Gremlin Nob","floor":6,"turns":4},{"damage":12,"enemies":"Blue Slaver","floor":7,"turns":2},{"damage":14,"enemies":"Large Slime","floor":10,"turns":4},{"damage":0,"enemies":"Exordium Thugs","floor":11,"turns":3},{"damage":17,"enemies":"Gremlin Gang","floor":12,"turns":4},{"damage":19,"enemies":"Large Slime","floor":13,"turns":7},{"damage":9,"enemies":"Lagavulin","floor":14,"turns":7},{"damage":54,"enemies":"Hexaghost","floor":16,"turns":11},{"damage":25,"enemies":"2 Thieves","floor":18,"turns":3},{"damage":17,"enemies":"Masked Bandits","floor":19,"turns":4},{"damage":15,"enemies":"Shell Parasite","floor":20,"turns":5},{"damage":24,"enemies":"Centurion and Healer","floor":21,"turns":5},{"damage":26,"enemies":"Gremlin Leader","floor":24,"turns":7},{"damage":47,"enemies":"Book of Stabbing","floor":27,"turns":5},{"damage":0,"enemies":"Snecko","floor":30,"turns":3},{"damage":2,"enemies":"Slavers","floor":31,"turns":3},{"damage":57,"enemies":"Pondfish","floor":33,"turns":5}],"seed_played":"-5359687312951667779","potions_obtained":[{"floor":2,"key":"Elixir"},{"floor":10,"key":"FairyPotion"},{"floor":11,"key":"Dexterity Potion"},{"floor":12,"key":"Block Potion"},{"floor":14,"key":"ElixirPotion"},{"floor":16,"key":"LifebloodPotion"},{"floor":21,"key":"hexamod:EctoCoolerPotion"},{"floor":27,"key":"SkillPotion"},{"floor":30,"key":"EntropicBrew"},{"floor":31,"key":"AttackPotion"}],"is_trial":false,"path_per_floor":["M","M","M","M","$","E","M","R","T","M","M","M","M","E","R","B",null,"M","?","M","M","?","R","E","R","T","E","?","$","M","E","R","B"],"character_chosen":"IRONCLAD","items_purchased":["Run Through+1","DemoMod:GnawedKey","infinitespire:PuzzleCube","Strange Spoon","DemoMod:WhiteGuonStone"],"campfire_rested":1,"item_purchase_floors":[5,5,29,29,29],"current_hp_per_floor":[61,59,65,61,61,50,44,44,44,36,42,31,18,15,39,15,80,61,50,41,23,90,90,70,70,70,29,29,29,35,39,39,0,0],"gold":176,"neow_bonus":"RANDOM_COLORLESS_2","is_daily":false,"chose_seed":false,"campfire_upgraded":4,"win_rate":0.0,"timestamp":1610743950,"path_taken":["M","M","M","M","$","E","M","R","T","M","?","M","M","E","R","BOSS","M","?","M","M","?","R","E","R","T","E","?","$","M","E","R","BOSS"],"items_purchased_type":["Card","Relic","Relic","Relic","Relic"],"build_version":"2020-12-22","purchased_purges":2,"victory":false,"max_hp_per_floor":[80,80,80,80,80,80,80,80,80,80,80,80,80,80,80,80,80,80,80,80,80,90,90,90,90,90,90,90,90,90,90,90,90,90],"card_choices":[{"not_picked":["Poisoned Strike","Panache"],"picked":"HandOfGreed","floor":0},{"not_picked":["Heavy Blade","Run Through"],"picked":"Cleave","floor":1},{"not_picked":["Flex","Headbutt"],"picked":"Twin Strike","floor":2},{"not_picked":["Twin Strike","ReplayTheSpireMod:Strike From Hell"],"picked":"Perfected Strike","floor":3},{"not_picked":["Headbutt","Iron Wave"],"picked":"Battle Trance","floor":4},{"not_picked":["ReplayTheSpireMod:Muscle Training","Flex"],"picked":"Infernal Blade","floor":6},{"not_picked":["Anger","Dark Embrace"],"picked":"Body Slam","floor":7},{"not_picked":["Bloodletting","Wild Strike"],"picked":"Disarm","floor":10},{"not_picked":["Corruption","Run Through","Thunderclap"],"picked":"SKIP","floor":11},{"not_picked":["Iron Wave","Clothesline","Power Through"],"picked":"SKIP","floor":12},{"not_picked":["Evolve","Twin Strike","Thunderclap"],"picked":"SKIP","floor":13},{"not_picked":["Second Wind","Dark Embrace"],"picked":"Seeing Red","floor":14},{"not_picked":["Exhume","Bludgeon"],"picked":"Berserk","floor":16},{"not_picked":["Heavy Blade+1","True Grit+1"],"picked":"Armaments+1","floor":18},{"not_picked":["Anger","Flex"],"picked":"Pummel+1","floor":19},{"not_picked":["Havoc","Cleave"],"picked":"Flex+1","floor":20},{"not_picked":["Body Slam","Clash"],"picked":"Dropkick+1","floor":21},{"not_picked":["Pommel Strike","Sever Soul"],"picked":"Barricade","floor":24},{"not_picked":["Thunderclap+1","Pommel Strike"],"picked":"Demon Form","floor":27},{"not_picked":["Thunderclap+1","Sword Boomerang"],"picked":"ReplayTheSpireMod:Muscle Training+1","floor":30},{"not_picked":["Combust+1","Battle Trance"],"picked":"Shrug It Off+1","floor":31}],"player_experience":429060,"relics_obtained":[{"floor":6,"key":"Calipers"},{"floor":9,"key":"Sundial"},{"floor":14,"key":"hubris:ChampionShield"},{"floor":19,"key":"Red Mask"},{"floor":24,"key":"Juzu Bracelet"},{"floor":26,"key":"Turnip"},{"floor":27,"key":"Grinning Jar"},{"floor":28,"key":"Ring of Panic"},{"floor":28,"key":"Ring of Fury"},{"floor":31,"key":"MealTicket"}],"event_choices":[{"damage_healed":0,"gold_gain":0,"player_choice":"Fought Bandits","damage_taken":0,"max_hp_gain":0,"max_hp_loss":0,"event_name":"Masked Bandits","floor":19,"gold_loss":0},{"cards_removed":["Berserk"],"damage_healed":57,"gold_gain":0,"player_choice":"Offered Rare","damage_taken":0,"max_hp_gain":10,"max_hp_loss":0,"event_name":"Bonfire Elementals","floor":22,"gold_loss":0}],"is_beta":false,"boss_relics":[{"not_picked":["Ectoplasm","Painkiller Herb"],"picked":"Coffee Dripper"}],"items_purged_floors":[5,29],"is_endless":false,"potions_floor_spawned":[2,10,11,12,14,16,21,27,30,31],"killed_by":"Pondfish","ascension_level":0}}