{"host":"vyjryxuuuxkt43k4","time":1610730227,"event":{"mods":["AchievementEnabler","BaseMod","Colored Map","DeckTracker","Minty Spire (QoL Compilation)","Permanent Neow","Quick Restart","StSLib","SuperFastMode","everything is the same but u backflip on backflip"],"gold_per_floor":[119,139,151,165,165,193,193,221,246,266,266,48,77,77,77,181,181,197,197,214,227,227,227,252,252,252,252,252],"floor_reached":27,"language":"KOR","playtime":1195,"items_purged":["Strike_B"],"score":306,"play_id":"af5842e6-4530-43fd-9203-3866d7b69d22","local_time":"20210116020347","is_ascension_mode":true,"campfire_choices":[{"data":"Zap","floor":7,"key":"SMITH"},{"data":"Go for the Eyes","floor":11,"key":"SMITH"},{"floor":15,"key":"REST"},{"data":"Echo Form","floor":23,"key":"SMITH"}],"circlet_count":0,"master_deck":["Zap+1","Dualcast","Coolheaded","Go for the Eyes+1","Cold Snap","Turbo","Sweeping Beam","Compile Driver","Ball Lightning","Echo Form+1","All For One","All For One","Hello World","Chill","Aggregate","Reinforced Body","Hello World","Capacitor+1","Seek"],"relics":["Cracked Core","Girya","FossilizedHelix","Nunchaku","Art of War","Membership Card","Blood Vial","Pandora\u0027s Box","Nilry\u0027s Codex","PreservedInsect","HornCleat"],"acts_visited":["Exordium","TheCity"],"potions_floor_usage":[6,6,24,25],"damage_taken":[{"damage":14,"enemies":"Small Slimes","floor":1,"turns":3},{"damage":2,"enemies":"2 Louse","floor":2,"turns":2},{"damage":0,"enemies":"Jaw Worm","floor":3,"turns":3},{"damage":12,"enemies":"Exordium Wildlife","floor":4,"turns":4},{"damage":0,"enemies":"3 Sentries","floor":6,"turns":13},{"damage":12,"enemies":"Lagavulin","floor":8,"turns":9},{"damage":0,"enemies":"3 Louse","floor":10,"turns":3},{"damage":11,"enemies":"Gremlin Nob","floor":13,"turns":5},{"damage":28,"enemies":"The Guardian","floor":16,"turns":13},{"damage":0,"enemies":"Chosen","floor":18,"turns":4},{"damage":10,"enemies":"3 Byrds","floor":20,"turns":4},{"damage":16,"enemies":"Centurion and Healer","floor":21,"turns":6},{"damage":11,"enemies":"Gremlin Leader","floor":24,"turns":6},{"damage":15,"enemies":"Chosen and Byrds","floor":25,"turns":5},{"damage":21,"enemies":"Snake Plant","floor":27,"turns":3}],"seed_played":"5068984757750888671","potions_obtained":[{"floor":2,"key":"PowerPotion"},{"floor":4,"key":"FocusPotion"},{"floor":8,"key":"SmokeBomb"},{"floor":16,"key":"PowerPotion"},{"floor":18,"key":"Energy Potion"}],"is_trial":false,"path_per_floor":["M","M","M","M","?","E","R","E","T","M","R","$","E","?","R","B",null,"M","?","M","M","?","R","E","M","T","M"],"character_chosen":"DEFECT","items_purchased":["Membership Card","Compile Driver"],"campfire_rested":1,"item_purchase_floors":[12,12],"current_hp_per_floor":[40,38,38,26,31,31,31,19,19,19,19,19,8,8,32,6,80,80,80,70,56,40,40,31,18,18,0,0],"gold":252,"neow_bonus":"ONE_RARE_RELIC","is_daily":false,"chose_seed":false,"campfire_upgraded":3,"win_rate":0.0,"timestamp":1610730227,"path_taken":["M","M","M","M","?","E","R","E","T","M","R","$","E","?","R","BOSS","M","?","M","M","?","R","E","M","T","M"],"items_purchased_type":["Relic","Card"],"build_version":"2020-12-22","purchased_purges":1,"victory":false,"max_hp_per_floor":[75,75,75,75,80,80,80,80,80,80,80,80,80,80,80,80,80,80,80,80,80,80,80,80,80,80,80,80],"card_choices":[{"not_picked":["Stack","White Noise"],"picked":"Coolheaded","floor":1},{"not_picked":["Steam","Loop"],"picked":"Go for the Eyes","floor":2},{"not_picked":["Steam","Redo"],"picked":"Cold Snap","floor":3},{"not_picked":["Coolheaded","Darkness"],"picked":"Turbo","floor":4},{"not_picked":["Leap","Reboot"],"picked":"Sweeping Beam","floor":6},{"not_picked":["Leap","Beam Cell","Reprogram"],"picked":"SKIP","floor":8},{"not_picked":["Aggregate","Force Field","Turbo"],"picked":"SKIP","floor":10},{"not_picked":["Fission","Recycle"],"picked":"Ball Lightning","floor":13},{"not_picked":["Core Surge","Fission"],"picked":"Echo Form","floor":16},{"not_picked":["Beam Cell","Steam","Fusion"],"picked":"SKIP","floor":18},{"not_picked":["Double Energy","Cold Snap","Steam"],"picked":"SKIP","floor":20},{"not_picked":["Coolheaded","Turbo"],"picked":"Capacitor+1","floor":21},{"not_picked":["Rebound+1","Auto Shields+1"],"picked":"Seek","floor":24}],"player_experience":341841,"relics_obtained":[{"floor":6,"key":"FossilizedHelix"},{"floor":8,"key":"Nunchaku"},{"floor":9,"key":"Art of War"},{"floor":13,"key":"Blood Vial"},{"floor":22,"key":"Nilry\u0027s Codex"},{"floor":24,"key":"PreservedInsect"},{"floor":26,"key":"HornCleat"}],"event_choices":[{"damage_healed":0,"gold_gain":0,"player_choice":"Donut","damage_taken":0,"max_hp_gain":5,"max_hp_loss":0,"event_name":"Big Fish","floor":5,"gold_loss":0},{"damage_healed":0,"gold_gain":0,"player_choice":"Ignored","damage_taken":0,"max_hp_gain":0,"max_hp_loss":0,"event_name":"Golden Idol","floor":14,"gold_loss":0},{"damage_healed":0,"gold_gain":0,"player_choice":"Ignored","damage_taken":0,"max_hp_gain":0,"max_hp_loss":0,"event_name":"Vampires","floor":19,"gold_loss":0},{"damage_healed":0,"gold_gain":0,"player_choice":"Obtained Book","damage_taken":16,"max_hp_gain":0,"max_hp_loss":0,"event_name":"Cursed Tome","floor":22,"gold_loss":0}],"is_beta":false,"boss_relics":[{"not_picked":["Empty Cage","Velvet Choker"],"picked":"Pandora\u0027s Box"}],"items_purged_floors":[12],"is_endless":false,"potions_floor_spawned":[2,4,8,16,18],"killed_by":"Snake Plant","ascension_level":2}}