{"host":"jfbo3eu2ui08ej1u","time":1610725501,"event":{"mods":["2.2 Compatiblity","AchievementEnabler","Act Like it!","Aspiration","BaseMod","Better Altar","Better Match","Better Note","Better Sensory Stone","Better Skull","Better Third Choice","Block Reminder","Colored Map","Colored Powertips","Conspire","DeckTracker","Displayed Cursed Tome","Downfall","Energized Spire","Fox Events","GifTheSpireLib","Hubris","Infinite Spire","Marked Mod","Minty Spire (QoL Compilation)","Pale of the Ancients","Quick Restart","RRrroohrrRGHHhhh!!","Relic Filter","Reorder Act Four","Replay The Spire","Shop Mod","Spicy Shops","StSLib","Stuff the Spire","The Blue Laboratory","The Disciple","The Forsaken","The Hierophant","The Marked","Uncapped","Unceasing Turn Reminder","Wandering Minibosses"],"gold_per_floor":[110,127,140,120,133,133,164,178,204,204,230,230,264,282,282,282,282],"floor_reached":16,"language":"ENG","playtime":621,"items_purged":[],"score":244,"play_id":"e9cb8a26-6391-4989-9846-974452c34ca9","local_time":"20210115104501","is_ascension_mode":true,"campfire_choices":[{"floor":6,"key":"REST"},{"floor":10,"key":"REST"},{"data":"True Grit","floor":12,"key":"SMITH"},{"data":"1","floor":15,"key":"LIFT"}],"circlet_count":0,"master_deck":["AscendersBane","Strike_R","Strike_R","Strike_R","Strike_R","Strike_R","Defend_R","Defend_R","Defend_R","Defend_R","Bash","Combust","StuffTheSpire:Incineration","Battle Trance","Wild Strike","Shrug It Off","True Grit+1","StuffTheSpire:Slingshot","Twin Strike","Reaper"],"relics":["Burning Blood","Girya","conspire:TopHat","Pet Ghost","hubris:MysteriousPyramids"],"acts_visited":["Exordium"],"potions_floor_usage":[11,11,13],"damage_taken":[{"damage":29,"enemies":"Cultist","floor":1,"turns":6},{"damage":6,"enemies":"Small Slimes","floor":2,"turns":3},{"damage":13,"enemies":"Jaw Worm","floor":3,"turns":2},{"damage":15,"enemies":"2 Fungi Beasts","floor":5,"turns":3},{"damage":40,"enemies":"3 Sentries","floor":7,"turns":7},{"damage":9,"enemies":"Lots of Slimes","floor":8,"turns":2},{"damage":19,"enemies":"Lagavulin","floor":11,"turns":6},{"damage":16,"enemies":"3 Sentries","floor":13,"turns":7},{"damage":0,"enemies":"Large Slime","floor":14,"turns":3},{"damage":77,"enemies":"Fading Forest","floor":16,"turns":9}],"seed_played":"-2111671355157865705","potions_obtained":[{"floor":4,"key":"GamblersBrew"},{"floor":7,"key":"blueLaboratory:IronCompound"},{"floor":11,"key":"Strength Potion"},{"floor":13,"key":"Doom Potion"},{"floor":14,"key":"blueLaboratory:BottledHope"}],"is_trial":false,"path_per_floor":["M","M","M","?","M","R","E","M","T","R","E","R","E","M","R","B"],"character_chosen":"IRONCLAD","items_purchased":[],"campfire_rested":2,"item_purchase_floors":[],"current_hp_per_floor":[52,52,45,45,36,60,26,23,23,47,34,34,24,30,30,0,0],"gold":282,"neow_bonus":"TEN_PERCENT_HP_BONUS","is_daily":false,"chose_seed":false,"campfire_upgraded":1,"win_rate":0.0,"timestamp":1610725501,"path_taken":["M","M","M","?","M","R","E","M","T","R","E","R","E","?","R","BOSS"],"items_purchased_type":[],"build_version":"2020-12-22","purchased_purges":0,"victory":false,"max_hp_per_floor":[82,82,82,82,82,82,82,82,82,82,82,82,82,82,82,82,82],"card_choices":[{"not_picked":["ReplayTheSpireMod:Corrosion Curse","Inflame"],"picked":"Combust","floor":1},{"not_picked":["Clothesline","Massacre"],"picked":"StuffTheSpire:Incineration","floor":2},{"not_picked":["Pummel","Run Through"],"picked":"Battle Trance","floor":3},{"not_picked":["Run Through","Inflame"],"picked":"Wild Strike","floor":5},{"not_picked":["Perfected Strike","True Grit"],"picked":"Shrug It Off","floor":7},{"not_picked":["StuffTheSpire:Pyroclast","Clash"],"picked":"True Grit","floor":8},{"not_picked":["Replay:Undeath\u0027s Touch","Sever Soul"],"picked":"StuffTheSpire:Slingshot","floor":11},{"not_picked":["Flex","True Grit"],"picked":"Twin Strike","floor":13},{"not_picked":["Heavy Blade","Cleave"],"picked":"Reaper","floor":14}],"player_experience":1226531,"relics_obtained":[{"floor":7,"key":"Girya"},{"floor":9,"key":"conspire:TopHat"},{"floor":11,"key":"Pet Ghost"},{"floor":13,"key":"hubris:MysteriousPyramids"}],"event_choices":[{"damage_healed":0,"gold_gain":0,"player_choice":"Bought 1 Potion","damage_taken":0,"max_hp_gain":0,"max_hp_loss":0,"event_name":"The Woman in Blue","floor":4,"gold_loss":0}],"is_beta":false,"boss_relics":[],"items_purged_floors":[],"is_endless":false,"potions_floor_spawned":[7,11,13,14],"killed_by":"Fading Forest","ascension_level":20}}