{"host":"xnqncvgyblhj9i4n","time":1610712105,"event":{"mods":["Act Like it!","Ascension Reborn","Aspiration","BaseMod","Better Vampires","Friendly Minions","GifTheSpireLib","Library of Ruina","Library of Ruina Extra","Minty Spire (QoL Compilation)","Replay The Spire","StSLib"],"gold_per_floor":[112,287,287,5,18,46,64,41,118,118,118,118,149,161,161,262,262,276,216,231,30,40,59,59,59,59,59,86,97,97,47,47,47,47],"floor_reached":33,"language":"ZHS","playtime":1536,"items_purged":["Doubt","ReplayTheSpireMod:Restless Dread"],"score":323,"play_id":"1fd78691-a9ae-4bc6-93f2-01950b870fda","local_time":"20210115200145","is_ascension_mode":true,"campfire_choices":[{"data":"Adrenaline","floor":10,"key":"SMITH"},{"floor":12,"key":"REST"},{"floor":15,"key":"REST"},{"data":"CleanUp","floor":25,"key":"SMITH"},{"data":"ExtractFuel","floor":27,"key":"SMITH"},{"data":"IronWall","floor":32,"key":"SMITH"}],"circlet_count":0,"master_deck":["Dodge","LightDefense","LightAttack","LightAttack","LightAttack","LightDefense","LightDefense","LightDefense","ChargeAndCover","FocusedStrikes","ExtractFuel+1","Adrenaline+1","Deflect_lor","Zzzzzap","JustLucky+1","SuppressingShot","AGoldenOpportunity","LawAndOrder","CleanUp+1","TendonChords","Unlock1","Deflect_lor","WillBeTasty","BayonetCombat+1","Spreading Infection","IronWall+1"],"relics":["PageOfLibrarian","aspiration:Nostalgia","Replay:M_StaffOfTheSnake","Lantern","Replay:Accelerometer","Smiling Mask","Cursed Key","PageOfBloodbath","Boot","Ginger"],"acts_visited":["Exordium","TheCity"],"potions_floor_usage":[28,28,28,28],"damage_taken":[{"damage":6.0,"enemies":"2 Louse","floor":1.0,"turns":3.0},{"damage":0,"enemies":"Jaw Worm","floor":5,"turns":3},{"damage":25,"enemies":"Gremlin Nob","floor":6,"turns":4},{"damage":0,"enemies":"Cultist","floor":7,"turns":5},{"damage":29,"enemies":"Lagavulin","floor":13,"turns":10},{"damage":0,"enemies":"Blue Slaver","floor":14,"turns":2},{"damage":4,"enemies":"Slime Boss","floor":16,"turns":11},{"damage":10,"enemies":"Shell Parasite","floor":18,"turns":4},{"damage":1,"enemies":"Spheric Guardian","floor":20,"turns":3},{"damage":4,"enemies":"Shelled Parasite and Fungi","floor":22,"turns":5},{"damage":0,"enemies":"Cultist and Chosen","floor":23,"turns":5},{"damage":0,"enemies":"Slavers","floor":28,"turns":3},{"damage":0,"enemies":"Centurion and Healer","floor":29,"turns":3},{"damage":85,"enemies":"RedHoodMercenary","floor":33,"turns":6}],"seed_played":"666871592916975014","potions_obtained":[{"floor":16,"key":"Milkshake"},{"floor":22,"key":"EntropicBrew"},{"floor":29,"key":"FearPotion"}],"is_trial":false,"path_per_floor":["M","?","?","$","M","E","M","$","T","R","?","R","E","M","R","B",null,"M","?","M","$","M","M","?","R","T","R","E","M","?","$","R","B"],"character_chosen":"Librarian","items_purchased":["Adrenaline","Deflect_lor","SuppressingShot","Deflect_lor"],"campfire_rested":2,"item_purchase_floors":[4,4,8,21],"current_hp_per_floor":[54,54,54,54,58,35,37,37,37,37,37,97,27,29,89,52,84,74,74,76,76,77,82,82,82,82,82,82,82,82,82,82,0,0],"gold":47,"neow_bonus":"NOSTALGIA","is_daily":false,"chose_seed":false,"campfire_upgraded":4,"win_rate":0.0,"timestamp":1610712105,"path_taken":["M","?","?","$","M","E","?","$","T","R","?","R","E","M","R","BOSS","M","?","M","$","M","M","?","R","T","R","E","M","?","$","R","BOSS"],"items_purchased_type":["Card","Card","Card","Card"],"build_version":"2020-12-22","purchased_purges":2,"victory":false,"max_hp_per_floor":[63,63,63,63,63,63,201,201,201,201,201,201,201,201,201,84,84,84,84,84,84,82,82,82,82,82,82,82,82,82,82,82,82,82],"card_choices":[{"not_picked":["Leap_lor","Diversion","EnergyStrike","ClearTheMind","StructuralAnalysis","ProselytesBlade","SashWhip","SmokingPipe","Quickness"],"picked":"SKIP","floor":1.0},{"not_picked":["Wallop_lor","ClearTheMind","EnergyCycle","PreemptiveStrike","TendonChords","SteelKnuckles","StructuralAnalysis","ShockRound","Riposte"],"picked":"SKIP","floor":5},{"not_picked":["Parry2","FleshFillet","ViolentFlame","FleetFootsteps","SunsetBlade","TimeForALittleTest","Crescendo","Wallop_lor"],"picked":"Zzzzzap","floor":6},{"not_picked":["StructuralAnalysis","UncannyStrike","EnergyStrike","SmokingPipe","GuidanceOfTheGears","Leap_lor","WillOfThePrescript","DesperateStruggle"],"picked":"JustLucky","floor":7},{"not_picked":["CutThroughFate","SinglePointStab","MultiBlock","SearingSword","SunsetBlade","Setup","Outburst","GaleKick"],"picked":"AGoldenOpportunity","floor":13},{"not_picked":["EnergyCycle","FrontalAssault","SnakesPrey","ThirdEye","Feast","GuidanceOfTheGears","Leap_lor","SharpSwipe"],"picked":"LawAndOrder","floor":14},{"not_picked":["Establishment","MindCrush"],"picked":"CleanUp","floor":16},{"not_picked":["WillOfThePrescript","EnergyStrike","RapidGashes","SunsetBlade","DirtyBlow","HiddenBlade","DarkCloud","CleanUp"],"picked":"TendonChords","floor":18},{"not_picked":["Creak","Fence+1","SteelKnuckles","Reload","GuardingStance","YouOnlyLiveOnce","Diversion","EnergyConversion"],"picked":"Unlock1","floor":20},{"not_picked":["Outburst","RapidGashes+1","BackAttack","QuickSuppression","OpportunitySpotted","Eliminate","FierceCharge","PreparedMind+1"],"picked":"WillBeTasty","floor":22},{"not_picked":["TrimTheIngredients+1","FrontalAssault","SkyClearingCut","Rewind","Thirst","AsThePrescriptOrders","DeepDrag","QuickAttack"],"picked":"BayonetCombat+1","floor":23},{"not_picked":["SweepTheBackstreets","TrashDisposal","AlloutWar+1","NightInTheBackstreets","Rewind","ButterflySlash","OpportunitySpotted+1","Ripple"],"picked":"IronWall","floor":28},{"not_picked":["BackAttack","FierceOnslaught","SmokingPipe","WillBeTasty","NightInTheBackstreets+1","SnakesPrey","Overpower+1","RatsGuideToSurvival","SkitterAway"],"picked":"SKIP","floor":29}],"player_experience":268511,"relics_obtained":[{"floor":6,"key":"Lantern"},{"floor":9,"key":"Replay:Accelerometer"},{"floor":13,"key":"Smiling Mask"},{"floor":26,"key":"PageOfBloodbath"},{"floor":28,"key":"Boot"}],"event_choices":[{"damage_healed":0.0,"max_hp_gain":0.0,"max_hp_loss":0.0,"gold_gain":175.0,"event_name":"Liars Game","player_choice":"AGREE","floor":2.0,"gold_loss":0.0,"damage_taken":0.0,"cards_obtained":["Doubt"]},{"damage_healed":0,"gold_gain":0,"player_choice":"1 cards matched","damage_taken":0,"max_hp_gain":0,"max_hp_loss":0,"event_name":"Match and Keep!","floor":3,"gold_loss":0,"cards_obtained":["ExtractFuel"]},{"damage_healed":0,"gold_gain":0,"player_choice":"Grow","damage_taken":0,"max_hp_gain":0,"max_hp_loss":0,"event_name":"Living Wall","floor":11,"gold_loss":0,"cards_upgraded":["JustLucky"]}],"is_beta":false,"boss_relics":[{"not_picked":["ChewingGum","Painkiller Herb"],"picked":"Cursed Key"}],"items_purged_floors":[21,31],"is_endless":false,"potions_floor_spawned":[6,7,16,22,29],"killed_by":"RedHoodMercenary","ascension_level":0}}