{"host":"ik12d6vb81j48hay","time":1610729434,"event":{"mods":["BaseMod","Custom Start","Minty Spire (QoL Compilation)","StSLib"],"gold_per_floor":[109,120,120,132,132,162,180,180,180,180,194,194,205,80,80,175,175,190,224,224,237,237,263,275,302,314,426,438,7,106,116,116,116],"floor_reached":32,"language":"ENG","playtime":1352,"items_purged":[],"score":460,"play_id":"12d6c629-465a-41df-b300-dbf9b7e6849b","local_time":"20210115105034","is_ascension_mode":false,"campfire_choices":[{"data":"Storm","floor":12,"key":"SMITH"},{"data":"Apotheosis","floor":15,"key":"SMITH"},{"data":"Chill","floor":24,"key":"SMITH"},{"data":"Amplify","floor":28,"key":"SMITH"}],"circlet_count":0,"master_deck":["Apotheosis+1","Ball Lightning+1","Dualcast","Zap","Thunder Strike+1","Reinforced Body","Chill+1","Glacier+1","Double Energy","Seek+1","Capacitor","Amplify+1","Defragment","Defragment","Defragment","Defragment","Loop","Storm+1","Biased Cognition","Electrodynamics","Buffer","Echo Form","Creative AI","Loop"],"relics":["FrozenCore","DataDisk","Anchor","Busted Crown","Bottled Lightning","Cables","Ice Cream","Mummified Hand","Nuclear Battery","Sozu","The Courier","Symbiotic Virus","War Paint","Whetstone","Question Card","MealTicket","Emotion Chip","Inserter","Runic Capacitor","Bottled Tornado","ClockworkSouvenir","Mango","Darkstone Periapt","Matryoshka","Lee\u0027s Waffle","Red Mask","MutagenicStrength","White Beast Statue","MawBank","Blue Candle","Gremlin Horn","Pocketwatch","Ornamental Fan","Pantograph","Turnip"],"acts_visited":["Exordium","TheCity"],"potions_floor_usage":[],"damage_taken":[{"damage":0,"enemies":"Jaw Worm","floor":1,"turns":2},{"damage":0,"enemies":"Small Slimes","floor":2,"turns":2},{"damage":0,"enemies":"2 Louse","floor":4,"turns":2},{"damage":0,"enemies":"3 Sentries","floor":6,"turns":2},{"damage":3,"enemies":"Gremlin Gang","floor":7,"turns":2},{"damage":0,"enemies":"Exordium Thugs","floor":11,"turns":2},{"damage":11,"enemies":"Exordium Wildlife","floor":13,"turns":2},{"damage":0,"enemies":"The Guardian","floor":16,"turns":3},{"damage":0,"enemies":"Spheric Guardian","floor":18,"turns":2},{"damage":0,"enemies":"Masked Bandits","floor":19,"turns":3},{"damage":0,"enemies":"3 Byrds","floor":21,"turns":1},{"damage":0,"enemies":"Gremlin Leader","floor":23,"turns":2},{"damage":0,"enemies":"Cultist and Chosen","floor":25,"turns":2},{"damage":0,"enemies":"Colosseum Slavers","floor":27,"turns":2},{"damage":0,"enemies":"Colosseum Nobs","floor":27,"turns":3},{"damage":0,"enemies":"Snake Plant","floor":31,"turns":2}],"seed_played":"5371980241574966817","potions_obtained":[],"is_trial":true,"path_per_floor":["M","M","?","M","$","E","M","?","T","?","M","R","M","$","R","B",null,"M","?","?","M","?","E","R","M","T","?","R","$","?","M","R"],"character_chosen":"DEFECT","items_purchased":["Lee\u0027s Waffle","Pantograph","Turnip"],"campfire_rested":0,"item_purchase_floors":[14,29,29],"current_hp_per_floor":[75,75,64,64,79,79,76,81,81,81,81,81,70,101,101,101,101,101,101,101,101,101,101,101,101,101,101,101,101,101,101,101,101],"gold":116,"neow_bonus":"","is_daily":false,"chose_seed":false,"campfire_upgraded":4,"win_rate":0.0,"timestamp":1610729434,"path_taken":["M","M","?","M","$","E","M","?","T","?","M","R","?","$","R","BOSS","M","?","?","M","?","E","R","?","T","?","R","$","?","M","R"],"items_purchased_type":["Relic","Relic","Relic"],"build_version":"2020-12-22","purchased_purges":0,"victory":false,"max_hp_per_floor":[75,75,89,89,89,89,89,94,94,94,94,94,94,101,101,101,101,101,101,101,101,101,101,101,101,101,101,101,101,101,101,101,101],"card_choices":[{"not_picked":["Rebound","Steam Power"],"picked":"SKIP","floor":1},{"not_picked":["Leap"],"picked":"Loop","floor":2},{"not_picked":["Reinforced Body","Streamline"],"picked":"SKIP","floor":4},{"not_picked":["Hologram","Conserve Battery"],"picked":"SKIP","floor":6},{"not_picked":["Chill","Rebound"],"picked":"SKIP","floor":7},{"not_picked":["Steam","Coolheaded"],"picked":"SKIP","floor":11},{"not_picked":["Ball Lightning","Glacier"],"picked":"SKIP","floor":13},{"not_picked":["Defragment+1","Steam"],"picked":"SKIP","floor":18},{"not_picked":["Reinforced Body+1","Rip and Tear"],"picked":"SKIP","floor":21},{"not_picked":["Leap","Blizzard"],"picked":"SKIP","floor":23},{"not_picked":["Self Repair","Melter"],"picked":"SKIP","floor":25},{"not_picked":["Genetic Algorithm","Reprogram"],"picked":"SKIP","floor":31}],"player_experience":2000225,"relics_obtained":[{"floor":6,"key":"Darkstone Periapt"},{"floor":9,"key":"Matryoshka"},{"floor":19,"key":"Red Mask"},{"floor":23,"key":"MawBank"},{"floor":26,"key":"Blue Candle"},{"floor":26,"key":"Gremlin Horn"},{"floor":27,"key":"Pocketwatch"},{"floor":27,"key":"Ornamental Fan"}],"event_choices":[{"damage_healed":0,"gold_gain":0,"player_choice":"Success","damage_taken":25,"relics_obtained":["Mango"],"max_hp_gain":0,"max_hp_loss":0,"event_name":"Scrap Ooze","floor":3,"gold_loss":0},{"damage_healed":0,"gold_gain":0,"player_choice":"Donut","damage_taken":0,"max_hp_gain":5,"max_hp_loss":0,"event_name":"Big Fish","floor":8,"gold_loss":0},{"cards_removed":["Tempest"],"damage_healed":0,"gold_gain":0,"player_choice":"Card Removal","damage_taken":0,"max_hp_gain":0,"max_hp_loss":0,"event_name":"Wheel of Change","floor":10,"gold_loss":0},{"damage_healed":0,"gold_gain":0,"player_choice":"Fought Bandits","damage_taken":0,"max_hp_gain":0,"max_hp_loss":0,"event_name":"Masked Bandits","floor":19,"gold_loss":0},{"damage_healed":0,"gold_gain":0,"player_choice":"Inject Mutagens","damage_taken":0,"relics_obtained":["MutagenicStrength"],"max_hp_gain":0,"max_hp_loss":0,"event_name":"Drug Dealer","floor":20,"gold_loss":0},{"cards_removed":["Machine Learning"],"damage_healed":0,"gold_gain":0,"player_choice":"Gave Card","damage_taken":0,"relics_obtained":["White Beast Statue"],"max_hp_gain":0,"max_hp_loss":0,"event_name":"WeMeetAgain","floor":22,"gold_loss":0},{"damage_healed":0,"gold_gain":0,"player_choice":"Fight","damage_taken":0,"max_hp_gain":0,"max_hp_loss":0,"event_name":"Colosseum","floor":27,"gold_loss":0},{"damage_healed":0,"gold_gain":0,"player_choice":"Fought Nobs","damage_taken":0,"max_hp_gain":0,"max_hp_loss":0,"event_name":"Colosseum","floor":27,"gold_loss":0},{"damage_healed":0,"gold_gain":99,"player_choice":"Stole From Cult","damage_taken":0,"max_hp_gain":0,"max_hp_loss":0,"event_name":"Nest","floor":30,"gold_loss":0}],"is_beta":false,"boss_relics":[{"not_picked":["Black Star","Inserter"],"picked":"FrozenCore"}],"items_purged_floors":[],"is_endless":false,"potions_floor_spawned":[4,7,11,18,21,23,25,27,27,31],"ascension_level":0}}