{"host":"3j2m8n0ywf988fwb","time":1610725418,"event":{"mods":["2.2 Compatiblity","Act Like it!","Aspiration","Astrologer","BaseMod","Beaked The Cultist","Better Altar","Better Match","Better Note","Better Sensory Stone","Better Skull","Better Third Choice","CCEM","ChefMod","Colored Map","Colored Powertips","Conspire","Dark Map","Energized Spire","Evolution","Fireblade Mod","GifTheSpireLib","Googly Eyes","Halation","Hallownest","Highlight Path","Hubris","Infinite Spire","Jedi Mod","Marisa????????","Marked Mod","Mimic Mod","Minty Spire (QoL Compilation)","Random Character Button","Relic Stats","Replay The Spire","Robot Space Explorer","Shop Mod","Somnambulant","StSLib","Stuff the Spire","The Bug Knight","The Hierophant","The Kombatant","The Marked","The Runesmith","TheFirefly","Unceasing Turn Reminder","everything is the same but u backflip on backflip"],"gold_per_floor":[109,109,109,109,121,121,139,139,208,51,68,68,68,80,80,189,189,206,206,224,245,245,279,299,299,299],"floor_reached":25,"language":"ENG","playtime":1299,"items_purged":[],"score":238,"play_id":"ca531e78-f21a-4cf3-b22c-3629317a95ec","local_time":"20210115094338","is_ascension_mode":false,"campfire_choices":[{"data":"FireBladeMod:AbsorbEnergy","floor":6,"key":"SMITH"},{"data":"FireBladeMod:SmokeScreen","floor":8,"key":"SMITH"},{"data":"FireBladeMod:Accelerant","floor":13,"key":"SMITH"},{"floor":15,"key":"REST"}],"circlet_count":0,"master_deck":["FireBladeMod:StrikeFireBlade","FireBladeMod:StrikeFireBlade","FireBladeMod:StrikeFireBlade","FireBladeMod:StrikeFireBlade","FireBladeMod:DefendFireBlade","FireBladeMod:DefendFireBlade","FireBladeMod:DefendFireBlade","FireBladeMod:DefendFireBlade","FireBladeMod:FlamingSword","FireBladeMod:FireBarrier","FireBladeMod:SmokeScreen+1","Writhe","FireBladeMod:AbsorbEnergy+1","FireBladeMod:Flames","FireBladeMod:Accelerant+1","FireBladeMod:Shove","FireBladeMod:GlassGreatsword","FireBladeMod:Flames","FireBladeMod:SmokeScreen+1","FireBladeMod:BattleMage","FireBladeMod:Speed","StuffTheSpire:GnomedCurse"],"relics":["FireBladeMod:BattleMasterLocket","EVO:Axolotl","Velvet Choker","energizedSpire:CursedPentagram","Darkstone Periapt","Lantern","halation:PromiseList","jedi:cryingmask"],"acts_visited":["Exordium","TheCity"],"potions_floor_usage":[21,21,25],"damage_taken":[{"damage":0,"enemies":"Hallownest:monsterHuskGuard","floor":1,"turns":4},{"damage":1,"enemies":"2_ Uuma","floor":5,"turns":5},{"damage":0,"enemies":"Hallownest:monsterHuskWarrior","floor":7,"turns":3},{"damage":2,"enemies":"Hallownest:monsterFoolEater","floor":11,"turns":3},{"damage":20,"enemies":"Hallownest:2_Tiktiks_1_Baldur_1_Crawlid","floor":14,"turns":5},{"damage":44,"enemies":"Hallownest:BossFalseKnight","floor":16,"turns":8},{"damage":14,"enemies":"conspire:FuzzyDice","floor":18,"turns":5},{"damage":5,"enemies":"Chosen","floor":20,"turns":4},{"damage":6,"enemies":"Snake Plant","floor":21,"turns":4},{"damage":56,"enemies":"Gremlin Leader","floor":23,"turns":8},{"damage":16,"enemies":"Centurion and Healer","floor":24,"turns":7},{"damage":12,"enemies":"3 Cultists","floor":25,"turns":2}],"seed_played":"9139568725248816790","potions_obtained":[{"floor":1,"key":"Dexterity Potion"},{"floor":7,"key":"SpeedPotion"},{"floor":18,"key":"ColorlessPotion"},{"floor":20,"key":"Block Potion"},{"floor":24,"key":"conspire:TimeTravelPotion"}],"is_trial":false,"path_per_floor":["M","?","?","?","M","R","M","R","T","$","M","?","R","M","R","B",null,"M","?","M","M","?","E","M","M"],"character_chosen":"THE_FIREBLADE","items_purchased":["halation:PromiseList"],"campfire_rested":1,"item_purchase_floors":[10],"current_hp_per_floor":[70,30,30,44,43,43,43,43,43,43,41,41,41,27,54,10,90,76,85,80,74,74,18,8,0,0],"gold":299,"neow_bonus":"DOUBLE_BOSS_RELIC","is_daily":false,"chose_seed":false,"campfire_upgraded":3,"win_rate":0.0,"timestamp":1610725418,"path_taken":["M","?","?","?","?","R","M","R","T","?","M","?","R","?","R","BOSS","M","?","M","M","?","E","?","?"],"items_purchased_type":["Relic"],"build_version":"2020-12-22","purchased_purges":0,"victory":false,"max_hp_per_floor":[70,70,70,84,84,84,84,84,84,84,84,84,84,90,90,90,90,90,90,90,90,90,90,96,96,96],"relic_stats":{"Darkstone Periapt":18,"counters":[12,58],"obtain_stats":[{"Darkstone Periapt":2,"Lantern":2,"energizedSpire:CursedPentagram":0,"FireBladeMod:DuelistLocket":0,"Velvet Choker":0,"jedi:cryingmask":23,"halation:PromiseList":10,"EVO:Axolotl":0,"FireBladeMod:BattleMasterLocket":17},{"Darkstone Periapt":1,"Lantern":1,"energizedSpire:CursedPentagram":0,"FireBladeMod:DuelistLocket":0,"Velvet Choker":0,"jedi:cryingmask":10,"halation:PromiseList":3,"EVO:Axolotl":0,"FireBladeMod:BattleMasterLocket":6},{"Darkstone Periapt":4,"Lantern":4,"energizedSpire:CursedPentagram":0,"FireBladeMod:DuelistLocket":0,"Velvet Choker":0,"jedi:cryingmask":49,"halation:PromiseList":12,"EVO:Axolotl":0,"FireBladeMod:BattleMasterLocket":28}]},"card_choices":[{"not_picked":["FireBladeMod:Tempo","FireBladeMod:FinishingBarrage"],"picked":"FireBladeMod:SmokeScreen","floor":1},{"not_picked":["FireBladeMod:QuickJabs","FireBladeMod:Robust"],"picked":"FireBladeMod:AbsorbEnergy","floor":5},{"not_picked":["FireBladeMod:GetPumped","FireBladeMod:SmokySwing"],"picked":"FireBladeMod:Flames","floor":7},{"not_picked":["FireBladeMod:Robust","FireBladeMod:MomentumStrikes"],"picked":"FireBladeMod:Accelerant","floor":11},{"not_picked":["FireBladeMod:ComplexAttack","FireBladeMod:EruptionSlash"],"picked":"FireBladeMod:Shove","floor":14},{"not_picked":["FireBladeMod:LightningCombo","FireBladeMod:RapidHits"],"picked":"FireBladeMod:GlassGreatsword","floor":16},{"not_picked":["FireBladeMod:SteadyEndurance","FireBladeMod:SmashingEndurance"],"picked":"FireBladeMod:Flames","floor":18},{"not_picked":["FireBladeMod:WellPrepared","FireBladeMod:Robust"],"picked":"FireBladeMod:SmokeScreen+1","floor":20},{"not_picked":["FireBladeMod:ComboCleave+1","FireBladeMod:ComplexDefense","FireBladeMod:SmokeScreen+1"],"picked":"SKIP","floor":21},{"not_picked":["FireBladeMod:Robust+1","FireBladeMod:Tempo"],"picked":"FireBladeMod:BattleMage","floor":23},{"not_picked":["FireBladeMod:Accelerant","FireBladeMod:SpinningSmash"],"picked":"FireBladeMod:Speed","floor":24}],"player_experience":1087712,"relics_obtained":[{"floor":23,"key":"jedi:cryingmask"}],"event_choices":[{"cards_removed":["hubris:Greed"],"damage_healed":0,"gold_gain":0,"player_choice":"Elegance","damage_taken":0,"max_hp_gain":0,"max_hp_loss":0,"event_name":"betterThird:BetterWriting","floor":22,"gold_loss":0}],"is_beta":false,"boss_relics":[{"not_picked":["energizedSpire:RedRose","halation:HeavySnake"],"picked":"FireBladeMod:BattleMasterLocket"}],"items_purged_floors":[],"is_endless":false,"potions_floor_spawned":[1,7,18,20,24],"killed_by":"3 Cultists","ascension_level":0}}