{"host":"0mk07bycsqo1qk03","time":1610712845,"event":{"mods":["BaseMod","Bestiary","Downfall","Hermit","Hubris","Minty Spire (QoL Compilation)","Replay The Spire","StSLib","The Cursed","The Servant 0.9.4"],"gold_per_floor":[112,128,147,147,159,189,189,208,208,208,235,250,250,298,298,373,373,393,445,445,445],"floor_reached":20,"language":"ENG","playtime":891,"items_purged":[],"score":468,"play_id":"e145cb9b-739f-4c03-82e0-595420c514c2","local_time":"20210115131405","is_ascension_mode":true,"campfire_choices":[{"data":"Uppercut","floor":7,"key":"SMITH"},{"data":"ReplayTheSpireMod:Strike From Hell","floor":13,"key":"SMITH"},{"data":"ReplayTheSpireMod:Strike From Hell","floor":15,"key":"SMITH"}],"circlet_count":0,"master_deck":["AscendersBane","Strike_R","Strike_R","Strike_R","Strike_R","Defend_R+1","Defend_R","Defend_R","Defend_R+1","Bash","Uppercut+1","Infernal Blade","ReplayTheSpireMod:Strike From Hell+1","ReplayTheSpireMod:Strike From Hell+1","Offering","Burning Pact","Headbutt"],"relics":["Burning Blood","hubris:SlimyHat","Replay:Ringing Soul","hubris:Towel","Red Skull","War Paint","Ooze Armor","Potion Belt"],"acts_visited":["TheCity"],"potions_floor_usage":[6,6,18],"damage_taken":[{"damage":2,"enemies":"Cultist","floor":1,"turns":4},{"damage":4,"enemies":"Small Slimes","floor":2,"turns":4},{"damage":2,"enemies":"2 Louse","floor":3,"turns":3},{"damage":16,"enemies":"Blue Slaver","floor":5,"turns":4},{"damage":11,"enemies":"Gremlin Nob","floor":6,"turns":3},{"damage":6,"enemies":"Red Slaver","floor":8,"turns":2},{"damage":31,"enemies":"Lagavulin","floor":11,"turns":6},{"damage":20,"enemies":"3 Louse","floor":12,"turns":3},{"damage":6,"enemies":"Slime Boss","floor":16,"turns":6},{"damage":36,"enemies":"Shell Parasite","floor":18,"turns":7},{"damage":23,"enemies":"3 Byrds","floor":20,"turns":3}],"seed_played":"7706674835789600577","potions_obtained":[{"floor":1,"key":"Swift Potion"},{"floor":2,"key":"SteroidPotion"},{"floor":8,"key":"Ancient Potion"},{"floor":11,"key":"LiquidMemories"},{"floor":18,"key":"Ancient Potion"}],"is_trial":false,"path_per_floor":["M","M","M","?","M","E","R","M","T","?","E","M","R","T","R","B",null,"M","T","M"],"character_chosen":"IRONCLAD","items_purchased":[],"campfire_rested":0,"item_purchase_floors":[],"current_hp_per_floor":[79,81,82,82,72,67,67,67,67,67,45,31,31,31,31,31,72,42,42,19,19],"gold":445,"neow_bonus":"TEN_PERCENT_HP_BONUS","is_daily":false,"chose_seed":false,"campfire_upgraded":3,"win_rate":0.0,"timestamp":1610712845,"path_taken":["M","M","?","?","M","E","R","M","T","?","E","M","R","?","R","BOSS","M","?","?"],"items_purchased_type":[],"build_version":"2020-12-22","purchased_purges":0,"victory":false,"max_hp_per_floor":[82,82,82,82,82,82,82,82,82,82,85,85,85,85,85,85,85,85,85,85,85],"card_choices":[{"not_picked":["True Grit","Rupture"],"picked":"Uppercut","floor":1},{"not_picked":["Entrench","Sword Boomerang"],"picked":"Infernal Blade","floor":2},{"not_picked":["Havoc","Ghostly Armor"],"picked":"ReplayTheSpireMod:Strike From Hell","floor":3},{"not_picked":["Barricade","Headbutt"],"picked":"ReplayTheSpireMod:Strike From Hell","floor":5},{"not_picked":["hubris:ReadiedAction","Power Through"],"picked":"Offering","floor":6},{"not_picked":["Thunderclap","hubris:ReadiedAction"],"picked":"Burning Pact","floor":8},{"not_picked":["Rage","ReplayReversal"],"picked":"Headbutt","floor":11},{"not_picked":["Clothesline","ReplayTheSpireMod:Strike From Hell","Life Link"],"picked":"SKIP","floor":12},{"not_picked":["Clash","Shrug It Off","Cleave"],"picked":"SKIP","floor":18}],"player_experience":890570,"relics_obtained":[{"floor":6,"key":"hubris:SlimyHat"},{"floor":9,"key":"Replay:Ringing Soul"},{"floor":11,"key":"Red Skull"},{"floor":14,"key":"War Paint"},{"floor":19,"key":"Potion Belt"}],"event_choices":[],"is_beta":false,"boss_relics":[{"not_picked":["Black Blood","hubris:CrackedHourglass"],"picked":"Ooze Armor"}],"items_purged_floors":[],"is_endless":false,"potions_floor_spawned":[1,2,8,11,12,18],"killed_by":"3 Byrds","ascension_level":20}}