{"host":"7rmsgc3rayi00cdt","time":1610699387,"event":{"mods":["BaseMod","Minty Spire (QoL Compilation)"],"gold_per_floor":[210,101,26,37,37,37,48,76,76,87,104,104,130,146,146,217,217,236,236,261,67,77,77,77,102,151,151,151],"floor_reached":27,"language":"ENG","playtime":947,"items_purged":["Strike_B"],"score":434,"play_id":"13968c5d-4256-49fa-bc8b-f87b0f5a185d","local_time":"20210115082947","is_ascension_mode":true,"campfire_choices":[{"data":"Leap","floor":6,"key":"SMITH"},{"floor":12,"key":"REST"},{"floor":15,"key":"REST"},{"floor":23,"key":"REST"}],"circlet_count":0,"master_deck":["AscendersBane","Strike_B","Strike_B","Defend_B","Defend_B","Defend_B","Defend_B","Zap+1","Dualcast","Leap+1","Streamline+1","FTL","Gash+1","Scrape","Go for the Eyes","Rainbow","Beam Cell","RitualDagger","Stack","Hologram"],"relics":["Cracked Core","The Courier","Whetstone","Calipers","SacredBark","Red Mask","Sling","Ornamental Fan","Tiny Chest"],"acts_visited":["Exordium","TheCity"],"potions_floor_usage":[4,8,16,20,25,25,27],"damage_taken":[{"damage":7,"enemies":"Jaw Worm","floor":1,"turns":4},{"damage":1,"enemies":"2 Louse","floor":4,"turns":3},{"damage":0,"enemies":"Small Slimes","floor":7,"turns":3},{"damage":31,"enemies":"Lagavulin","floor":8,"turns":6},{"damage":1,"enemies":"Exordium Wildlife","floor":10,"turns":2},{"damage":0,"enemies":"Red Slaver","floor":11,"turns":3},{"damage":8,"enemies":"Gremlin Nob","floor":13,"turns":3},{"damage":7,"enemies":"Lots of Slimes","floor":14,"turns":3},{"damage":36,"enemies":"Slime Boss","floor":16,"turns":9},{"damage":10,"enemies":"3 Byrds","floor":18,"turns":5},{"damage":29,"enemies":"Masked Bandits","floor":20,"turns":4},{"damage":1,"enemies":"Chosen","floor":22,"turns":4},{"damage":18,"enemies":"Gremlin Leader","floor":25,"turns":5},{"damage":24,"enemies":"Snake Plant","floor":27,"turns":5}],"seed_played":"-5973336789360826735","potions_obtained":[{"floor":4,"key":"Energy Potion"},{"floor":7,"key":"AttackPotion"},{"floor":14,"key":"LiquidMemories"},{"floor":18,"key":"EntropicBrew"},{"floor":25,"key":"LiquidBronze"}],"is_trial":false,"path_per_floor":["M","$","?","M","?","R","M","E","T","M","M","R","E","M","R","B",null,"M","?","?","$","M","R","$","E","T","M"],"character_chosen":"DEFECT","items_purchased":["Fruit Juice","Sling"],"campfire_rested":3,"item_purchase_floors":[2,21],"current_hp_per_floor":[57,57,57,61,61,61,61,30,30,29,29,51,43,36,58,22,63,53,47,18,18,17,39,39,21,21,0,0],"gold":151,"neow_bonus":"HUNDRED_GOLD","is_daily":false,"chose_seed":false,"campfire_upgraded":1,"win_rate":0.0,"timestamp":1610699387,"path_taken":["M","$","?","M","?","R","M","E","T","M","M","R","E","M","R","BOSS","M","?","?","?","M","R","$","E","T","M"],"items_purchased_type":["Potion","Relic"],"build_version":"2020-12-22","purchased_purges":1,"victory":false,"max_hp_per_floor":[71,71,71,76,76,76,76,76,76,76,76,76,76,76,76,76,76,76,76,76,76,76,76,76,76,76,76,76],"card_choices":[{"not_picked":["Coolheaded","Cold Snap"],"picked":"Leap","floor":1},{"not_picked":["Compile Driver","Doom and Gloom"],"picked":"Streamline","floor":4},{"not_picked":["Rip and Tear","Steam"],"picked":"FTL","floor":7},{"not_picked":["Sunder","BootSequence"],"picked":"Gash","floor":8},{"not_picked":["Redo","Tempest"],"picked":"Scrape","floor":10},{"not_picked":["Loop","Stack"],"picked":"Go for the Eyes","floor":11},{"not_picked":["Turbo","Melter","Aggregate"],"picked":"SKIP","floor":13},{"not_picked":["Loop","Streamline","Recycle"],"picked":"SKIP","floor":14},{"not_picked":["Electrodynamics","Biased Cognition"],"picked":"Rainbow","floor":16},{"not_picked":["Redo","Aggregate"],"picked":"Beam Cell","floor":18},{"not_picked":["Conserve Battery","Force Field"],"picked":"Stack","floor":22},{"not_picked":["Amplify","Storm"],"picked":"Hologram","floor":25}],"player_experience":763202,"relics_obtained":[{"floor":8,"key":"The Courier"},{"floor":9,"key":"Whetstone"},{"floor":13,"key":"Calipers"},{"floor":20,"key":"Red Mask"},{"floor":25,"key":"Ornamental Fan"},{"floor":26,"key":"Tiny Chest"}],"event_choices":[{"cards_removed":["Strike_B"],"damage_healed":0,"gold_gain":0,"player_choice":"Card Removal","damage_taken":0,"max_hp_gain":0,"max_hp_loss":0,"event_name":"The Cleric","floor":3,"gold_loss":75},{"damage_healed":0,"gold_gain":0,"player_choice":"Grow","damage_taken":0,"max_hp_gain":0,"max_hp_loss":0,"event_name":"Living Wall","floor":5,"gold_loss":0,"cards_upgraded":["Zap"]},{"damage_healed":0,"gold_gain":0,"player_choice":"Joined the Cult","damage_taken":6,"max_hp_gain":0,"max_hp_loss":0,"event_name":"Nest","floor":19,"gold_loss":0,"cards_obtained":["RitualDagger"]},{"damage_healed":0,"gold_gain":0,"player_choice":"Fought Bandits","damage_taken":0,"max_hp_gain":0,"max_hp_loss":0,"event_name":"Masked Bandits","floor":20,"gold_loss":0}],"is_beta":false,"boss_relics":[{"not_picked":["Snecko Eye","Runic Pyramid"],"picked":"SacredBark"}],"items_purged_floors":[21],"is_endless":false,"potions_floor_spawned":[4,7,14,18,25],"killed_by":"Snake Plant","ascension_level":16}}