{"host":"s6mlqkqtr3ey2mm2","time":1610733675,"event":{"mods":["100% Spire Juice","2.2 Compatiblity","AchievementEnabler","Aspiration","BaseMod","Beaked The Cultist","Better Note","Better Vampires","BetterRewards","Challenge The Spire","Colored Map","Colored Powertips","Conspire","Curses Come First","Downfall","Emptier Cage","Energized Spire","GifTheSpireLib","GungeonMod","Halation","Hermit","Hubris","Infinite Spire","Ironclad Rager","Magitek Elite","Marked Mod","Minty Spire (QoL Compilation)","Poor People Problems","Quick Restart","RatMod","Replay The Spire","Retaliation","Robot Space Explorer","Shade Mod","Somnambulant","Spicy Shops","StSLib","Stuff the Spire","The Blue Laboratory","The Construct","The Druid","The Hierophant","The IronCluck","The Necromancer","The Poker Player","The Runesmith","The Servant 0.9.4","The Valiant","vexMod"],"gold_per_floor":[99,118,118,218,229,245,245,170,2,12,12,12,26,26,46,146,146,71,88,73,73,141,141,210,210,222,222,222,235,235,253,265,364,364,364,380,429,429,429,442,491,491,491,491,20,33,50,50,64,64],"floor_reached":51,"language":"ENG","playtime":4761,"items_purged":["Guardian:Strike_Guardian","Guardian:Strike_Guardian","Guardian:Strike_Guardian"],"score":637,"play_id":"4c20a061-37dc-44cc-a382-90b0830ec569","local_time":"20210115130115","is_ascension_mode":false,"campfire_choices":[{"floor":1.0,"key":"RECALL"},{"data":"Guardian:SentryBeam","floor":8.0,"key":"SMITH"},{"data":"Guardian:PrimingBeam","floor":11.0,"key":"SMITH"},{"data":"Guardian:Clone","floor":18.0,"key":"SMITH"},{"data":"Guardian:StasisField","floor":23.0,"key":"SMITH"},{"data":"Guardian:PrimingBeam","floor":25.0,"key":"SMITH"},{"data":"Guardian:RefractedBeam","floor":27.0,"key":"SMITH"},{"data":"Guardian:RefractedBeam+1","floor":30.0,"key":"SMITH"},{"data":"Guardian:RefractedBeam+2","floor":35,"key":"SMITH"},{"data":"Guardian:RefractedBeam+3","floor":42,"key":"SMITH"},{"floor":44,"key":"REST"}],"circlet_count":0,"master_deck":["Guardian:Defend_Guardian","Guardian:Defend_Guardian","Guardian:Defend_Guardian","Guardian:CurlUp","Guardian:TwinSlam","Guardian:PolyBeam+1","Guardian:SentryBeam+1","Guardian:StasisField+1","Guardian:Clone+1","Guardian:PrimingBeam+1","Guardian:PiercingHide","Guardian:PrimingBeam+1","Guardian:RefractedBeam+4","ReplayTheSpireMod:Book of Names","Guardian:TemporalStrike","Guardian:AncientConstruct","Guardian:MultiBeam+1","Guardian:CrystalBeam+1","StuffTheSpire:CelestialWarden","Guardian:PolyBeam+1","Guardian:PrimingBeam","Guardian:RevengeProtocol"],"relics":["Guardian:ModeShifter","Ring of Hypnosis","Regal Pillow","downfall:HeartBlessingRed","StuffTheSpire:Barrel","construct:ClawGrip","downfall:HeartBlessingBlue","Calipers","DemoMod:DecoyRelic","vexMod:ScavengeHelm","infinitespire:Golems Mask","conspire:SlowCooker","vexMod:HeadHunter","halation:PapillonHeart","hubris:FunFungus","StuffTheSpire:MayFlowers","ReplayTheSpireMod:Lightbulb"],"acts_visited":["Exordium","TheCity","TheBeyond"],"potions_floor_usage":[36,40,49,49],"damage_taken":[{"damage":2.0,"enemies":"Small Slimes","floor":2.0,"turns":5.0},{"damage":0.0,"enemies":"Jaw Worm","floor":5.0,"turns":4.0},{"damage":0.0,"enemies":"Cultist","floor":6.0,"turns":3.0},{"damage":0.0,"enemies":"downfall:FleeingMerchant","floor":9.0,"turns":4.0},{"damage":0.0,"enemies":"Large Slime","floor":10.0,"turns":5.0},{"damage":6.0,"enemies":"Blue Slaver","floor":13.0,"turns":3.0},{"damage":4.0,"enemies":"Lots of Slimes","floor":15.0,"turns":3.0},{"damage":24.0,"enemies":"downfall:Silent","floor":16.0,"turns":7.0},{"damage":0.0,"enemies":"Spheric Guardian","floor":19.0,"turns":3.0},{"damage":0.0,"enemies":"downfall:FleeingMerchant","floor":20.0,"turns":4.0},{"damage":2.0,"enemies":"3 Byrds","floor":26.0,"turns":4.0},{"damage":0.0,"enemies":"Snake Plant","floor":29.0,"turns":3.0},{"damage":11.0,"enemies":"Centurion and Healer","floor":31.0,"turns":5.0},{"damage":0.0,"enemies":"Shelled Parasite and Fungi","floor":32.0,"turns":3.0},{"damage":34,"enemies":"downfall:Ironclad","floor":33,"turns":5},{"damage":13,"enemies":"3 Darklings","floor":36,"turns":5},{"damage":30,"enemies":"2 Orb Walkers","floor":37,"turns":4},{"damage":13,"enemies":"Orb Walker","floor":40,"turns":3},{"damage":2,"enemies":"downfall:FleeingMerchant","floor":45,"turns":3},{"damage":14,"enemies":"3 Darklings","floor":46,"turns":3},{"damage":6,"enemies":"Jaw Worm Horde","floor":47,"turns":3},{"damage":2,"enemies":"Maw","floor":49,"turns":4},{"damage":2,"enemies":"downfall:Watcher","floor":50,"turns":4}],"seed_played":"4090071449291048211","potions_obtained":[{"floor":2.0,"key":"blueLaboratory:FruitPunch"},{"floor":15.0,"key":"sneckomod:MuddlingPotion"},{"floor":31.0,"key":"BlessingOfTheForge"},{"floor":33,"key":"blueLaboratory:PhilterOfMotion"},{"floor":37,"key":"champ:CounterPotion"},{"floor":46,"key":"Adrenaline Potion"},{"floor":47,"key":"blueLaboratory:SavagePotion"}],"is_trial":false,"path_per_floor":["R","M","?","?","M","M","T","R","$","M","R","?","M","T","M","B",null,"R","M","$","AVR","T","R","T","R","M","R","T","M","R","M","M","B",null,"R","M","?","?","?","M","T","R","?","R","$","M","M","?","M","B",null],"character_chosen":"GUARDIAN","items_purchased":["StuffTheSpire:Barrel","hubris:FunFungus","StuffTheSpire:MayFlowers","ReplayTheSpireMod:Lightbulb"],"campfire_rested":1,"item_purchase_floors":[9,45,45,45],"current_hp_per_floor":[88,86,86,86,86,86,86,86,88,90,90,90,90,90,90,74,90,100,100,100,100,100,100,100,100,98,98,98,98,98,87,87,53,100,100,87,57,57,57,44,44,44,44,87,85,83,85,85,92,90],"gold":64,"neow_bonus":"TEN_PERCENT_HP_BONUS","is_daily":false,"chose_seed":false,"campfire_upgraded":9,"win_rate":0.0,"timestamp":1610733675,"path_taken":["R","M","?","?","?","M","T","R","$","M","R","?","M","?","M","BOSS","R","M","?","AVR","?","R","T","R","M","R","?","M","R","?","M","BOSS","R","M","?","?","?","M","T","R","?","R","$","M","M","?","M","BOSS"],"items_purchased_type":["Relic","Relic","Relic","Relic"],"build_version":"2020-12-22","purchased_purges":3,"victory":true,"max_hp_per_floor":[88,88,88,88,88,88,88,88,90,90,90,90,90,90,90,90,90,100,100,100,100,100,100,100,100,100,100,100,100,100,100,100,100,100,100,100,100,100,95,95,95,95,95,95,95,95,95,95,95,95],"card_choices":[{"not_picked":["Guardian:ArmoredProtocol","Guardian:CrystalBeam"],"picked":"Guardian:PolyBeam","floor":2.0},{"not_picked":["Guardian:Suspension","Guardian:Gem_Green"],"picked":"Guardian:SentryBeam","floor":5.0},{"not_picked":["Guardian:TemporalShield","Guardian:EvasiveProtocol"],"picked":"Guardian:StasisField","floor":6.0},{"not_picked":["Guardian:WalkerClaw","Guardian:RollAttack"],"picked":"Guardian:Clone","floor":9.0},{"not_picked":["Guardian:PolyBeam","Guardian:ArmoredProtocol"],"picked":"Guardian:PrimingBeam","floor":10.0},{"not_picked":["Guardian:RollAttack","Guardian:PolyBeam"],"picked":"Guardian:PiercingHide","floor":13.0},{"not_picked":["Guardian:Incinerate","Guardian:PrismaticBarrier"],"picked":"Guardian:PrimingBeam","floor":15.0},{"not_picked":["Guardian:RevengeProtocol","Guardian:HyperBeam_Guardian"],"picked":"Guardian:Gem_Orange","floor":16.0},{"not_picked":["Guardian:Planning","Guardian:TemporalShield"],"picked":"Guardian:Gem_Purple","floor":19.0},{"not_picked":["Guardian:Gem_Cyan","Guardian:RollAttack"],"picked":"Guardian:RefractedBeam","floor":20.0},{"not_picked":["Guardian:Harden","Guardian:PrismaticBeam"],"picked":"Guardian:Gem_Red","floor":26.0},{"not_picked":["Guardian:Gem_Cyan","Guardian:ShieldCharger","Guardian:Reroute+1"],"picked":"SKIP","floor":29.0},{"not_picked":["Guardian:WalkerClaw","Guardian:Gem_Green"],"picked":"Guardian:TemporalStrike","floor":31.0},{"not_picked":["Guardian:Gem_Green","Guardian:Gem_Fragmented","Guardian:ShieldSpikes"],"picked":"SKIP","floor":32},{"not_picked":["Guardian:ConstructionForm","Guardian:ExploitGems"],"picked":"Guardian:AncientConstruct","floor":33},{"not_picked":["Guardian:Preprogram+1","Guardian:ShieldCharger"],"picked":"Guardian:MultiBeam+1","floor":36},{"not_picked":["Guardian:WalkerClaw+1","Guardian:Planning"],"picked":"Guardian:Gem_Crimson","floor":37},{"not_picked":["Guardian:Clone+1","Guardian:RollAttack"],"picked":"Guardian:CrystalBeam+1","floor":40},{"not_picked":["StuffTheSpire:Harmony","StuffTheSpire:Ambrosia"],"picked":"StuffTheSpire:CelestialWarden","floor":43},{"not_picked":["Guardian:VentSteam+1","Guardian:MultiBeam"],"picked":"Guardian:PolyBeam+1","floor":45},{"not_picked":["Guardian:TemporalShield+1","Guardian:Gem_Green"],"picked":"Guardian:PrimingBeam","floor":46},{"not_picked":["Guardian:CrystalBeam+1","Guardian:Suspension+1"],"picked":"Guardian:RevengeProtocol","floor":47},{"not_picked":["Guardian:WalkerClaw+1","Guardian:Gem_Green","Guardian:VentSteam+1"],"picked":"SKIP","floor":49}],"player_experience":112837,"relics_obtained":[{"floor":3.0,"key":"Ring of Hypnosis"},{"floor":7.0,"key":"Regal Pillow"},{"floor":22.0,"key":"DemoMod:DecoyRelic"},{"floor":24.0,"key":"vexMod:ScavengeHelm"},{"floor":28.0,"key":"infinitespire:Golems Mask"},{"floor":37,"key":"vexMod:HeadHunter"},{"floor":41,"key":"vexMod:BarristanHead"}],"event_choices":[{"damage_healed":0,"gold_gain":0,"player_choice":"Fight","damage_taken":0,"max_hp_gain":0,"max_hp_loss":0,"event_name":"Mysterious Sphere","floor":37,"gold_loss":0},{"cards_removed":["Guardian:Defend_Guardian"],"damage_healed":0,"gold_gain":0,"player_choice":"Removed Skill","damage_taken":0,"max_hp_gain":0,"max_hp_loss":0,"event_name":"Falling","floor":38,"gold_loss":0},{"cards_removed":["Guardian:Strike_Guardian"],"damage_healed":0,"gold_gain":0,"player_choice":"Purged","damage_taken":0,"max_hp_gain":0,"max_hp_loss":0,"event_name":"Purifier","floor":48,"gold_loss":0}],"is_beta":false,"boss_relics":[{"not_picked":["vexMod:FluxCapacitor","Replay:Bronze Core"],"picked":"construct:ClawGrip"},{"not_picked":["aspiration:FutureDiary","Runic Dome"],"picked":"conspire:SlowCooker"}],"items_purged_floors":[21,45,45],"is_endless":false,"potions_floor_spawned":[2,15,31,33,37,46,47],"ascension_level":0}}