{"host":"yfdtuf6ojcxn06xg","time":1610670878,"event":{"mods":["2.2 Compatiblity","AchievementEnabler","BaseMod","Colored Map","Colored Powertips","Downfall","Hermit","JesterMod","Jorbs\u0027s Wanderer Trilogy","Minty Spire (QoL Compilation)","Quick Restart","Rare Cards Sparkle","Relic Stats","Replay The Spire","StSLib","The Cursed","The Disciple","The Hierophant","The Jungle","The Necromancer","The Servant 0.9.4"],"gold_per_floor":[115,127,202,202,221,253,253,253,279,293,309,326,326,336,336,437,437,448,448,482,482],"floor_reached":20,"language":"ENG","playtime":1117,"items_purged":[],"score":194,"play_id":"269a6980-2ad9-480d-b466-38c2326f6e3e","local_time":"20210114193438","is_ascension_mode":true,"campfire_choices":[{"data":"Noxious Fumes","floor":7,"key":"SMITH"},{"data":"Toxin Wave","floor":13,"key":"SMITH"},{"floor":15,"key":"REST"}],"circlet_count":0,"master_deck":["Strike_G","Strike_G","Strike_G","Defend_G","Defend_G","Defend_G","Defend_G","Defend_G","Survivor","Neutralize","Toxin Wave+1","Malaise","Noxious Fumes+1","PiercingWail","Sneak Up","Replay:Poison Smokescreen","Deadly Poison","Wraith Form v2","Prepared+1","ReplayTheSpireMod:Speed Training"],"relics":["Ring of the Snake","NeowsBlessing","Matryoshka","Lizard Tail","Strawberry","Bag of Marbles","SlaversCollar","Red Mask"],"acts_visited":["Exordium","TheCity"],"potions_floor_usage":[6,6,16,20],"damage_taken":[{"damage":0,"enemies":"Small Slimes","floor":1,"turns":1},{"damage":0,"enemies":"Jaw Worm","floor":2,"turns":1},{"damage":0,"enemies":"Cultist","floor":5,"turns":1},{"damage":32,"enemies":"Gremlin Nob","floor":6,"turns":5},{"damage":1,"enemies":"Exordium Wildlife","floor":10,"turns":4},{"damage":2,"enemies":"Blue Slaver","floor":11,"turns":4},{"damage":7,"enemies":"Large Slime","floor":12,"turns":7},{"damage":10,"enemies":"Gremlin Gang","floor":14,"turns":3},{"damage":3,"enemies":"Hexaghost","floor":16,"turns":9},{"damage":21,"enemies":"Shell Parasite","floor":18,"turns":5},{"damage":32,"enemies":"Masked Bandits","floor":20,"turns":6}],"seed_played":"1611854914087212048","potions_obtained":[{"floor":2,"key":"ColorlessPotion"},{"floor":5,"key":"SkillPotion"},{"floor":12,"key":"Slimebound:ThreeZeroPotion"},{"floor":16,"key":"Slimebound:ThreeZeroPotion"},{"floor":20,"key":"Regen Potion"}],"is_trial":false,"path_per_floor":["M","M","?","T","M","E","R","?","T","M","M","M","R","M","R","B",null,"M","?","?"],"character_chosen":"THE_SILENT","items_purchased":[],"campfire_rested":1,"item_purchase_floors":[],"current_hp_per_floor":[70,70,59,59,59,27,27,27,34,33,31,24,24,14,37,34,77,56,56,24,24],"gold":482,"neow_bonus":"THREE_ENEMY_KILL","is_daily":false,"chose_seed":false,"campfire_upgraded":2,"win_rate":0.0,"timestamp":1610670878,"path_taken":["M","M","?","?","?","E","R","?","T","?","M","M","R","M","R","BOSS","M","?","?"],"items_purchased_type":[],"build_version":"2020-12-22","purchased_purges":0,"victory":false,"max_hp_per_floor":[70,70,70,70,70,70,70,70,77,77,77,77,77,77,77,77,77,77,77,77,77],"relic_stats":{"Lizard Tail":0,"counters":[11,46],"obtain_stats":[{"SlaversCollar":17,"Lizard Tail":6,"Matryoshka":4,"NeowsBlessing":0,"Strawberry":9,"Bag of Marbles":9,"Red Mask":20,"Ring of the Snake":0},{"SlaversCollar":9,"Lizard Tail":4,"Matryoshka":2,"NeowsBlessing":0,"Strawberry":4,"Bag of Marbles":4,"Red Mask":11,"Ring of the Snake":0},{"SlaversCollar":35,"Lizard Tail":8,"Matryoshka":2,"NeowsBlessing":0,"Strawberry":8,"Bag of Marbles":8,"Red Mask":46,"Ring of the Snake":0}],"Ring of the Snake":[22]},"card_choices":[{"not_picked":["Flying Knee","Deadly Poison"],"picked":"Toxin Wave","floor":1},{"not_picked":["Cloak And Dagger","Slice"],"picked":"Malaise","floor":2},{"not_picked":["Blade Dance","Acrobatics"],"picked":"Noxious Fumes","floor":5},{"not_picked":["Choke","Sucker Punch"],"picked":"PiercingWail","floor":6},{"not_picked":["Accuracy","Deadly Poison"],"picked":"Sneak Up","floor":10},{"not_picked":["Deflect","Dodge and Roll","Backflip"],"picked":"SKIP","floor":11},{"not_picked":["Terror","Infinite Blades"],"picked":"Replay:Poison Smokescreen","floor":12},{"not_picked":["Masterful Stab","Cloak And Dagger"],"picked":"Deadly Poison","floor":14},{"not_picked":["Doppelganger","A Thousand Cuts"],"picked":"Wraith Form v2","floor":16},{"not_picked":["Hidden Blade","Dagger Spray+1"],"picked":"Prepared+1","floor":18},{"not_picked":["Bane","Prepared+1"],"picked":"ReplayTheSpireMod:Speed Training","floor":20}],"player_experience":200808,"relics_obtained":[{"floor":4,"key":"Matryoshka"},{"floor":6,"key":"Lizard Tail"},{"floor":9,"key":"Strawberry"},{"floor":9,"key":"Bag of Marbles"},{"floor":20,"key":"Red Mask"}],"event_choices":[{"damage_healed":0,"gold_gain":75,"player_choice":"Gather Gold","damage_taken":11,"max_hp_gain":0,"max_hp_loss":0,"event_name":"World of Goop","floor":3,"gold_loss":0},{"cards_removed":["Strike_G"],"damage_healed":0,"gold_gain":0,"player_choice":"Offered Basic","damage_taken":0,"max_hp_gain":0,"max_hp_loss":0,"event_name":"Bonfire Elementals","floor":8,"gold_loss":0},{"cards_removed":["Strike_G"],"damage_healed":0,"gold_gain":0,"player_choice":"Elegance","damage_taken":0,"max_hp_gain":0,"max_hp_loss":0,"event_name":"Back to Basics","floor":19,"gold_loss":0},{"damage_healed":0,"gold_gain":0,"player_choice":"Fought Bandits","damage_taken":0,"max_hp_gain":0,"max_hp_loss":0,"event_name":"Masked Bandits","floor":20,"gold_loss":0}],"is_beta":false,"boss_relics":[{"not_picked":["Busted Crown","Pandora\u0027s Box"],"picked":"SlaversCollar"}],"items_purged_floors":[],"is_endless":false,"potions_floor_spawned":[2,5,12,16,20],"killed_by":"Masked Bandits","ascension_level":2}}