{"host":"0vd2boh2oi7jm085","time":1610699175,"event":{"mods":["BaseMod","Colored Map","Colored Powertips","Highlight Path","Minty Spire (QoL Compilation)","Quick Restart","StSLib","The IronCluck"],"gold_per_floor":[360,374,109,109,119,119,138,138,138,138,153,76,86,86,86,182,182,206,206,37,87,107,107,131,131,131,131,149,149,149],"floor_reached":29,"language":"ENG","playtime":561,"items_purged":[],"score":521,"play_id":"9d3aeee6-fe9f-4613-b8cf-a031c9f0ab51","local_time":"20210115002615","is_ascension_mode":true,"campfire_choices":[{"data":"Double Tap","floor":6.0,"key":"SMITH"},{"floor":8.0,"key":"REST"},{"data":"Perfected Strike","floor":10.0,"key":"SMITH"},{"data":"Demon Form","floor":15.0,"key":"SMITH"},{"floor":23.0,"key":"REST"}],"circlet_count":0,"master_deck":["AscendersBane","Strike_R","Strike_R","Strike_R","Strike_R","Strike_R","Defend_R","Defend_R","Defend_R","Defend_R","Bash","Twin Strike","Perfected Strike+1","Double Tap+1","Twin Strike","Thunderclap","Enlightenment+1","Pommel Strike","Demon Form+1","Injury","Demon Form","Wild Strike+1"],"relics":["Burning Blood","Orrery","Gremlin Horn","Golden Idol","Philosopher\u0027s Stone","Vajra","Paper Frog"],"acts_visited":["Exordium","TheCity"],"potions_floor_usage":[],"damage_taken":[{"damage":12.0,"enemies":"2 Louse","floor":1.0,"turns":3.0},{"damage":2.0,"enemies":"Cultist","floor":2.0,"turns":4.0},{"damage":12.0,"enemies":"Jaw Worm","floor":5.0,"turns":2.0},{"damage":11.0,"enemies":"2 Fungi Beasts","floor":7.0,"turns":3.0},{"damage":0.0,"enemies":"Large Slime","floor":11.0,"turns":2.0},{"damage":6.0,"enemies":"Looter","floor":13.0,"turns":2.0},{"damage":0.0,"enemies":"Slime Boss","floor":16.0,"turns":5.0},{"damage":8.0,"enemies":"Chosen","floor":18.0,"turns":3.0},{"damage":36.0,"enemies":"2 Thieves","floor":22.0,"turns":3.0},{"damage":38.0,"enemies":"Sentry and Sphere","floor":24.0,"turns":5.0},{"damage":0.0,"enemies":"Chosen and Byrds","floor":25.0,"turns":1.0},{"damage":38.0,"enemies":"Centurion and Healer","floor":28.0,"turns":3.0},{"damage":27,"enemies":"Snake Plant","floor":29,"turns":2}],"seed_played":"7939748267810601001","potions_obtained":[{"floor":1.0,"key":"SmokeBomb"},{"floor":7.0,"key":"Energy Potion"},{"floor":18.0,"key":"FairyPotion"}],"is_trial":false,"path_per_floor":["M","M","$","?","M","R","M","R","T","R","M","$","M","?","R","B",null,"M","?","$","?","M","R","M","M","T","?","M","M"],"character_chosen":"IRONCLAD","items_purchased":["Orrery","Enlightenment","Demon Form","Vajra"],"campfire_rested":2,"item_purchase_floors":[3,3,12,20],"current_hp_per_floor":[62,66,66,66,60,60,55,68,68,68,68,68,68,68,68,68,68,66,66,66,66,36,56,24,30,30,44,12,11,11],"gold":149,"neow_bonus":"TWO_FIFTY_GOLD","is_daily":false,"chose_seed":false,"campfire_upgraded":3,"win_rate":0.0,"timestamp":1610699175,"path_taken":["M","M","$","?","M","R","M","R","T","R","M","?","?","?","R","BOSS","M","?","$","?","M","R","M","M","T","?","?","M"],"items_purchased_type":["Relic","Card","Card","Relic"],"build_version":"2020-12-22","purchased_purges":0,"victory":false,"max_hp_per_floor":[68,68,68,68,68,68,68,68,68,68,68,68,68,68,68,68,68,68,68,68,68,68,68,68,68,68,68,68,68,68],"card_choices":[{"not_picked":["Flame Barrier","Wild Strike"],"picked":"Twin Strike","floor":1.0},{"not_picked":["Flex","Anger"],"picked":"Perfected Strike","floor":2.0},{"not_picked":["Shrug It Off","Rampage"],"picked":"Double Tap","floor":3.0},{"not_picked":["Metallicize","Anger"],"picked":"Twin Strike","floor":3.0},{"not_picked":["Fire Breathing","Spot Weakness"],"picked":"Thunderclap","floor":3.0},{"not_picked":["Body Slam","Clash","Sword Boomerang"],"picked":"SKIP","floor":5.0},{"not_picked":["Havoc","Heavy Blade","Flex"],"picked":"SKIP","floor":7.0},{"not_picked":["Iron Wave","Sentinel"],"picked":"Pommel Strike","floor":11.0},{"not_picked":["Power Through","Shockwave","Fiend Fire"],"picked":"SKIP","floor":13.0},{"not_picked":["Corruption","Reaper"],"picked":"Demon Form","floor":16.0},{"not_picked":["Entrench+1","Rampage"],"picked":"Wild Strike+1","floor":18.0},{"not_picked":["Spot Weakness","Sword Boomerang","Entrench"],"picked":"SKIP","floor":22.0},{"not_picked":["Iron Wave","Pommel Strike","Second Wind+1"],"picked":"SKIP","floor":24.0},{"not_picked":["Power Through","Anger","Clash"],"picked":"SKIP","floor":28.0},{"not_picked":["Power Through","Anger","Clash"],"picked":"SKIP","floor":28.0}],"player_experience":106955,"relics_obtained":[{"floor":9.0,"key":"Gremlin Horn"},{"floor":26.0,"key":"Paper Frog"}],"event_choices":[{"damage_healed":0.0,"max_hp_gain":0.0,"max_hp_loss":0.0,"gold_gain":0.0,"event_name":"Upgrade Shrine","player_choice":"Upgraded","floor":4.0,"gold_loss":0.0,"damage_taken":0.0,"cards_upgraded":["Enlightenment"]},{"damage_healed":0.0,"max_hp_gain":0.0,"max_hp_loss":0.0,"gold_gain":0.0,"event_name":"Golden Idol","player_choice":"Take Wound","floor":14.0,"gold_loss":0.0,"damage_taken":0.0,"relics_obtained":["Golden Idol"],"cards_obtained":["Injury"]},{"damage_healed":0.0,"max_hp_gain":0.0,"max_hp_loss":0.0,"gold_gain":0.0,"event_name":"Vampires","player_choice":"Ignored","floor":19.0,"gold_loss":0.0,"damage_taken":0.0},{"damage_healed":0.0,"max_hp_gain":0.0,"max_hp_loss":0.0,"gold_gain":50.0,"event_name":"Nest","player_choice":"Stole From Cult","floor":21.0,"gold_loss":0.0,"damage_taken":0.0},{"damage_healed":14.0,"max_hp_gain":0.0,"max_hp_loss":0.0,"gold_gain":0.0,"event_name":"The Library","player_choice":"Heal","floor":27.0,"gold_loss":0.0,"damage_taken":0.0}],"is_beta":false,"boss_relics":[{"not_picked":["Fusion Hammer","Cursed Key"],"picked":"Philosopher\u0027s Stone"}],"items_purged_floors":[],"is_endless":false,"potions_floor_spawned":[1,7,11,18,25],"killed_by":"Snake Plant","ascension_level":19}}