{"host":"5padt50u07xd1iby","time":1610745810,"event":{"mods":["AchievementEnabler","Aspiration","BaseMod","Colored Map","Colored Powertips","Conspire","Dark Map","Downfall","Hubris","Minty Spire (QoL Compilation)","Replay The Spire","Retaliation","Shop Mod","StSLib","SuperFastMode","The Blue Laboratory","everything is the same but u backflip on backflip"],"gold_per_floor":[116,131,163,163,174,200,200,235,235,269,269,299,317,333,333,429,429,446,462,462,474,493,528,528,546,595,625,645,676,699,731,731,834,834,853,872,872,872,890,916,916,936,936,486,504,779,118,131,131,131,131],"floor_reached":50,"language":"ENG","playtime":3115,"items_purged":["Regret"],"score":713,"play_id":"17d5689f-3715-41e1-b7ab-43bc1f133199","local_time":"20210115222330","is_ascension_mode":true,"campfire_choices":[{"floor":7,"key":"REST"},{"floor":15,"key":"DIG"},{"floor":24,"key":"REST"},{"floor":32,"key":"REST"},{"floor":41,"key":"RECALL"},{"data":"Pommel Strike","floor":49,"key":"SMITH"}],"circlet_count":0,"master_deck":["Strike_R+1","Strike_R+1","Defend_R+1","Defend_R+1","Bash+1","Perfected Strike+1","Twin Strike+1","ReplayTheSpireMod:LeadingStrike+1","Perfected Strike+1","DDmod:SpikedSkill+1","Pommel Strike+1","Shrug It Off+1","Immolate+1","Shrug It Off+1","conspire:Purge+1","Inflame+1","Massacre+1","ReplayTheSpireMod:Stacked+1","ReplayTheSpireMod:LeadingStrike+1","DDmod:RapidStrikeAttack+1","Pommel Strike+1","Warcry+1","hubris:StunningStrike+1","conspire:ExplosiveBarrier+1","Armaments+1","Perfected Strike+1","Battle Trance","Power Through+1","conspire:Banana","Pommel Strike","Pommel Strike+1"],"relics":["Burning Blood","aspiration:DSix","Lantern","Replay:Bottled Steam","Toy Ornithopter","Replay:Accelerometer","WarpedTongs","hubris:64BitClover","Vajra","Kintsugi","hubris:PeanutButter","Ornamental Fan","Smiling Mask","Strawberry","hubris:SphereOfDissonance","King of Hearts","Eternal Feather","SlaversCollar","Mark of the Bloom","hubris:ChampionShield","aspiration:HummingbirdHeart","Shuriken","Onion Ring","HandDrill","BargainBundle","Whetstone","hubris:Metronome"],"acts_visited":["Exordium","TheCity","TheBeyond"],"potions_floor_usage":[10,16,19,19,27,33,33,33,33,33,33,33,39,50,50],"damage_taken":[{"damage":1,"enemies":"Jaw Worm","floor":1,"turns":6},{"damage":0,"enemies":"conspire:RoseBush","floor":2,"turns":2},{"damage":31,"enemies":"conspire:MimicChest","floor":3,"turns":5},{"damage":0,"enemies":"2 Louse","floor":5,"turns":2},{"damage":14,"enemies":"Gremlin Nob","floor":6,"turns":3},{"damage":37,"enemies":"Replay:BlueRogue","floor":8,"turns":5},{"damage":26,"enemies":"3 Sentries","floor":10,"turns":6},{"damage":23,"enemies":"Lagavulin","floor":12,"turns":6},{"damage":5,"enemies":"Exordium Thugs","floor":13,"turns":3},{"damage":0,"enemies":"Gremlin Gang","floor":14,"turns":1},{"damage":20,"enemies":"Slime Boss","floor":16,"turns":7},{"damage":48,"enemies":"Shell Parasite","floor":18,"turns":4},{"damage":17,"enemies":"2 Thieves","floor":19,"turns":3},{"damage":10,"enemies":"Snake Plant","floor":21,"turns":4},{"damage":1,"enemies":"3 Cultists","floor":22,"turns":3},{"damage":8,"enemies":"conspire:Head Lice","floor":23,"turns":4},{"damage":24,"enemies":"conspire:HollyBat","floor":25,"turns":9},{"damage":7,"enemies":"Gremlin Leader","floor":27,"turns":5},{"damage":12,"enemies":"Snecko","floor":28,"turns":4},{"damage":28,"enemies":"Slavers","floor":29,"turns":4},{"damage":21,"enemies":"Replay:Snechameleon","floor":31,"turns":4},{"damage":110,"enemies":"Automaton","floor":33,"turns":13},{"damage":4,"enemies":"3 Darklings","floor":35,"turns":4},{"damage":6,"enemies":"3 Shapes","floor":36,"turns":3},{"damage":5,"enemies":"3 Darklings","floor":39,"turns":6},{"damage":7,"enemies":"Reptomancer","floor":40,"turns":4},{"damage":18,"enemies":"Sphere and 2 Shapes","floor":42,"turns":4},{"damage":0,"enemies":"Writhing Mass","floor":45,"turns":4},{"damage":0,"enemies":"4 Shapes","floor":48,"turns":1},{"damage":96,"enemies":"conspire:OrnateMirror","floor":50,"turns":2}],"seed_played":"3655086677589277818","potions_obtained":[{"floor":2,"key":"blueLaboratory:HummingbirdPotion"},{"floor":5,"key":"blueLaboratory:SmithPotion"},{"floor":6,"key":"blueLaboratory:IronCompound"},{"floor":12,"key":"GamblersBrew"},{"floor":18,"key":"blueLaboratory:EmptyBottle"},{"floor":21,"key":"blueLaboratory:BottleOfVodka"},{"floor":25,"key":"blueLaboratory:BubblePotion"},{"floor":27,"key":"DistilledChaos"},{"floor":28,"key":"EntropicBrew"},{"floor":33,"key":"Toxic Potion"},{"floor":35,"key":"AttackPotion"},{"floor":42,"key":"Weak Potion"},{"floor":45,"key":"blueLaboratory:NullPotion"},{"floor":48,"key":"Swift Potion"}],"is_trial":false,"path_per_floor":["M","M","?","$","M","E","R","E","T","E","?","E","M","M","R_BF","B",null,"M","M","?","M","M","E","R","M","T","E","M","E","T","E","R","B",null,"M","M","?","?","M","E","R","M","T","$","M","?","$","M","R","B"],"character_chosen":"IRONCLAD","items_purchased":["Onion Ring","HandDrill","SkillPotion","BargainBundle","conspire:Banana","Whetstone","hubris:Metronome","Pommel Strike"],"campfire_rested":3,"item_purchase_floors":[44,44,44,47,47,47,47,47],"current_hp_per_floor":[80,80,55,55,61,53,77,46,46,31,31,14,15,21,21,12,80,38,37,37,33,38,36,60,42,42,53,47,25,25,10,48,29,87,87,87,87,87,82,75,75,57,57,57,57,57,57,57,57,0,0],"gold":131,"neow_bonus":"DSIX","is_daily":false,"chose_seed":false,"campfire_upgraded":1,"win_rate":0.0,"timestamp":1610745810,"path_taken":["M","M","?","$","M","E","R","E","T","E","?","E","M","M","R_BF","BOSS","M","M","?","M","M","E","R","?","T","E","M","E","?","E","R","BOSS","M","M","?","?","M","E","R","M","T","$","M","?","$","?","R","BOSS"],"items_purchased_type":["Relic","Relic","Potion","Relic","Card","Relic","Relic","Card"],"build_version":"2020-12-22","purchased_purges":1,"victory":false,"max_hp_per_floor":[80,80,80,80,80,80,80,80,80,80,80,80,80,80,80,80,80,80,80,80,80,80,80,80,80,80,87,87,87,87,87,87,87,87,87,87,87,87,87,87,87,87,87,87,87,87,87,87,87,87,87],"card_choices":[{"not_picked":["DDmod:EasePowerCard","hubris:SharpeningStone"],"picked":"Perfected Strike","floor":1},{"not_picked":["Shrug It Off","DDmod:PokeAttack"],"picked":"Twin Strike","floor":2},{"not_picked":["ReplayTheSpireMod:Muscle Training","Shrug It Off"],"picked":"ReplayTheSpireMod:LeadingStrike","floor":3},{"not_picked":["Abandon","DDmod:UnstoppableAttack"],"picked":"Perfected Strike","floor":5},{"not_picked":["Run Through","Havoc"],"picked":"DDmod:SpikedSkill","floor":6},{"not_picked":["Flex","Anger"],"picked":"Pommel Strike","floor":8},{"not_picked":["Flex","Rampage"],"picked":"Shrug It Off","floor":10},{"not_picked":["Twin Strike","Feel No Pain"],"picked":"Immolate","floor":12},{"not_picked":["Havoc","Replay:Undeath\u0027s Touch"],"picked":"Shrug It Off","floor":13},{"not_picked":["Heavy Blade","DDmod:SpikeMailSkill","DDmod:UnstoppableAttack"],"picked":"SKIP","floor":14},{"not_picked":["Fiend Fire","DDmod:PlatedThornsSkill"],"picked":"conspire:Purge","floor":16},{"not_picked":["hubris:ReadiedAction","Flex","Clothesline"],"picked":"SKIP","floor":18},{"not_picked":["Bloodletting+1","DDmod:UnstoppableAttack+1"],"picked":"Inflame","floor":19},{"not_picked":["DDmod:CallousedSkill","Whirlwind"],"picked":"Massacre+1","floor":21},{"not_picked":["Shrug It Off","Pommel Strike"],"picked":"ReplayTheSpireMod:Stacked","floor":22},{"not_picked":["DDmod:UnstoppableAttack+1","Body Slam","Bludgeon"],"picked":"SKIP","floor":23},{"not_picked":["DDmod:EasePowerCard","Warcry"],"picked":"ReplayTheSpireMod:LeadingStrike","floor":25},{"not_picked":["Body Slam","ReplayTheSpireMod:Stacked"],"picked":"DDmod:RapidStrikeAttack","floor":27},{"not_picked":["Shrug It Off","Headbutt"],"picked":"Pommel Strike","floor":28},{"not_picked":["hubris:ReadiedAction+1","DDmod:SpikedSkill"],"picked":"Pommel Strike","floor":29},{"not_picked":["Hemogenesis","True Grit"],"picked":"Warcry","floor":31},{"not_picked":["Eclipse","Barricade"],"picked":"hubris:StunningStrike","floor":33},{"not_picked":["DDmod:UnstoppableAttack+1","Thunderclap","Armaments"],"picked":"SKIP","floor":35},{"not_picked":["Clothesline","Evolve+1"],"picked":"conspire:ExplosiveBarrier+1","floor":36},{"not_picked":["Burning Pact","Blood for Blood"],"picked":"Armaments+1","floor":39},{"not_picked":["Dropkick","DDmod:PlatedThornsSkill"],"picked":"Perfected Strike","floor":40},{"not_picked":["DDmod:PokeAttack+1","Sword Boomerang"],"picked":"Battle Trance","floor":42},{"not_picked":["Searing Blow","Clothesline+1"],"picked":"Power Through+1","floor":45},{"not_picked":["hubris:ReadiedAction","Entrench","Iron Wave"],"picked":"SKIP","floor":48}],"player_experience":118055,"relics_obtained":[{"floor":3,"key":"Lantern"},{"floor":6,"key":"Replay:Bottled Steam"},{"floor":8,"key":"Toy Ornithopter"},{"floor":10,"key":"Replay:Accelerometer"},{"floor":12,"key":"hubris:64BitClover"},{"floor":15,"key":"Vajra"},{"floor":20,"key":"hubris:PeanutButter"},{"floor":22,"key":"Ornamental Fan"},{"floor":23,"key":"Smiling Mask"},{"floor":27,"key":"Strawberry"},{"floor":29,"key":"hubris:SphereOfDissonance"},{"floor":30,"key":"King of Hearts"},{"floor":31,"key":"Eternal Feather"},{"floor":40,"key":"hubris:ChampionShield"},{"floor":42,"key":"aspiration:HummingbirdHeart"},{"floor":43,"key":"Shuriken"}],"event_choices":[{"damage_healed":0,"gold_gain":0,"player_choice":"Rummage","damage_taken":0,"relics_obtained":["WarpedTongs"],"max_hp_gain":0,"max_hp_loss":0,"event_name":"Accursed Blacksmith","floor":11,"gold_loss":0,"cards_obtained":["Pain"]},{"damage_healed":0,"gold_gain":0,"player_choice":"Relic","damage_taken":0,"max_hp_gain":0,"max_hp_loss":0,"event_name":"Wheel of Change","floor":20,"gold_loss":0},{"damage_healed":0,"gold_gain":0,"player_choice":"Upgrade","damage_taken":0,"relics_obtained":["Mark of the Bloom"],"max_hp_gain":0,"max_hp_loss":0,"event_name":"MindBloom","floor":38,"gold_loss":0,"cards_upgraded":["Strike_R","Strike_R","Defend_R","Defend_R","Bash","Perfected Strike","Twin Strike","ReplayTheSpireMod:LeadingStrike","Perfected Strike","DDmod:SpikedSkill","Pommel Strike","Shrug It Off","Immolate","Shrug It Off","conspire:Purge","Inflame","ReplayTheSpireMod:Stacked","ReplayTheSpireMod:LeadingStrike","DDmod:RapidStrikeAttack","Pommel Strike","Pommel Strike","Warcry","hubris:StunningStrike"]},{"damage_healed":0,"gold_gain":275,"player_choice":"Desecrate","damage_taken":0,"max_hp_gain":0,"max_hp_loss":0,"event_name":"Golden Shrine","floor":46,"gold_loss":0,"cards_obtained":["Regret"]}],"is_beta":false,"boss_relics":[{"not_picked":["aspiration:SecretTechniqueScroll","hubris:Backtick"],"picked":"Kintsugi"},{"not_picked":["Empty Cage","Black Star"],"picked":"SlaversCollar"}],"items_purged_floors":[47],"is_endless":false,"potions_floor_spawned":[2,5,6,12,13,18,21,25,27,28,33,35,42,45,48],"killed_by":"conspire:OrnateMirror","ascension_level":1}}