{"host":"aaqofma31c3gm2hj","time":1610695065,"event":{"mods":["BaseMod","GungeonMod","Minty Spire (QoL Compilation)","Replay The Spire","Spicy Shops","StSLib"],"gold_per_floor":[112,129,204,38,38,65,65,85,158,83,83,83,113,130,130,201,201,221,221,221,241,166,194,194,34,80,115,115,125,125,143,143,219,219,232,71,71,71,51,51,77,97,121,147,164,164,212,237,237,237,237,237,237,8,8,8],"floor_reached":55,"language":"ZHS","playtime":1529,"items_purged":["Delirium"],"score":3044,"play_id":"d5b12153-2374-49d2-a2b9-f6782c9f9097","local_time":"20210115151745","is_ascension_mode":true,"campfire_choices":[{"data":"Eruption","floor":7.0,"key":"SMITH"},{"data":"ForeignInfluence","floor":15.0,"key":"SMITH"},{"floor":24.0,"key":"REST"},{"data":"Omniscience","floor":30.0,"key":"SMITH"},{"data":"Vault","floor":40.0,"key":"SMITH"},{"floor":46.0,"key":"RECALL"},{"data":"Adaptation","floor":49.0,"key":"SMITH"},{"data":"Adaptation","floor":53,"key":"SMITH"}],"circlet_count":0,"master_deck":["AscendersBane","Strike_P","Strike_P","Eruption+1","Vigilance","ForeignInfluence+1","Brilliance","Adaptation+1","Nirvana+1","Omniscience+1","DeusExMachina","WheelKick","Vault+1","Tantrum","Adaptation+1"],"relics":["PureWater","NeowsBlessing","Replay:Baseball","Ring of Searing","DemoMod:WhiteGuonStone","ReplayTheSpireMod:Shallot","Happy Flower","Durian","Empty Cage","DemoMod:GreenGuonStone","DemoMod:MeatBun","Replay:Rubber Ducky","DemoMod:LamentConfigurum","Philosopher\u0027s Stone","TheAbacus","Blue Doll","Bottled Flame","DemoMod:ResourcefulSack","Lizard Tail","Pantograph","DemoMod:ClearGuonStone"],"acts_visited":["Exordium","TheCity","TheBeyond","TheEnding"],"potions_floor_usage":[51,55],"damage_taken":[{"damage":0.0,"enemies":"Jaw Worm","floor":1.0,"turns":1.0},{"damage":0.0,"enemies":"2 Louse","floor":2.0,"turns":1.0},{"damage":0.0,"enemies":"Lagavulin","floor":6.0,"turns":1.0},{"damage":0.0,"enemies":"Small Slimes","floor":8.0,"turns":4.0},{"damage":10.0,"enemies":"Gremlin Nob","floor":13.0,"turns":3.0},{"damage":0.0,"enemies":"Looter","floor":14.0,"turns":1.0},{"damage":0.0,"enemies":"Hexaghost","floor":16.0,"turns":5.0},{"damage":16.0,"enemies":"2 Thieves","floor":18.0,"turns":3.0},{"damage":7.0,"enemies":"Shell Parasite","floor":21.0,"turns":3.0},{"damage":30.0,"enemies":"Slavers","floor":23.0,"turns":5.0},{"damage":0.0,"enemies":"Gremlin Leader","floor":27.0,"turns":2.0},{"damage":0.0,"enemies":"Cultist and Chosen","floor":29.0,"turns":2.0},{"damage":0.0,"enemies":"3 Cultists","floor":31.0,"turns":3.0},{"damage":0.0,"enemies":"Pondfish","floor":33.0,"turns":3.0},{"damage":0.0,"enemies":"Orb Walker","floor":35.0,"turns":1.0},{"damage":9.0,"enemies":"Giant Head","floor":41.0,"turns":3.0},{"damage":10.0,"enemies":"3 Darklings","floor":42.0,"turns":3.0},{"damage":17.0,"enemies":"R_Hoarder","floor":44.0,"turns":5.0},{"damage":0.0,"enemies":"Writhing Mass","floor":45.0,"turns":3.0},{"damage":0.0,"enemies":"2 Orb Walkers","floor":47.0,"turns":2.0},{"damage":0.0,"enemies":"Nemesis","floor":48.0,"turns":2.0},{"damage":5.0,"enemies":"Donu and Deca","floor":50.0,"turns":2.0},{"damage":20,"enemies":"Time Eater","floor":51,"turns":5},{"damage":0,"enemies":"Shield and Spear","floor":55,"turns":1}],"seed_played":"-694137162531299150","potions_obtained":[{"floor":6.0,"key":"BottledMiracle"},{"floor":14.0,"key":"ColorlessPotion"},{"floor":27.0,"key":"Languid Potion"},{"floor":33.0,"key":"AttackPotion"},{"floor":39.0,"key":"Swift Potion"}],"is_trial":false,"path_per_floor":["M","M","?","$","?","E","R","M","T","$","?","?","E","M","R","B",null,"M","?","?","M","?","E","R","$","T","E","?","M","R","M","R","B",null,"M","$","?","?","?","R","E","M","T","E","M","R","?","E","R","B","B",null,"R","$","E"],"character_chosen":"WATCHER","items_purchased":["Replay:Baseball","DemoMod:MeatBun","TheAbacus","Tantrum","DemoMod:ClearGuonStone","Energy Potion"],"campfire_rested":1,"item_purchase_floors":[4,25,36,36,54,54],"current_hp_per_floor":[61,61,50,50,50,50,50,50,50,50,32,37,32,32,32,44,70,54,54,54,47,47,17,40,54,54,54,54,54,54,54,54,54,72,72,72,72,72,72,72,63,53,53,36,36,36,36,36,36,56,54,69,69,69,69,69],"gold":8,"neow_bonus":"THREE_ENEMY_KILL","is_daily":false,"chose_seed":false,"campfire_upgraded":6,"win_rate":0.0,"timestamp":1610695065,"path_taken":["M","M","?","$","?","E","R","M","T","$","?","?","E","M","R","BOSS","M","?","?","M","?","E","R","$","T","E","?","?","R","M","R","BOSS","M","$","?","?","?","R","E","M","T","E","?","R","?","E","R","BOSS","BOSS","R","$","E"],"items_purchased_type":["Relic","Relic","Relic","Card","Relic","Potion"],"build_version":"2020-12-22","purchased_purges":1,"victory":false,"max_hp_per_floor":[68,68,68,68,68,68,68,68,68,68,68,73,78,78,78,78,78,78,78,78,78,78,78,78,78,78,78,78,78,78,78,78,78,78,78,78,78,74,74,74,74,74,74,74,74,74,74,74,74,74,74,74,74,74,74,74],"card_choices":[{"not_picked":["Crescendo","PathToVictory","DeceiveReality"],"picked":"SKIP","floor":1.0},{"not_picked":["Indignation","EmptyBody","Evaluate"],"picked":"SKIP","floor":2.0},{"not_picked":["Nirvana","Establishment","FollowUp"],"picked":"SKIP","floor":6.0},{"not_picked":["Replay:Battleflow","Prostrate","Replay:ManipulateFuture"],"picked":"SKIP","floor":8.0},{"not_picked":["Collect","EmptyBody"],"picked":"ForeignInfluence","floor":13.0},{"not_picked":["ThirdEye","CutThroughFate","WreathOfFlame"],"picked":"SKIP","floor":14.0},{"not_picked":["ConjureBlade","Judgement"],"picked":"Brilliance","floor":16.0},{"not_picked":["EmptyBody","EmptyFist","Crescendo"],"picked":"SKIP","floor":18.0},{"not_picked":["Fasting2","Replay:BluntJabs+1","CutThroughFate"],"picked":"SKIP","floor":21.0},{"not_picked":["JustLucky","LikeWater","Replay:Vibes"],"picked":"SKIP","floor":23.0},{"not_picked":["Replay:ManipulateFuture+1","Halt","EmptyBody"],"picked":"SKIP","floor":27.0},{"not_picked":["Consecrate","EmptyBody"],"picked":"DeusExMachina","floor":29.0},{"not_picked":["Replay:AtTheReady","Replay:BluntJabs"],"picked":"WheelKick","floor":31.0},{"not_picked":["MasterReality","Wish"],"picked":"Vault","floor":33.0},{"not_picked":["CutThroughFate","Halt","SashWhip+1"],"picked":"SKIP","floor":35.0},{"not_picked":["Conclude+1","LikeWater","Meditate+1"],"picked":"SKIP","floor":41.0},{"not_picked":["Replay:BluntJabs+1","ClearTheMind"],"picked":"Adaptation","floor":42.0},{"not_picked":["SashWhip","Replay:Vibes","Halt"],"picked":"SKIP","floor":44.0},{"not_picked":["CrushJoints","SashWhip","WaveOfTheHand"],"picked":"SKIP","floor":45.0},{"not_picked":["ClearTheMind+1","Halt","FlyingSleeves"],"picked":"SKIP","floor":48.0}],"player_experience":594809,"relics_obtained":[{"floor":5.0,"key":"Ring of Searing"},{"floor":6.0,"key":"DemoMod:WhiteGuonStone"},{"floor":9.0,"key":"ReplayTheSpireMod:Shallot"},{"floor":13.0,"key":"Durian"},{"floor":23.0,"key":"DemoMod:GreenGuonStone"},{"floor":26.0,"key":"Replay:Rubber Ducky"},{"floor":27.0,"key":"DemoMod:LamentConfigurum"},{"floor":41.0,"key":"Blue Doll"},{"floor":44.0,"key":"Bottled Flame"},{"floor":47.0,"key":"Lizard Tail"},{"floor":48.0,"key":"Pantograph"}],"event_choices":[{"damage_healed":0.0,"max_hp_gain":0.0,"max_hp_loss":0.0,"gold_gain":75.0,"event_name":"World of Goop","player_choice":"Gather Gold","floor":3.0,"gold_loss":0.0,"damage_taken":11.0},{"damage_healed":0.0,"max_hp_gain":0.0,"max_hp_loss":0.0,"gold_gain":0.0,"event_name":"Scrap Ooze","player_choice":"Success","floor":11.0,"gold_loss":0.0,"damage_taken":18.0,"relics_obtained":["Happy Flower"]},{"damage_healed":0.0,"max_hp_gain":5.0,"max_hp_loss":0.0,"gold_gain":0.0,"event_name":"Big Fish","player_choice":"Donut","floor":12.0,"gold_loss":0.0,"damage_taken":0.0},{"damage_healed":0.0,"max_hp_gain":0.0,"max_hp_loss":0.0,"gold_gain":0.0,"event_name":"Vampires","player_choice":"Ignored","floor":19.0,"gold_loss":0.0,"damage_taken":0.0},{"damage_healed":0.0,"max_hp_gain":0.0,"max_hp_loss":0.0,"gold_gain":0.0,"event_name":"The Library","player_choice":"Read","floor":20.0,"gold_loss":0.0,"damage_taken":0.0,"cards_obtained":["Adaptation"]},{"cards_removed":["Defend_P"],"damage_healed":0.0,"max_hp_gain":0.0,"max_hp_loss":0.0,"gold_gain":0.0,"event_name":"Beggar","player_choice":"Gave Gold","floor":22.0,"gold_loss":75.0,"damage_taken":0.0},{"damage_healed":0.0,"max_hp_gain":0.0,"max_hp_loss":0.0,"gold_gain":0.0,"cards_transformed":["Defend_P","Strike_P"],"event_name":"Drug Dealer","player_choice":"Became Test Subject","floor":28.0,"gold_loss":0.0,"damage_taken":0.0,"cards_obtained":["Nirvana","Omniscience"]},{"cards_removed":["SpiritShield"],"damage_healed":0.0,"max_hp_gain":0.0,"max_hp_loss":0.0,"gold_gain":0.0,"event_name":"Falling","player_choice":"Removed Skill","floor":37.0,"gold_loss":0.0,"damage_taken":0.0},{"damage_healed":0.0,"max_hp_gain":0.0,"max_hp_loss":4.0,"gold_gain":0.0,"event_name":"Winding Halls","player_choice":"Max HP","floor":38.0,"gold_loss":0.0,"damage_taken":0.0},{"damage_healed":0.0,"max_hp_gain":0.0,"max_hp_loss":0.0,"gold_gain":0.0,"event_name":"The Woman in Blue","player_choice":"Bought 1 Potion","floor":39.0,"gold_loss":0.0,"damage_taken":0.0},{"damage_healed":0.0,"max_hp_gain":0.0,"max_hp_loss":0.0,"gold_gain":0.0,"event_name":"Mysterious Sphere","player_choice":"Fight","floor":47.0,"gold_loss":0.0,"damage_taken":0.0}],"is_beta":false,"boss_relics":[{"not_picked":["Replay:Wanted Poster","SacredBark"],"picked":"Empty Cage"},{"not_picked":["Runic Dome","Velvet Choker"],"picked":"Philosopher\u0027s Stone"}],"items_purged_floors":[10],"is_endless":false,"potions_floor_spawned":[6,13,14,16,27,33,41,42,47],"killed_by":"Shield and Spear","ascension_level":20}}