{"host":"t9zjxed0utvsfjwc","time":1610681804,"event":{"mods":["2.2 Compatiblity","Aspiration","BaseMod","Block Reminder","Colored Map","Colored Powertips","Highlight Path","Hubris","Infinite Spire","Minty Spire (QoL Compilation)","Quick Restart","Replay The Spire","StSLib","The Marked","Unceasing Turn Reminder","everything is the same but u backflip on backflip"],"gold_per_floor":[111,111,111,111,121,154,154,171,171,171,171,171,190,210,58,58,58,158,158,72,72,72,72,92,92,118,118,187,187,212,232,132,151,151,249,249,276,314,314,314,345,345,401,347,347,380,380,438,476,676,676,676],"floor_reached":53,"language":"ENG","playtime":2427,"items_purged":["Strike_P","Doubt","Prostrate"],"score":1053,"play_id":"a07e9223-63b3-4028-aa31-6e6d2090ef6c","local_time":"20210115033644","is_ascension_mode":false,"campfire_choices":[{"data":"FlurryOfBlows","floor":7,"key":"SMITH"},{"floor":17,"key":"DIG"},{"data":"Bash","floor":25,"key":"SMITH"},{"data":"FlurryOfBlows","floor":34,"key":"SMITH"},{"data":"Ragnarok","floor":42,"key":"SMITH"},{"data":"Bludgeon","floor":51,"key":"SMITH"}],"circlet_count":0,"master_deck":["Eruption+1","FollowUp+1","Bash+1","Bludgeon+1","FlurryOfBlows+1","EmptyBody","FollowUp","FlurryOfBlows+1","Replay:Battleflow","LessonLearned","ReachHeaven","Bite","Bite","Bite","Bite","Bite","EmptyFist+1","SandsOfTime","infinitespire:DeathsTouch","Wallop+1","Ragnarok+1","EmptyFist","FlurryOfBlows"],"relics":["Replay:M_SmolderingBlood","aspiration:SeaSaltIceCream","Prayer Wheel","Replay:Rubber Ducky","infinitespire:CheckeredPen","Snack Pack","hubris:MedicalManual","Kintsugi","Nloth\u0027s Gift","hubris:ToyBattleship","hubris:AstralHammer","aspiration:PoetsPen_weak","Replay:Bottled Flurry","HornCleat","infinitespire:EvilPickle","SlaversCollar","Pondfish Scales","aspiration:HummingbirdHeart","Darkstone Periapt","infinitespire:Beetle Shell"],"acts_visited":["Exordium","TheCity","TheBeyond"],"potions_floor_usage":[14,18,18,26,31,35,41,52,52],"damage_taken":[{"damage":0,"enemies":"2 Louse","floor":1,"turns":1},{"damage":0,"enemies":"Small Slimes","floor":5,"turns":1},{"damage":0,"enemies":"Gremlin Nob","floor":6,"turns":1},{"damage":0,"enemies":"Cultist","floor":8,"turns":2},{"damage":3,"enemies":"Red Slaver","floor":13,"turns":2},{"damage":0,"enemies":"Blue Slaver","floor":14,"turns":1},{"damage":40,"enemies":"The Guardian","floor":18,"turns":3},{"damage":6,"enemies":"Chosen","floor":20,"turns":3},{"damage":20,"enemies":"Shell Parasite","floor":24,"turns":2},{"damage":0,"enemies":"Gremlin Leader","floor":26,"turns":2},{"damage":8,"enemies":"Replay:Snechameleon","floor":30,"turns":2},{"damage":0,"enemies":"Snecko","floor":31,"turns":3},{"damage":0,"enemies":"Cultist and Chosen","floor":33,"turns":2},{"damage":10,"enemies":"Pondfish","floor":35,"turns":5},{"damage":3,"enemies":"Orb Walker","floor":37,"turns":2},{"damage":27,"enemies":"3 Darklings","floor":38,"turns":2},{"damage":0,"enemies":"Transient","floor":41,"turns":5},{"damage":22,"enemies":"Nemesis","floor":43,"turns":5},{"damage":12,"enemies":"Sphere and 2 Shapes","floor":46,"turns":3},{"damage":1,"enemies":"Reptomancer","floor":48,"turns":2},{"damage":0,"enemies":"Spire Growth","floor":49,"turns":2},{"damage":8,"enemies":"Donu and Deca","floor":52,"turns":4}],"seed_played":"-2829979858191751999","potions_obtained":[{"floor":6,"key":"Death Potion"},{"floor":13,"key":"LiquidMemories"},{"floor":14,"key":"DuplicationPotion"},{"floor":24,"key":"LiquidMemories"},{"floor":30,"key":"FearPotion"},{"floor":33,"key":"Fire Potion"},{"floor":38,"key":"Strength Potion"},{"floor":43,"key":"Elixir"},{"floor":46,"key":"SpeedPotion"},{"floor":48,"key":"LiquidBronze"}],"is_trial":false,"path_per_floor":["M","?","?","?","M","E","R","M","T","PTL","PTL","?","M","M","$","T","R_BF","B",null,"M","?","$","?","M","R","E","AVR","T","?","E","M","$","M","R","B",null,"M","M","?","?","M","R","E","$","T","M","?","E","M","?","R","B",null],"character_chosen":"WATCHER","items_purchased":["Replay:Battleflow","FlurryOfBlows"],"campfire_rested":0,"item_purchase_floors":[15,44],"current_hp_per_floor":[72,65,65,65,65,65,65,65,65,65,65,65,62,62,62,62,62,26,72,68,68,68,50,34,34,40,40,40,40,36,46,46,50,50,50,50,49,31,44,44,50,50,36,36,36,34,34,49,50,38,38,50],"gold":676,"neow_bonus":"THREE_ENEMY_KILL","is_daily":false,"chose_seed":false,"campfire_upgraded":5,"win_rate":0.0,"timestamp":1610681804,"path_taken":["M","?","?","?","M","E","R","M","T","PTL","PTL","?","M","?","$","?","R_BF","BOSS","M","?","?","?","M","R","E","AVR","T","?","E","M","$","M","R","BOSS","M","M","?","?","?","R","E","$","T","M","?","E","?","?","R","BOSS"],"items_purchased_type":["Card","Card"],"build_version":"2020-12-22","purchased_purges":3,"victory":true,"max_hp_per_floor":[72,72,72,72,72,72,72,72,72,72,72,72,72,72,72,72,72,72,72,72,72,72,50,50,50,50,50,50,50,50,50,50,50,50,50,50,50,50,50,50,50,50,50,50,50,50,50,50,50,50,50,50],"card_choices":[{"not_picked":["PathToVictory","Replay:AtTheReady"],"picked":"FollowUp","floor":1},{"not_picked":["FlyingSleeves","InnerPeace"],"picked":"Bludgeon","floor":5},{"not_picked":["TalkToTheHand","ClearTheMind","Weave"],"picked":"SKIP","floor":5},{"not_picked":["Vault","Uppercut"],"picked":"FlurryOfBlows","floor":6},{"not_picked":["BowlingBash","Crescendo"],"picked":"EmptyBody","floor":8},{"not_picked":["FollowUp","ThirdEye","Infernal Blade"],"picked":"SKIP","floor":8},{"not_picked":["FollowUp","ThirdEye","Infernal Blade"],"picked":"SKIP","floor":8},{"not_picked":["CutThroughFate","EmptyBody"],"picked":"FollowUp","floor":13},{"not_picked":["Searing Blow","Halt"],"picked":"Prostrate","floor":13},{"not_picked":["Swivel","Scrawl"],"picked":"FlurryOfBlows","floor":14},{"not_picked":["ThirdEye","Uppercut","Infernal Blade"],"picked":"SKIP","floor":14},{"not_picked":["SpiritShield","Establishment"],"picked":"LessonLearned","floor":18},{"not_picked":["FlyingSleeves","SashWhip"],"picked":"ReachHeaven","floor":20},{"not_picked":["FlyingSleeves+1","FearNoEvil","JustLucky"],"picked":"SKIP","floor":20},{"not_picked":["Ragnarok","Tantrum+1"],"picked":"EmptyFist+1","floor":24},{"not_picked":["BowlingBash","Perseverance","FollowUp+1"],"picked":"SKIP","floor":24},{"not_picked":["JustLucky","Evaluate"],"picked":"SandsOfTime","floor":26},{"not_picked":["SashWhip","Wireheading+1"],"picked":"Wallop+1","floor":30},{"not_picked":["Sanctity","Protect","PathToVictory"],"picked":"SKIP","floor":31},{"not_picked":["Evaluate","Tantrum","ClearTheMind"],"picked":"SKIP","floor":31},{"not_picked":["Replay:Vibes+1","FollowUp","WheelKick"],"picked":"SKIP","floor":33},{"not_picked":["Replay:BluntJabs","Scrawl","Fasting2"],"picked":"SKIP","floor":33},{"not_picked":["DevaForm","Devotion"],"picked":"Ragnarok","floor":35},{"not_picked":["Nirvana","Consecrate+1","Vengeance"],"picked":"SKIP","floor":37},{"not_picked":["FlyingSleeves","EmptyMind","JustLucky"],"picked":"SKIP","floor":37},{"not_picked":["DeusExMachina","Replay:ManipulateFuture+1"],"picked":"EmptyFist","floor":38},{"not_picked":["CutThroughFate","Wireheading","Replay:AtTheReady"],"picked":"SKIP","floor":38},{"not_picked":["ClearTheMind","Consecrate","Replay:AtTheReady+1"],"picked":"SKIP","floor":41},{"not_picked":["WindmillStrike+1","Replay:Anticipation+1","Replay:Battleflow"],"picked":"SKIP","floor":41},{"not_picked":["ClearTheMind","Consecrate","Replay:AtTheReady+1"],"picked":"SKIP","floor":41},{"not_picked":["WindmillStrike+1","Replay:Anticipation+1","Replay:Battleflow"],"picked":"SKIP","floor":41},{"not_picked":["Crescendo","MasterReality","Study"],"picked":"SKIP","floor":43},{"not_picked":["WreathOfFlame+1","CutThroughFate","FlyingSleeves+1"],"picked":"SKIP","floor":46},{"not_picked":["Protect","JustLucky","Omniscience"],"picked":"SKIP","floor":46},{"not_picked":["BowlingBash+1","ConjureBlade","Collect"],"picked":"SKIP","floor":48},{"not_picked":["EmptyBody+1","Blasphemy","FlurryOfBlows+1"],"picked":"SKIP","floor":49},{"not_picked":["WaveOfTheHand","Crescendo+1","EmptyMind"],"picked":"SKIP","floor":49}],"player_experience":301952,"relics_obtained":[{"floor":4,"key":"aspiration:SeaSaltIceCream"},{"floor":6,"key":"Replay:Rubber Ducky"},{"floor":9,"key":"infinitespire:CheckeredPen"},{"floor":16,"key":"Snack Pack"},{"floor":17,"key":"hubris:MedicalManual"},{"floor":26,"key":"hubris:ToyBattleship"},{"floor":28,"key":"Replay:Bottled Flurry"},{"floor":30,"key":"HornCleat"},{"floor":43,"key":"Pondfish Scales"},{"floor":45,"key":"aspiration:HummingbirdHeart"},{"floor":48,"key":"infinitespire:Beetle Shell"}],"event_choices":[{"cards_removed":["Strike_P"],"damage_healed":0,"gold_gain":0,"player_choice":"Card Removal","damage_taken":7,"max_hp_gain":0,"max_hp_loss":0,"event_name":"Golden Wing","floor":2,"gold_loss":0},{"cards_removed":["Defend_P"],"damage_healed":0,"gold_gain":0,"player_choice":"Purged","damage_taken":0,"max_hp_gain":0,"max_hp_loss":0,"event_name":"Purifier","floor":12,"gold_loss":0},{"damage_healed":0,"gold_gain":0,"player_choice":"Traded Relic","damage_taken":0,"relics_obtained":["Nloth\u0027s Gift"],"max_hp_gain":0,"max_hp_loss":0,"event_name":"N\u0027loth","floor":21,"relics_lost":["NeowsBlessing"],"gold_loss":0},{"damage_healed":0,"gold_gain":0,"player_choice":"Became a vampire","damage_taken":0,"max_hp_gain":0,"max_hp_loss":22,"event_name":"Vampires","floor":23,"gold_loss":0,"cards_obtained":["Bite","Bite","Bite","Bite","Bite"]},{"damage_healed":13,"gold_gain":0,"player_choice":"Writhe","damage_taken":0,"max_hp_gain":0,"max_hp_loss":0,"event_name":"Winding Halls","floor":39,"gold_loss":0,"cards_obtained":["Writhe"]},{"cards_removed":["Writhe"],"damage_healed":0,"gold_gain":0,"player_choice":"Removed Curses","damage_taken":0,"max_hp_gain":0,"max_hp_loss":0,"event_name":"Fountain of Cleansing","floor":40,"gold_loss":0},{"damage_healed":0,"gold_gain":0,"player_choice":"Gave Potion","damage_taken":0,"relics_obtained":["Darkstone Periapt"],"max_hp_gain":0,"max_hp_loss":0,"event_name":"WeMeetAgain","floor":47,"gold_loss":0}],"is_beta":false,"boss_relics":[{"not_picked":["aspiration:RunicSpoon","SacredBark"],"picked":"Kintsugi"},{"not_picked":["Tiny House","hubris:ScarierMask"],"picked":"SlaversCollar"}],"items_purged_floors":[15,27,32],"is_endless":false,"potions_floor_spawned":[6,13,14,24,30,33,38,43,46,48],"ascension_level":0}}