{"host":"0vd2boh2oi7jm085","time":1610697794,"event":{"mods":["BaseMod","Colored Map","Colored Powertips","Highlight Path","Minty Spire (QoL Compilation)","Quick Restart","StSLib","The IronCluck"],"gold_per_floor":[117,117,192,206,206,239,239,239,239,304,316,351,351,44,44,44,44],"floor_reached":16,"language":"ENG","playtime":359,"items_purged":[],"score":255,"play_id":"ee77a65f-decb-42a1-abbb-e4ca6d8fe27a","local_time":"20210115000314","is_ascension_mode":true,"campfire_choices":[{"data":"Body Slam","floor":7,"key":"SMITH"},{"floor":13,"key":"REST"},{"floor":15,"key":"REST"}],"circlet_count":0,"master_deck":["AscendersBane","Strike_R","Strike_R","Strike_R","Strike_R","Strike_R","Defend_R","Defend_R","Defend_R","Defend_R","Bash","Body Slam+1","True Grit","Flame Barrier","Juggernaut","True Grit","Jack Of All Trades"],"relics":["Burning Blood","NeowsBlessing","Bronze Scales","Bottled Flame","Paper Frog","Juzu Bracelet","Anchor"],"acts_visited":["Exordium"],"potions_floor_usage":[12],"damage_taken":[{"damage":0,"enemies":"Cultist","floor":1,"turns":1},{"damage":0,"enemies":"2 Louse","floor":4,"turns":1},{"damage":0,"enemies":"Gremlin Nob","floor":6,"turns":1},{"damage":51,"enemies":"3 Sentries","floor":10,"turns":11},{"damage":0,"enemies":"Small Slimes","floor":11,"turns":3},{"damage":41,"enemies":"3 Sentries","floor":12,"turns":11},{"damage":19,"enemies":"Slime Boss","floor":16,"turns":7}],"seed_played":"-8794082883173510777","potions_obtained":[{"floor":4,"key":"BloodPotion"},{"floor":6,"key":"Ancient Potion"},{"floor":12,"key":"Fire Potion"}],"is_trial":false,"path_per_floor":["M","?","?","M","$","E","R","?","T","?","M","E","R","$","R","B"],"character_chosen":"IRONCLAD","items_purchased":["Anchor","True Grit","Jack Of All Trades"],"campfire_rested":2,"item_purchase_floors":[14,14,14],"current_hp_per_floor":[74,74,63,69,69,75,75,75,75,30,36,16,38,38,60,41,41],"gold":44,"neow_bonus":"THREE_ENEMY_KILL","is_daily":false,"chose_seed":false,"campfire_upgraded":1,"win_rate":0.0,"timestamp":1610697794,"path_taken":["M","?","?","M","$","E","R","?","T","?","?","E","R","$","R","BOSS"],"items_purchased_type":["Relic","Card","Card"],"build_version":"2020-12-22","purchased_purges":0,"victory":false,"max_hp_per_floor":[75,75,75,75,75,75,75,75,75,75,75,75,75,75,75,75,75],"card_choices":[{"not_picked":["Second Wind","Heavy Blade"],"picked":"Body Slam","floor":1},{"not_picked":["Rupture","Wild Strike"],"picked":"True Grit","floor":4},{"not_picked":["Heavy Blade","Headbutt"],"picked":"Flame Barrier","floor":6},{"not_picked":["Armaments","Warcry"],"picked":"Juggernaut","floor":11},{"not_picked":["Wild Strike","Limit Break","Perfected Strike"],"picked":"SKIP","floor":12}],"player_experience":106955,"relics_obtained":[{"floor":6,"key":"Bronze Scales"},{"floor":9,"key":"Bottled Flame"},{"floor":10,"key":"Paper Frog"},{"floor":12,"key":"Juzu Bracelet"}],"event_choices":[{"damage_healed":0,"gold_gain":0,"player_choice":"Ignored","damage_taken":0,"max_hp_gain":0,"max_hp_loss":0,"event_name":"Golden Wing","floor":2,"gold_loss":0},{"damage_healed":0,"gold_gain":75,"player_choice":"Gather Gold","damage_taken":11,"max_hp_gain":0,"max_hp_loss":0,"event_name":"World of Goop","floor":3,"gold_loss":0},{"damage_healed":0,"gold_gain":0,"player_choice":"Leave","damage_taken":0,"max_hp_gain":0,"max_hp_loss":0,"event_name":"The Cleric","floor":8,"gold_loss":0},{"damage_healed":0,"gold_gain":30,"player_choice":"Searched \u00272\u0027 times","damage_taken":0,"max_hp_gain":0,"max_hp_loss":0,"event_name":"Dead Adventurer","floor":10,"gold_loss":0}],"is_beta":false,"boss_relics":[],"items_purged_floors":[],"is_endless":false,"potions_floor_spawned":[4,6,12],"killed_by":"Slime Boss","ascension_level":19}}