{"host":"d7fiu2yjkssjxoz6","time":1610681579,"event":{"mods":["AchievementEnabler","BaseMod","Duelist Mod","GifTheSpireLib","Minty Spire (QoL Compilation)","StSLib"],"gold_per_floor":[144,154,172,186,186,212,212,212,212,223,253,264,594,606,606,704,704,716,716,736,736,736,767,767,780,851,861,891,25,25,25,25,125,125,136,73,83,134,152,152,172,199,245,245,245,245,262,272,272,272],"floor_reached":51,"language":"ENG","playtime":2555,"items_purged":["Writhe"],"score":952,"play_id":"f28afe71-f372-4f2e-8320-22fa78198292","local_time":"20210114193259","is_ascension_mode":true,"campfire_choices":[{"data":"theDuelist:NatureReflection","floor":7,"key":"SMITH"},{"data":"theDuelist:NaturiaDragonfly","floor":15,"key":"SMITH"},{"data":"theDuelist:HeartUnderdog","floor":24,"key":"SMITH"},{"floor":30,"key":"REST"},{"floor":32,"key":"REST"},{"floor":40,"key":"REST"},{"data":"theDuelist:RedMedicine","floor":44,"key":"SMITH"},{"data":"theDuelist:NaturiaSacredTree","floor":49,"key":"SMITH"}],"circlet_count":0,"master_deck":["theDuelist:CastleWalls","theDuelist:CastleWalls","theDuelist:CastleWalls","theDuelist:NaturiaBeast","theDuelist:NaturiaCliff","theDuelist:NaturiaRock","theDuelist:NaturiaTulip","theDuelist:Sparks","theDuelist:Sparks","theDuelist:Sparks","theDuelist:NaturiaCherries","theDuelist:NatureReflection+1","theDuelist:NaturiaEggplant","theDuelist:FuryFire+1","theDuelist:FuryFire","theDuelist:SeismicShockwave","theDuelist:NaturiaEggplant","theDuelist:BigFire","theDuelist:NaturiaDragonfly+1","theDuelist:NaturiaHorneedle","theDuelist:NaturiaRosewhip","theDuelist:NaturiaStinkbug","theDuelist:HeartUnderdog+1","theDuelist:VenomShot+1","theDuelist:NaturiaCliff+1","theDuelist:RedMedicine+1","theDuelist:MagicCylinder","theDuelist:SeismicShockwave+1","theDuelist:ConvulsionNature","theDuelist:BottomlessTrapHole+1","theDuelist:BarkionBark+1","theDuelist:NaturiaRock","theDuelist:GemArmadillo+1","theDuelist:NaturiaDragonfly+1","theDuelist:NaturiaSacredTree+1","theDuelist:VenomShot+3","theDuelist:NaturiaHorneedle+1"],"relics":["theDuelist:MillenniumPuzzle","theDuelist:CardPoolRelic","theDuelist:CardPoolBasicRelic","theDuelist:BoosterPackPoolRelic","theDuelist:CardPoolAddRelic","theDuelist:CardPoolMinusRelic","theDuelist:CardPoolSaveRelic","theDuelist:CardPoolOptionsRelic","theDuelist:DuelistTeaSet","White Beast Statue","theDuelist:SpellMaxHPRelic","Old Coin","Cursed Key","Ice Cream","Omamori","Tough Bandages","theDuelist:MarkOfNature","StoneCalendar","theDuelist:MillenniumKey","theDuelist:NamelessPowerRelicA","Thread and Needle","theDuelist:MillenniumArmor","Ancient Tea Set"],"acts_visited":["Exordium","TheCity","TheBeyond"],"potions_floor_usage":[11,13,16,16,16,28,33,37,38,39,50],"damage_taken":[{"damage":3,"enemies":"Jaw Worm","floor":1,"turns":6},{"damage":0,"enemies":"2 Louse","floor":2,"turns":3},{"damage":0,"enemies":"Cultist","floor":3,"turns":6},{"damage":1,"enemies":"2 Fungi Beasts","floor":4,"turns":4},{"damage":21,"enemies":"Gremlin Nob","floor":6,"turns":5},{"damage":5,"enemies":"Looter","floor":10,"turns":4},{"damage":23,"enemies":"3 Sentries","floor":11,"turns":5},{"damage":7,"enemies":"Large Slime","floor":12,"turns":5},{"damage":5,"enemies":"Gremlin Nob","floor":13,"turns":4},{"damage":0,"enemies":"2 Fungi Beasts","floor":14,"turns":2},{"damage":47,"enemies":"The Guardian","floor":16,"turns":9},{"damage":4,"enemies":"Shell Parasite","floor":18,"turns":5},{"damage":13,"enemies":"2 Thieves","floor":20,"turns":3},{"damage":12,"enemies":"Gremlin Leader","floor":23,"turns":6},{"damage":0,"enemies":"Snecko","floor":25,"turns":3},{"damage":25,"enemies":"Snake Plant","floor":27,"turns":5},{"damage":26,"enemies":"Slavers","floor":28,"turns":3},{"damage":30,"enemies":"Champ","floor":33,"turns":8},{"damage":10,"enemies":"3 Shapes","floor":35,"turns":4},{"damage":16,"enemies":"3 Darklings","floor":37,"turns":3},{"damage":34,"enemies":"2 Orb Walkers","floor":38,"turns":5},{"damage":7,"enemies":"Spire Growth","floor":39,"turns":4},{"damage":17,"enemies":"Transient","floor":41,"turns":5},{"damage":0,"enemies":"Giant Head","floor":42,"turns":9},{"damage":0,"enemies":"4 Shapes","floor":47,"turns":3},{"damage":0,"enemies":"Maw","floor":48,"turns":7},{"damage":0,"enemies":"Awakened One","floor":50,"turns":9}],"seed_played":"-5428091747269411241","potions_obtained":[{"floor":1,"key":"LiquidBronze"},{"floor":6,"key":"theDuelist:FreezingPotion"},{"floor":8,"key":"Regen Potion"},{"floor":10,"key":"Explosive Potion"},{"floor":11,"key":"EntropicBrew"},{"floor":13,"key":"ColorlessPotion"},{"floor":14,"key":"Fire Potion"},{"floor":18,"key":"theDuelist:SealedPackD"},{"floor":23,"key":"DuplicationPotion"},{"floor":28,"key":"theDuelist:BottledKuriboh"},{"floor":33,"key":"Weak Potion"},{"floor":37,"key":"theDuelist:FlamingBottle"},{"floor":38,"key":"theDuelist:BigTributeBottle"},{"floor":39,"key":"theDuelist:StunPotion"},{"floor":48,"key":"CultistPotion"}],"is_trial":false,"path_per_floor":["M","M","M","M","?","E","R","?","T","M","E","M","E","M","R","B",null,"M","?","M","?","?","E","R","M","T","M","E","$","R","$","R","B",null,"M","?","M","?","M","R","M","E","T","R","?","?","M","M","R","B",null],"character_chosen":"THE_DUELIST","items_purchased":["theDuelist:MagicCylinder","theDuelist:MarkOfNature","StoneCalendar"],"campfire_rested":3,"item_purchase_floors":[29,29,29],"current_hp_per_floor":[85,85,95,94,94,73,73,73,73,68,59,52,48,48,48,5,103,99,99,86,65,65,54,54,55,55,30,5,5,38,38,71,41,111,102,102,86,53,46,79,62,62,62,62,63,63,64,64,64,64],"gold":272,"neow_bonus":"TEN_PERCENT_HP_BONUS","is_daily":false,"chose_seed":false,"campfire_upgraded":5,"win_rate":0.0,"timestamp":1610681579,"path_taken":["M","M","M","M","?","E","R","?","T","?","E","M","E","M","R","BOSS","M","?","M","?","?","E","R","M","T","M","E","$","R","$","R","BOSS","M","?","M","?","M","R","?","E","T","R","?","?","M","M","R","BOSS"],"items_purchased_type":["Card","Relic","Relic"],"build_version":"2020-12-22","purchased_purges":1,"victory":true,"max_hp_per_floor":[88,88,98,98,98,98,98,98,98,98,98,98,99,99,99,103,103,103,103,103,108,108,109,109,110,110,110,111,111,111,111,111,111,111,112,112,112,113,113,113,113,113,113,113,114,114,115,115,115,115],"card_choices":[{"not_picked":["theDuelist:AcidTrapHole","theDuelist:NaturiaGaiastrio","theDuelist:NaturiaBeans","theDuelist:LuminousMoss"],"picked":"theDuelist:NaturiaCherries","floor":1},{"not_picked":["theDuelist:LuminousMoss+1","theDuelist:Wiretap","theDuelist:SphereKuriboh","theDuelist:Wiretap"],"picked":"theDuelist:DestructPotion","floor":2},{"not_picked":["theDuelist:Pollinosis","theDuelist:NaturalDisaster","theDuelist:Wiretap","theDuelist:AcidTrapHole"],"picked":"theDuelist:NatureReflection","floor":3},{"not_picked":["theDuelist:NaturiaHydrangea","theDuelist:NaturiaDragonfly","theDuelist:NaturiaCliff","theDuelist:NaturiaParadizo"],"picked":"theDuelist:NaturiaEggplant","floor":4},{"not_picked":["theDuelist:NaturiaMosquito+1","theDuelist:NaturiaStrawberry+1"],"picked":"theDuelist:FuryFire+1","floor":6},{"not_picked":["theDuelist:WildNatureRelease","theDuelist:ExterioFang","theDuelist:AfterGenocide","theDuelist:GracefulCharity"],"picked":"theDuelist:FuryFire","floor":10},{"not_picked":["theDuelist:MultiplicationOfAnts","theDuelist:Wildfire"],"picked":"theDuelist:SeismicShockwave","floor":11},{"not_picked":["theDuelist:NaturiaSunflower","theDuelist:NaturiaRagweed","theDuelist:NaturiaDragonfly","theDuelist:NaturiaExterio"],"picked":"theDuelist:NaturiaEggplant","floor":12},{"not_picked":["theDuelist:DestroyerGolem","theDuelist:MudGolem","theDuelist:MudragonSwamp","theDuelist:WingedKuriboh"],"picked":"theDuelist:BigFire","floor":13},{"not_picked":["theDuelist:LonefireBlossom","theDuelist:NaturiaSunflower","theDuelist:SummoningSwarm","theDuelist:Alpacaribou"],"picked":"theDuelist:NaturiaDragonfly","floor":14},{"not_picked":["theDuelist:NaturiaForest","theDuelist:DemiseLand","theDuelist:SeismicShockwave","theDuelist:MultiplicationOfAnts"],"picked":"theDuelist:NaturiaHorneedle","floor":16},{"not_picked":["theDuelist:NaturiaHydrangea","theDuelist:Spore","theDuelist:SummoningSwarm","theDuelist:LonefireBlossom"],"picked":"theDuelist:NaturiaRosewhip","floor":18},{"not_picked":["theDuelist:NaturiaCliff","theDuelist:NaturiaAntjaw","theDuelist:FossilDig","theDuelist:LonefireBlossom"],"picked":"theDuelist:NaturiaStinkbug","floor":20},{"not_picked":["theDuelist:DemiseLand","theDuelist:NaturiaBarkion"],"picked":"theDuelist:HeartUnderdog","floor":23},{"not_picked":["theDuelist:NaturiaHydrangea+1","theDuelist:NaturiaDragonfly","theDuelist:NaturiaMarron","theDuelist:Spore"],"picked":"theDuelist:VenomShot+1","floor":25},{"not_picked":["theDuelist:NaturiaHydrangea","theDuelist:NaturiaEggplant+1","theDuelist:NaturiaDragonfly","theDuelist:NaturiaBambooShoot"],"picked":"theDuelist:NaturiaCliff+1","floor":27},{"not_picked":["theDuelist:GraniteLoyalist","theDuelist:DarkHole","theDuelist:DestroyerGolem+1","theDuelist:GemElephant+1"],"picked":"theDuelist:RedMedicine","floor":28},{"not_picked":["theDuelist:DemiseLand+1","theDuelist:NaturiaBarkion","theDuelist:HuntingInstinct","theDuelist:ClosedForest"],"picked":"theDuelist:SeismicShockwave+1","floor":33},{"not_picked":["theDuelist:NaturalDisaster+1","theDuelist:LeodrakeMane","theDuelist:LairWire"],"picked":"theDuelist:ConvulsionNature","floor":35},{"not_picked":["theDuelist:NaturiaHydrangea","theDuelist:NaturiaEggplant+1","theDuelist:NaturiaDragonfly","theDuelist:NaturiaCliff"],"picked":"theDuelist:BottomlessTrapHole+1","floor":37},{"not_picked":["theDuelist:NaturiaBrambi","theDuelist:NaturiaStrawberry+1","theDuelist:NaturiaLadybug+1","theDuelist:Spore+1"],"picked":"theDuelist:BarkionBark+1","floor":38},{"not_picked":["theDuelist:NaturiaSpiderfang","theDuelist:CopyPlant+1","theDuelist:NaturiaBeans+1","theDuelist:NaturiaLeodrake+1"],"picked":"theDuelist:NaturiaRock","floor":39},{"not_picked":["theDuelist:DestroyerGolem","theDuelist:WingedKuriboh","theDuelist:MagicHoleGolem+1","theDuelist:DarkCreator+1"],"picked":"theDuelist:GemArmadillo+1","floor":41},{"not_picked":["theDuelist:NaturiaHydrangea","theDuelist:NaturiaEggplant+1","theDuelist:NaturiaCliff+1","theDuelist:NaturiaGuardian"],"picked":"theDuelist:NaturiaDragonfly+1","floor":42},{"not_picked":["theDuelist:NaturalDisaster","theDuelist:LeodrakeMane","theDuelist:Anteater","theDuelist:NatureReflection"],"picked":"theDuelist:NaturiaSacredTree","floor":45},{"not_picked":["theDuelist:NaturiaMosquito+1","theDuelist:NaturiaBrambi"],"picked":"theDuelist:VenomShot+3","floor":47},{"not_picked":["theDuelist:NaturiaForest","theDuelist:DemiseLand","theDuelist:NaturiaVein+1","theDuelist:MultiplicationOfAnts+1"],"picked":"theDuelist:NaturiaHorneedle+1","floor":48}],"player_experience":173429,"relics_obtained":[{"floor":6,"key":"theDuelist:DuelistTeaSet"},{"floor":9,"key":"White Beast Statue"},{"floor":11,"key":"theDuelist:SpellMaxHPRelic"},{"floor":13,"key":"Old Coin"},{"floor":23,"key":"Omamori"},{"floor":28,"key":"Tough Bandages"},{"floor":38,"key":"Thread and Needle"},{"floor":42,"key":"theDuelist:MillenniumArmor"},{"floor":43,"key":"Ancient Tea Set"}],"event_choices":[{"damage_healed":0,"gold_gain":0,"player_choice":"Leave","duelist":true,"damage_taken":0,"max_hp_gain":0,"max_hp_loss":0,"event_name":"Relic Duplicator","floor":5,"gold_loss":0},{"damage_healed":0,"gold_gain":0,"player_choice":"Got Potions","damage_taken":0,"max_hp_gain":0,"max_hp_loss":0,"event_name":"Lab","floor":8,"gold_loss":0},{"damage_healed":0,"gold_gain":0,"player_choice":"Ignored","damage_taken":0,"max_hp_gain":0,"max_hp_loss":0,"event_name":"Ghosts","floor":19,"gold_loss":0},{"damage_healed":0,"gold_gain":0,"player_choice":"Shed Blood","damage_taken":26,"max_hp_gain":5,"max_hp_loss":0,"event_name":"Forgotten Altar","floor":21,"gold_loss":0},{"damage_healed":0,"gold_gain":0,"player_choice":"Opened","damage_taken":0,"relics_obtained":["Ice Cream"],"max_hp_gain":0,"max_hp_loss":0,"event_name":"The Mausoleum","floor":22,"gold_loss":0,"cards_obtained":["Writhe"]},{"power_reward":2,"total_magic_score":65,"gold_gain":0,"duelist":true,"damage_taken":0,"relics_obtained":["theDuelist:NamelessPowerRelicA"],"points":2,"max_hp_gain":0,"max_hp_loss":0,"spent_points":{"magic":0,"greed":0,"war":0,"power":2,"hunger":0},"event_name":"Nameless Tomb","floor":36,"gold_loss":63,"cards_obtained":[]},{"damage_healed":0,"gold_gain":0,"player_choice":"Fight","damage_taken":0,"max_hp_gain":0,"max_hp_loss":0,"event_name":"Mysterious Sphere","floor":38,"gold_loss":0},{"damage_healed":0,"gold_gain":0,"player_choice":"Memory 1","damage_taken":0,"max_hp_gain":0,"max_hp_loss":0,"event_name":"SensoryStone","floor":45,"gold_loss":0},{"damage_healed":0,"gold_gain":0,"player_choice":"Bought 0 Potions","damage_taken":0,"max_hp_gain":0,"max_hp_loss":0,"event_name":"The Woman in Blue","floor":46,"gold_loss":0}],"is_beta":false,"boss_relics":[{"not_picked":["Coffee Dripper","Tiny House"],"picked":"Cursed Key"},{"not_picked":["Sozu","Calling Bell"],"picked":"theDuelist:MillenniumKey"}],"items_purged_floors":[29],"is_endless":false,"potions_floor_spawned":[1,6,10,11,12,13,14,16,18,20,23,25,27,28,33,35,37,38,39,41,42,47,48],"ascension_level":1}}