{"host":"4twef9wyjbt6wfez","time":1610705593,"event":{"mods":["AchievementEnabler","Act Like it!","Arknights The Spire","Bard","Bartender","BaseMod","Better Altar","Better Match","Better Note","Better Skull","Better Third Choice","BetterRewards","Block Reminder","ChefMod","Colored Map","Colorless Booster Pack","Conspire","Curses Come First","Downfall","Elementarium","Energized Spire","GifTheSpireLib","Googly Eyes","GungeonMod","Hermit","Hubris","Infinite Spire","Jorbs\u0027s Wanderer Trilogy","Melee Mod","Mimic Mod","Minty Spire (QoL Compilation)","Potionbrewer","Quarter Circle Forward PUNCH!","Quick Restart","READ ME - Snecko Mod","Random Character Button","Rare Cards Sparkle","Relic Stats","Replay The Spire","SCP261 Mod","Shade Mod","Spicy Shops","StSLib","Steal the Spire","Stuff the Spire","Synergy Search","The Alterego","The Animator","The Bug Knight","The Construct","The Cursed","The Dragon Tamer","The Factory","The Forsaken","The Gatherer","The Hierophant","The Marked","The Mystic","The Runesmith","The Servant 0.9.4","The Wild Card","TheVacant","Yakumo Yukari mod","egg","everything is the same but u backflip on backflip","??????REMEMod"],"gold_per_floor":[112,112,127,144,160,160,160],"floor_reached":6,"language":"ENG","playtime":510,"items_purged":["Parasite"],"score":38,"play_id":"af1c8aa8-ec7d-427a-ab5c-c6657f45454a","local_time":"20210115121313","is_ascension_mode":false,"campfire_choices":[],"circlet_count":0,"master_deck":["DemoMod:Strike_Huntress","DemoMod:Strike_Huntress","DemoMod:Strike_Huntress","DemoMod:Defend_Huntress","DemoMod:Defend_Huntress","DemoMod:Defend_Huntress","DemoMod:Defend_Huntress","DemoMod:Roll","DemoMod:ManualReload","DemoMod:RustySidearm","DemoMod:CrossBow","DemoMod:ChanceBullets","DemoMod:AbyssalTentacle+1","DemoMod:SniperShot","Regret","DemoMod:HighKaliber","DemoMod:FullFirepower","DemoMod:HuntsMan"],"relics":["DemoMod:Dog","REME_ComplimentaryCards","DemoMod:GnawedKey","qcfpunch:Black_Training_Shirt","potionbrewer:Torch","infinitespire:Broken Mirror","ClockworkSouvenir","StuffTheSpire:RedRose","Toy Ornithopter"],"acts_visited":["Exordium"],"potions_floor_usage":[5],"damage_taken":[{"damage":12,"enemies":"Jaw Worm","floor":1,"turns":4},{"damage":11,"enemies":"2 Louse","floor":3,"turns":2},{"damage":13,"enemies":"Small Slimes","floor":4,"turns":4},{"damage":0,"enemies":"Exordium Thugs","floor":5,"turns":3},{"damage":5,"enemies":"3 Sentries","floor":6,"turns":2}],"seed_played":"-4479975324511522679","potions_obtained":[{"floor":4,"key":"potionbrewer:BarricadePotion"}],"is_trial":false,"path_per_floor":["M","?","M","M","M","E"],"character_chosen":"HUNTRESS","items_purchased":["DemoMod:GnawedKey","qcfpunch:Black_Training_Shirt","potionbrewer:Torch","infinitespire:Broken Mirror","ClockworkSouvenir","DemoMod:ChanceBullets","DemoMod:AbyssalTentacle+1"],"campfire_rested":0,"item_purchase_floors":[0,0,0,0,0,0,0],"current_hp_per_floor":[26,26,15,2,2,0,0],"gold":160,"neow_bonus":"","is_daily":false,"chose_seed":false,"campfire_upgraded":0,"win_rate":0.0,"timestamp":1610705593,"path_taken":["M","?","M","M","M","E"],"items_purchased_type":["Relic","Relic","Relic","Relic","Relic","Card","Card"],"build_version":"2020-12-22","purchased_purges":1,"victory":false,"max_hp_per_floor":[67,67,67,67,67,67,67],"relic_stats":{"counters":[5,14],"obtain_stats":[{"potionbrewer:Torch":0,"DemoMod:Dog":0,"infinitespire:Broken Mirror":0,"qcfpunch:Black_Training_Shirt":0,"DemoMod:GlassGuonStoneRelic":3,"DemoMod:GnawedKey":0,"StuffTheSpire:RedRose":2,"Toy Ornithopter":5,"REME_ComplimentaryCards":0,"ClockworkSouvenir":0},{"potionbrewer:Torch":0,"DemoMod:Dog":0,"infinitespire:Broken Mirror":0,"qcfpunch:Black_Training_Shirt":0,"DemoMod:GlassGuonStoneRelic":2,"DemoMod:GnawedKey":0,"StuffTheSpire:RedRose":1,"Toy Ornithopter":4,"REME_ComplimentaryCards":0,"ClockworkSouvenir":0},{"potionbrewer:Torch":0,"DemoMod:Dog":0,"infinitespire:Broken Mirror":0,"qcfpunch:Black_Training_Shirt":0,"DemoMod:GlassGuonStoneRelic":5,"DemoMod:GnawedKey":0,"StuffTheSpire:RedRose":3,"Toy Ornithopter":12,"REME_ComplimentaryCards":0,"ClockworkSouvenir":0}],"Toy Ornithopter":0},"card_choices":[{"not_picked":["DemoMod:HardPowerCard","DemoMod:DoubleSwitch"],"picked":"DemoMod:SniperShot","floor":1},{"not_picked":["DemoMod:ChanceBullets","DemoMod:MachoBrace"],"picked":"DemoMod:HighKaliber","floor":3},{"not_picked":["DemoMod:BoxingGlove","DemoMod:Unmoved"],"picked":"DemoMod:FullFirepower","floor":4},{"not_picked":["DemoMod:SAA","DemoMod:Unmoved"],"picked":"DemoMod:HuntsMan","floor":5}],"player_experience":96389,"relics_obtained":[{"floor":5,"key":"Toy Ornithopter"}],"event_choices":[],"is_beta":false,"boss_relics":[],"items_purged_floors":[0],"is_endless":false,"potions_floor_spawned":[4],"killed_by":"3 Sentries","ascension_level":0}}