{"host":"leop","time":1610683139,"event":{"mods":["ATMod(°¢èªMod)","Act Like it!","BaseMod","GifTheSpireLib","Minty Spire (QoL Compilation)","MostiFishMod","Shop Mod","Spicy Shops","StSLib","TestMod","Yakumo Yukari mod","[IsaacMod]ÒÔÈö¼âËþ","noobMod","¡¾¹¦ÄÜMod¡¿»ìãçÖ®»·ÐÞ¸´²¹¶¡","¡¾ÒÅÎï¿¨ÅÆ¡¿REMEMod"],"gold_per_floor":[112,122,122,139,152,184,184,212,212,224,249,249,283,283,283,356,356,296,296],"floor_reached":18,"language":"ZHS","playtime":567,"items_purged":["Strike_G"],"score":580,"play_id":"a6cde6b1-6677-4063-9b31-92be9434d57a","local_time":"20210115115859","is_ascension_mode":true,"campfire_choices":[{"data":"Neutralize","floor":7,"key":"SMITH"},{"floor":12,"key":"RECALL"},{"data":"Doppelganger","floor":15,"key":"SMITH"}],"circlet_count":0,"master_deck":["AscendersBane","Strike_G+1","Strike_G+1","Strike_G","Strike_G+1","Defend_G+1","Defend_G+1","Defend_G+1","Defend_G","Defend_G","Survivor+1","Neutralize+1","Regret","Writhe","Regret","AT_FamilyPortrait+1","Prepared","Infinite Blades","Backflip+1","PiercingWail+1","Doppelganger+1","Regret"],"relics":["Ring of the Snake"],"acts_visited":["Exordium","TheCity"],"potions_floor_usage":[],"damage_taken":[{"damage":0.0,"enemies":"Cultist","floor":1.0,"turns":1.0},{"damage":0.0,"enemies":"Jaw Worm","floor":2.0,"turns":1.0},{"damage":0.0,"enemies":"2 Louse","floor":4.0,"turns":1.0},{"damage":8.0,"enemies":"2 Fungi Beasts","floor":5.0,"turns":3.0},{"damage":20.0,"enemies":"Lagavulin","floor":6.0,"turns":5.0},{"damage":19,"enemies":"3 Sentries","floor":8,"turns":4},{"damage":7,"enemies":"Large Slime","floor":10,"turns":5},{"damage":4,"enemies":"Gremlin Nob","floor":11,"turns":3},{"damage":4,"enemies":"Lagavulin","floor":13,"turns":5},{"damage":32,"enemies":"The Guardian","floor":16,"turns":5},{"damage":15,"enemies":"2 Thieves","floor":18,"turns":2}],"seed_played":"6782164976329981491","potions_obtained":[{"floor":2.0,"key":"EntropicBrew"},{"floor":4.0,"key":"LiquidMemories"}],"is_trial":false,"path_per_floor":["M","M","?","M","M","E","R","E","T","M","E","R","E","?","R","B",null,"M"],"character_chosen":"THE_SILENT","items_purchased":["Damocles","Frozen Egg 2"],"campfire_rested":0,"item_purchase_floors":[17,17],"current_hp_per_floor":[59,59,44,46,40,22,22,66,66,60,58,58,56,56,56,26,50,0,0],"gold":296,"neow_bonus":"THREE_ENEMY_KILL","is_daily":false,"chose_seed":false,"campfire_upgraded":2,"win_rate":0.0,"timestamp":1610683139,"path_taken":["M","?","?","M","M","E","R","E","T","M","E","R","E","?","R","BOSS","M"],"items_purchased_type":["Relic","Relic"],"build_version":"2020-12-18","purchased_purges":1,"victory":false,"max_hp_per_floor":[66,66,66,66,66,66,66,67,67,71,72,72,73,73,73,81,58,61,61],"card_choices":[{"not_picked":["Leg Sweep","Dagger Throw"],"picked":"Prepared","floor":1.0},{"not_picked":["Prepared","Dagger Spray","Setup","Outmaneuver"],"picked":"Infinite Blades","floor":2.0},{"not_picked":["Bane","AT_TinkerSharpsword","Quick Slash","Choke"],"picked":"Backflip","floor":4.0},{"not_picked":["Deadly Poison","Bomb","Choke","Flying Knee","AT_TinkerSharpsword"],"picked":"SKIP","floor":5.0},{"not_picked":["Quick Slash","MostiFishMod:InvigoratingSolution","Bane","Prepared"],"picked":"PiercingWail","floor":6},{"not_picked":["MostiFishMod:PerfectParry","Crippling Poison","Eviscerate","Backflip","Bullet Time"],"picked":"SKIP","floor":8},{"not_picked":["MostiFishMod:PerfectParry","AT_WindFlip","AT_ShadowStep","Prepared","Choke"],"picked":"SKIP","floor":10},{"not_picked":["Outmaneuver","Sucker Punch","Underhanded Strike","Cloak And Dagger"],"picked":"Doppelganger","floor":11},{"not_picked":["Leg Sweep","Dagger Throw","Underhanded Strike","Flechettes","AT_FocusSwordFire"],"picked":"SKIP","floor":13},{"not_picked":["Adrenaline","Burst","Corpse Explosion","A Thousand Cuts"],"picked":"MostiFishMod:FullyArmed","floor":16}],"player_experience":1075216,"relics_obtained":[{"floor":1.0,"key":"SynthV:TestCard"},{"floor":8,"key":"GnawedLeaf"},{"floor":9,"key":"Gremlin Horn"},{"floor":11,"key":"Toy Ornithopter"},{"floor":13,"key":"Chaos"}],"event_choices":[{"damage_healed":0,"gold_gain":0,"player_choice":"Box","damage_taken":0,"relics_obtained":["testmod-InfectionSource"],"max_hp_gain":0,"max_hp_loss":0,"event_name":"Big Fish","floor":14,"gold_loss":0,"cards_obtained":["Regret"]}],"is_beta":true,"boss_relics":[{"not_picked":["testmod-Antiphasic","StrikeDummy"],"picked":"WingedGreaves"},{"not_picked":[]}],"items_purged_floors":[17],"is_endless":false,"potions_floor_spawned":[2,4,6,10,11,13],"killed_by":"2 Thieves","ascension_level":20}}