{"host":"4cgvt8brk2i8ma1b","time":1610726453,"event":{"mods":["Act Like it!","BaseMod","Better Third Choice","Conspire","Downfall","Duelist Mod","Hallownest","Hubris","Infinite Spire","Jorbs\u0027s Wanderer Trilogy","Minty Spire (QoL Compilation)","Replay The Spire","StSLib","The Bug Knight","The Jungle","The Necromancer","The Poker Player","The Runesmith"],"gold_per_floor":[137,62,62,75,0,28,28,28,28,60,70,82,82,114,114,114,114],"floor_reached":16,"language":"ENG","playtime":1023,"items_purged":["theDuelist:Sparks"],"score":162,"play_id":"55b082b3-3e8b-416d-937d-f82720e0e99d","local_time":"20210115100053","is_ascension_mode":true,"campfire_choices":[{"data":"theDuelist:BigFire","floor":7,"key":"SMITH"},{"floor":13,"key":"REST"},{"floor":15,"key":"REST"}],"circlet_count":0,"master_deck":["AscendersBane","theDuelist:CastleWalls","theDuelist:CastleWalls","theDuelist:Fissure","theDuelist:FluteKuriboh","theDuelist:FluteKuriboh","theDuelist:Relinkuriboh","theDuelist:Sparks","theDuelist:WingedKuriboh+1","theDuelist:WingedKuriboh","Mayhem","theDuelist:RedMedicine+1","theDuelist:BigFire+1","theDuelist:DarklordSuperbia","theDuelist:LegendaryFlameLord","theDuelist:GeminiElf","theDuelist:WhiteHowling"],"relics":["theDuelist:MillenniumPuzzle","theDuelist:CardPoolRelic","theDuelist:CardPoolBasicRelic","theDuelist:BoosterPackPoolRelic","theDuelist:CardPoolAddRelic","theDuelist:CardPoolMinusRelic","theDuelist:CardPoolSaveRelic","theDuelist:CardPoolOptionsRelic","Hallownest:DreamNailRelic","HollowMod:PaleOreRelic","Snake Skull","Paper Frog","infinitespire:EmpoweringShard","theDuelist:KaibaToken"],"acts_visited":["Hallownest:Greenpath"],"potions_floor_usage":[10,12,16],"damage_taken":[{"damage":3,"enemies":"Hallownest:monsterHuskWarrior","floor":1,"turns":3},{"damage":3,"enemies":"Hallownest:2_MossCreeps","floor":4,"turns":6},{"damage":12,"enemies":"Hallownest:eliteVengeflyKing","floor":6,"turns":9},{"damage":16,"enemies":"Hallownest:eliteCrystalGuardian","floor":10,"turns":5},{"damage":9,"enemies":"Hallownest:monsterHuskGuard","floor":11,"turns":3},{"damage":7,"enemies":"Hallownest:Guard_and_Warrior","floor":12,"turns":4},{"damage":27,"enemies":"Hallownest:eliteMossKnight","floor":14,"turns":5},{"damage":70,"enemies":"Hallownest:BossHornet","floor":16,"turns":6}],"seed_played":"1186355454150616366","potions_obtained":[{"floor":4,"key":"theDuelist:TokenPotionB"},{"floor":10,"key":"theDuelist:BurningPotion"},{"floor":14,"key":"Venom Potion"}],"is_trial":false,"path_per_floor":["M","$","?","M","?","E","R","$","T","E","M","?","R","E","R","B"],"character_chosen":"THE_DUELIST","items_purchased":[],"campfire_rested":2,"item_purchase_floors":[],"current_hp_per_floor":[69,69,69,66,66,54,54,54,54,38,29,22,46,19,43,0,0],"gold":114,"neow_bonus":"UPGRADE_CARD","is_daily":false,"chose_seed":false,"campfire_upgraded":1,"win_rate":0.0,"timestamp":1610726453,"path_taken":["M","$","?","?","?","E","R","$","T","E","M","?","R","E","R","BOSS"],"items_purchased_type":[],"build_version":"2020-12-22","purchased_purges":1,"victory":false,"max_hp_per_floor":[80,80,80,80,80,80,80,80,80,80,80,80,80,80,80,80,80],"card_choices":[{"not_picked":["Dramatic Entrance","Swift Strike","Thinking Ahead"],"picked":"Mayhem","floor":1},{"not_picked":["theDuelist:Hinotama+1","theDuelist:MagicalStone+1","theDuelist:OneForOne+1","theDuelist:Wiretap"],"picked":"theDuelist:RedMedicine+1","floor":4},{"not_picked":["theDuelist:DarklordSuperbia","theDuelist:LightningRodLord","theDuelist:WingedKuriboh","theDuelist:EarthquakeGiant"],"picked":"theDuelist:BigFire","floor":6},{"not_picked":["theDuelist:CrossSwordBeetle","theDuelist:Relinkuriboh","theDuelist:GeminiElf","theDuelist:SilverApples"],"picked":"theDuelist:DarklordSuperbia","floor":10},{"not_picked":["theDuelist:Relinkuriboh","theDuelist:FlameTiger","theDuelist:CosmoBrain","theDuelist:WingedKuriboh"],"picked":"theDuelist:LegendaryFlameLord","floor":11},{"not_picked":["theDuelist:CrossSwordBeetle","theDuelist:FluteKuriboh","theDuelist:Spore","theDuelist:DarkFusion"],"picked":"theDuelist:GeminiElf","floor":12},{"not_picked":["theDuelist:GoldenApples","theDuelist:SilverApples","theDuelist:RadiantMirrorForce","theDuelist:UltimateOffering"],"picked":"theDuelist:WhiteHowling","floor":14}],"player_experience":514966,"relics_obtained":[{"floor":6,"key":"Snake Skull"},{"floor":9,"key":"Paper Frog"},{"floor":10,"key":"infinitespire:EmpoweringShard"},{"floor":14,"key":"theDuelist:KaibaToken"}],"event_choices":[],"is_beta":false,"boss_relics":[],"items_purged_floors":[2],"is_endless":false,"potions_floor_spawned":[4,10,14],"killed_by":"Hallownest:BossHornet","ascension_level":10}}