{"host":"0ueeacaatm8t6jyh","time":1610698508,"event":{"mods":["AchievementEnabler","BaseMod","Colored Powertips","Minty Spire (QoL Compilation)","Quick Restart","Rare Cards Sparkle","StSLib"],"gold_per_floor":[109,384,399,411,426,426,261,291,361,361,377,377,25,300,300,300,300],"floor_reached":16,"language":"ZHS","playtime":602,"items_purged":["Regret","Bash"],"score":200,"play_id":"d27888b8-4706-4389-8524-e9995662c01a","local_time":"20210115161508","is_ascension_mode":true,"campfire_choices":[{"floor":6.0,"key":"REST"},{"data":"Corruption","floor":10.0,"key":"SMITH"},{"data":"Burning Pact","floor":12.0,"key":"SMITH"},{"data":"Uppercut","floor":15.0,"key":"SMITH"}],"circlet_count":0,"master_deck":["AscendersBane","Strike_R","Strike_R","Strike_R","Strike_R","Strike_R","Defend_R","Defend_R","Defend_R","Defend_R","Corruption+1","Clash","Burning Pact+1","Flame Barrier","Uppercut+1","Feed","Regret"],"relics":["Burning Blood","Bird Faced Urn","Shuriken","Lantern"],"acts_visited":["Exordium"],"potions_floor_usage":[16,16],"damage_taken":[{"damage":4.0,"enemies":"Small Slimes","floor":1.0,"turns":4.0},{"damage":9.0,"enemies":"Cultist","floor":3.0,"turns":4.0},{"damage":6.0,"enemies":"Jaw Worm","floor":4.0,"turns":5.0},{"damage":60.0,"enemies":"Gremlin Gang","floor":5.0,"turns":6.0},{"damage":18.0,"enemies":"Lagavulin","floor":8.0,"turns":5.0},{"damage":6.0,"enemies":"Looter","floor":11.0,"turns":3.0},{"damage":42,"enemies":"Hexaghost","floor":16,"turns":9}],"seed_played":"1654833924296951021","potions_obtained":[{"floor":5.0,"key":"AttackPotion"},{"floor":8.0,"key":"SpeedPotion"}],"is_trial":false,"path_per_floor":["M","?","M","M","M","R","$","E","T","R","M","R","$","?","R","B"],"character_chosen":"IRONCLAD","items_purchased":["BloodPotion","Flame Barrier","Feed","Lantern"],"campfire_rested":1,"item_purchase_floors":[7,7,13,13],"current_hp_per_floor":[70,70,67,67,13,35,35,23,23,23,25,25,25,25,25,0,0],"gold":300,"neow_bonus":"ONE_RANDOM_RARE_CARD","is_daily":false,"chose_seed":false,"campfire_upgraded":3,"win_rate":0.0,"timestamp":1610698508,"path_taken":["M","?","?","M","M","R","$","E","T","R","?","R","$","?","R","BOSS"],"items_purchased_type":["Potion","Card","Card","Relic"],"build_version":"2020-12-22","purchased_purges":2,"victory":false,"max_hp_per_floor":[75,75,75,75,75,75,75,75,75,75,75,75,75,75,75,75,75],"card_choices":[{"not_picked":["Clothesline","True Grit"],"picked":"Clash","floor":1.0},{"not_picked":["Havoc","Entrench"],"picked":"Burning Pact","floor":3.0},{"not_picked":["Thunderclap","Iron Wave","Sword Boomerang"],"picked":"SKIP","floor":4.0},{"not_picked":["Havoc","True Grit","Headbutt"],"picked":"SKIP","floor":5.0},{"not_picked":["Ghostly Armor","Sever Soul","Warcry"],"picked":"SKIP","floor":8.0},{"not_picked":["Wild Strike","Power Through"],"picked":"Uppercut","floor":11.0}],"player_experience":366355,"relics_obtained":[{"floor":8.0,"key":"Bird Faced Urn"},{"floor":9.0,"key":"Shuriken"}],"event_choices":[{"damage_healed":0.0,"max_hp_gain":0.0,"max_hp_loss":0.0,"gold_gain":275.0,"event_name":"Golden Shrine","player_choice":"Desecrate","floor":2.0,"gold_loss":0.0,"damage_taken":0.0,"cards_obtained":["Regret"]},{"damage_healed":0.0,"max_hp_gain":0.0,"max_hp_loss":0.0,"gold_gain":275.0,"event_name":"Golden Shrine","player_choice":"Desecrate","floor":14.0,"gold_loss":0.0,"damage_taken":0.0,"cards_obtained":["Regret"]}],"is_beta":false,"boss_relics":[],"items_purged_floors":[7,13],"is_endless":false,"potions_floor_spawned":[5,8],"killed_by":"Hexaghost","ascension_level":20}}