{"host":"vyjryxuuuxkt43k4","time":1610680054,"event":{"mods":["BaseMod","Colored Map","DeckTracker","Minty Spire (QoL Compilation)","Permanent Neow","Quick Restart","StSLib","SuperFastMode","everything is the same but u backflip on backflip"],"gold_per_floor":[114,66,77,95,45,78,88,88,113,113,142,142,67,83,83,184,184,195,195,95,115,126,126,41,58,140,68,88,88,48,48,48,48,48],"floor_reached":33,"language":"KOR","playtime":1705,"items_purged":["Strike_P","Defend_P"],"score":305,"play_id":"5226709f-adce-4689-a0d4-ba35a99b295c","local_time":"20210115120734","is_ascension_mode":false,"campfire_choices":[{"data":"Vault","floor":8,"key":"SMITH"},{"data":"EmptyFist","floor":10,"key":"SMITH"},{"data":"InnerPeace","floor":12,"key":"SMITH"},{"data":"FollowUp","floor":15,"key":"SMITH"},{"floor":23,"key":"REST"},{"floor":29,"key":"REST"},{"data":"Adaptation","floor":32,"key":"SMITH"}],"circlet_count":0,"master_deck":["Strike_P","Strike_P","Strike_P","Defend_P","Defend_P","Eruption+1","Vigilance","EmptyFist+1","EmptyBody","FollowUp+1","Vault+1","InnerPeace+1","Blasphemy","MasterReality","Adaptation+1","Adaptation","FlurryOfBlows"],"relics":["HolyWater","Lantern","Oddly Smooth Stone","Ancient Tea Set","Nilry\u0027s Codex","Bird Faced Urn","Singing Bowl"],"acts_visited":["Exordium","TheCity"],"potions_floor_usage":[11,25,25,33,33],"damage_taken":[{"damage":0.0,"enemies":"Jaw Worm","floor":1.0,"turns":2.0},{"damage":0.0,"enemies":"Small Slimes","floor":3.0,"turns":3.0},{"damage":0.0,"enemies":"2 Louse","floor":4.0,"turns":2.0},{"damage":26,"enemies":"Gremlin Nob","floor":6,"turns":4},{"damage":0,"enemies":"Looter","floor":7,"turns":1},{"damage":10,"enemies":"Lagavulin","floor":11,"turns":6},{"damage":0,"enemies":"3 Louse","floor":14,"turns":2},{"damage":0,"enemies":"Slime Boss","floor":16,"turns":5},{"damage":13,"enemies":"Spheric Guardian","floor":18,"turns":5},{"damage":15,"enemies":"2 Thieves","floor":21,"turns":5},{"damage":21,"enemies":"3 Cultists","floor":22,"turns":5},{"damage":18,"enemies":"Snake Plant","floor":25,"turns":6},{"damage":11,"enemies":"Cultist and Chosen","floor":28,"turns":5},{"damage":36,"enemies":"Automaton","floor":33,"turns":5}],"seed_played":"1838007316783694410","potions_obtained":[{"floor":1.0,"key":"Dexterity Potion"},{"floor":7,"key":"SteroidPotion"},{"floor":16,"key":"Weak Potion"},{"floor":21,"key":"SpeedPotion"},{"floor":22,"key":"BlessingOfTheForge"},{"floor":25,"key":"BlessingOfTheForge"}],"is_trial":false,"path_per_floor":["M","$","M","M","?","E","M","R","T","R","E","R","$","M","R","B",null,"M","?","$","M","M","R","?","M","T","$","M","R","$","?","R","B"],"character_chosen":"WATCHER","items_purchased":["EmptyFist","Adaptation","Adaptation"],"campfire_rested":2,"item_purchase_floors":[2,27,30],"current_hp_per_floor":[72,72,72,72,72,46,46,46,46,46,36,36,36,36,36,36,72,59,43,43,28,7,28,28,10,10,10,5,27,27,27,27,0,0],"gold":48,"neow_bonus":"UPGRADE_CARD","is_daily":false,"chose_seed":false,"campfire_upgraded":5,"win_rate":0.0,"timestamp":1610680054,"path_taken":["M","$","M","M","?","E","M","R","T","R","E","R","$","M","R","BOSS","M","?","$","M","M","R","?","M","T","?","M","R","$","?","R","BOSS"],"items_purchased_type":["Card","Card","Card"],"build_version":"2020-12-22","purchased_purges":2,"victory":false,"max_hp_per_floor":[72,72,72,72,72,72,72,72,72,72,72,72,72,72,72,72,72,72,72,72,72,72,72,72,72,72,72,74,74,74,74,74,74,74],"card_choices":[{"not_picked":["FearNoEvil","Pray","BowlingBash"],"picked":"SKIP","floor":1.0},{"not_picked":["EmptyFist","Halt"],"picked":"EmptyBody","floor":3.0},{"not_picked":["CrushJoints","SashWhip"],"picked":"FollowUp","floor":4.0},{"not_picked":["ClearTheMind","Protect"],"picked":"Vault","floor":6},{"not_picked":["Halt","JustLucky","BowlingBash"],"picked":"SKIP","floor":7},{"not_picked":["Halt","CarveReality"],"picked":"InnerPeace","floor":11},{"not_picked":["BattleHymn","Indignation","EmptyBody"],"picked":"SKIP","floor":14},{"not_picked":["Establishment","Ragnarok"],"picked":"Blasphemy","floor":16},{"not_picked":["EmptyFist","Swivel+1","Indignation"],"picked":"SKIP","floor":18},{"not_picked":["ClearTheMind","LikeWater","CarveReality"],"picked":"SKIP","floor":21},{"not_picked":["DeceiveReality","PathToVictory","FlyingSleeves+1"],"picked":"SKIP","floor":22},{"not_picked":["SashWhip","BowlingBash"],"picked":"MasterReality","floor":25},{"not_picked":["SashWhip","ThirdEye+1","WreathOfFlame+1"],"picked":"Singing Bowl","floor":28}],"player_experience":313955,"relics_obtained":[{"floor":6,"key":"Lantern"},{"floor":9,"key":"Oddly Smooth Stone"},{"floor":11,"key":"Ancient Tea Set"},{"floor":19,"key":"Nilry\u0027s Codex"},{"floor":26,"key":"Singing Bowl"}],"event_choices":[{"cards_removed":["Defend_P"],"damage_healed":0.0,"max_hp_gain":0.0,"max_hp_loss":0.0,"gold_gain":0.0,"event_name":"The Cleric","player_choice":"Card Removal","floor":5.0,"gold_loss":50.0,"damage_taken":0.0},{"damage_healed":0,"gold_gain":0,"player_choice":"Obtained Book","damage_taken":16,"max_hp_gain":0,"max_hp_loss":0,"event_name":"Cursed Tome","floor":19,"gold_loss":0},{"damage_healed":0,"gold_gain":0,"player_choice":"Obtained Relic","damage_taken":0,"relics_obtained":["Bird Faced Urn"],"max_hp_gain":0,"max_hp_loss":0,"event_name":"Addict","floor":24,"gold_loss":85},{"damage_healed":0,"gold_gain":0,"player_choice":"Read","damage_taken":0,"max_hp_gain":0,"max_hp_loss":0,"event_name":"The Library","floor":31,"gold_loss":0,"cards_obtained":["FlurryOfBlows"]}],"is_beta":false,"boss_relics":[{"not_picked":["Philosopher\u0027s Stone","Ectoplasm"],"picked":"HolyWater"}],"items_purged_floors":[13,20],"is_endless":false,"potions_floor_spawned":[1,7,16,21,22,25],"killed_by":"Automaton","ascension_level":0}}