{"host":"x3q4ieql2tr7v8o6","time":1610703519,"event":{"mods":["BaseMod","Bestiary","Better Altar","Better Match","Better Note","Better Sensory Stone","Better Skull","Better Third Choice","Colored Map","Colored Powertips","Curses Come First","Minty Spire (QoL Compilation)","StSLib"],"gold_per_floor":[213,213,213,3,78,78,91,91,91,91,115,150,150,185,185,185,185],"floor_reached":16,"language":"ENG","playtime":350,"items_purged":[],"score":186,"play_id":"be4743ce-860d-4859-b46b-bd27cef62017","local_time":"20210115093839","is_ascension_mode":true,"campfire_choices":[{"data":"Panache","floor":6,"key":"SMITH"},{"data":"Sucker Punch","floor":8,"key":"SMITH"},{"data":"Neutralize","floor":10,"key":"SMITH"},{"floor":15,"key":"REST"}],"circlet_count":0,"master_deck":["AscendersBane","Strike_G","Strike_G","Strike_G","Strike_G","Defend_G","Defend_G","Defend_G","Defend_G","Defend_G","Survivor","Neutralize+1","Sucker Punch+1","Panache+1","Outmaneuver","Underhanded Strike","Blur","Sucker Punch"],"relics":["Ring of the Snake","Golden Idol","StrikeDummy","Toy Ornithopter","Matryoshka"],"acts_visited":["Exordium"],"potions_floor_usage":[12,14],"damage_taken":[{"damage":1,"enemies":"Small Slimes","floor":1,"turns":4},{"damage":5,"enemies":"Jaw Worm","floor":7,"turns":7},{"damage":0,"enemies":"Cultist","floor":11,"turns":3},{"damage":22,"enemies":"3 Sentries","floor":12,"turns":9},{"damage":13,"enemies":"Lagavulin","floor":14,"turns":8},{"damage":17,"enemies":"The Guardian","floor":16,"turns":7}],"seed_played":"5380843163921816558","potions_obtained":[{"floor":1,"key":"Block Potion"}],"is_trial":false,"path_per_floor":["M","?","?","$","?","R","M","R","T","R","M","E","?","E","R","B"],"character_chosen":"THE_SILENT","items_purchased":["Panache","Dexterity Potion"],"campfire_rested":1,"item_purchase_floors":[4,4],"current_hp_per_floor":[58,51,51,51,40,40,35,35,35,35,35,13,13,5,24,7,7],"gold":185,"neow_bonus":"HUNDRED_GOLD","is_daily":false,"chose_seed":false,"campfire_upgraded":3,"win_rate":0.0,"timestamp":1610703519,"path_taken":["M","?","?","$","?","R","M","R","T","R","M","E","?","E","R","BOSS"],"items_purchased_type":["Card","Potion"],"build_version":"2020-12-22","purchased_purges":0,"victory":false,"max_hp_per_floor":[66,66,66,66,66,66,66,66,66,66,66,66,66,66,66,66,66],"card_choices":[{"not_picked":["Dagger Throw","Quick Slash"],"picked":"Sucker Punch","floor":1},{"not_picked":["Dodge and Roll","Deadly Poison"],"picked":"Outmaneuver","floor":7},{"not_picked":["Well Laid Plans","Dagger Throw"],"picked":"Underhanded Strike","floor":11},{"not_picked":["Deadly Poison","Unload"],"picked":"Blur","floor":12},{"not_picked":["Dagger Spray","Quick Slash"],"picked":"Sucker Punch","floor":14}],"player_experience":720378,"relics_obtained":[{"floor":9,"key":"StrikeDummy"},{"floor":12,"key":"Toy Ornithopter"},{"floor":14,"key":"Matryoshka"}],"event_choices":[{"cards_removed":["Strike_G"],"damage_healed":0,"gold_gain":0,"player_choice":"Card Removal","damage_taken":7,"max_hp_gain":0,"max_hp_loss":0,"event_name":"Golden Wing","floor":2,"gold_loss":0},{"damage_healed":0,"gold_gain":0,"player_choice":"Take Wound","damage_taken":0,"relics_obtained":["Golden Idol"],"max_hp_gain":0,"max_hp_loss":0,"event_name":"Golden Idol","floor":3,"gold_loss":0,"cards_obtained":["Injury"]},{"damage_healed":0,"gold_gain":75,"player_choice":"Gold","damage_taken":11,"max_hp_gain":0,"max_hp_loss":0,"event_name":"betterThird:BetterGoop","floor":5,"gold_loss":0},{"cards_removed":["Injury"],"damage_healed":0,"gold_gain":0,"player_choice":"Card Removal","damage_taken":0,"max_hp_gain":0,"max_hp_loss":0,"event_name":"Wheel of Change","floor":13,"gold_loss":0}],"is_beta":false,"boss_relics":[],"items_purged_floors":[],"is_endless":false,"potions_floor_spawned":[1,11],"killed_by":"The Guardian","ascension_level":15}}