{"host":"4cz9gr89nglr7k8k","time":1610730343,"event":{"mods":["BaseMod","Minty Spire (QoL Compilation)","Relic Stats","Slay-I"],"gold_per_floor":[109,109,109,126,143,143,155,155,155,155,155,155,180,200,200,200,200],"floor_reached":16,"language":"DEU","playtime":369,"items_purged":[],"score":200,"play_id":"72428aa1-e6bd-4a12-a1df-9c55f2249983","local_time":"20210115180543","is_ascension_mode":true,"campfire_choices":[{"floor":6,"key":"REST"},{"floor":8,"key":"REST"},{"data":"Juggernaut","floor":10,"key":"SMITH"},{"data":"Combust","floor":12,"key":"SMITH"},{"floor":15,"key":"REST"}],"circlet_count":0,"master_deck":["AscendersBane","Strike_R","Strike_R","Strike_R+1","Strike_R","Strike_R","Defend_R","Defend_R","Defend_R+1","Defend_R","Bash","Juggernaut+1","Combust+1","Clash","Inflame","Shockwave","Ghostly Armor","Bludgeon"],"relics":["Burning Blood","Paper Frog","Thread and Needle","The Courier"],"acts_visited":["Exordium"],"potions_floor_usage":[16,16],"damage_taken":[{"damage":24,"enemies":"Jaw Worm","floor":1,"turns":4},{"damage":3,"enemies":"Small Slimes","floor":4,"turns":3},{"damage":11,"enemies":"2 Louse","floor":5,"turns":4},{"damage":24,"enemies":"Exordium Thugs","floor":7,"turns":3},{"damage":21,"enemies":"Lagavulin","floor":13,"turns":5},{"damage":0,"enemies":"Lots of Slimes","floor":14,"turns":5},{"damage":77,"enemies":"Slime Boss","floor":16,"turns":9}],"seed_played":"-3844307730784853197","potions_obtained":[{"floor":4,"key":"SpeedPotion"},{"floor":13,"key":"Fire Potion"},{"floor":14,"key":"DuplicationPotion"}],"is_trial":false,"path_per_floor":["M","?","?","M","M","R","M","R","T","R","?","R","E","M","R","B"],"character_chosen":"IRONCLAD","items_purchased":[],"campfire_rested":3,"item_purchase_floors":[],"current_hp_per_floor":[50,27,32,35,30,54,36,60,60,60,60,60,45,51,75,0,0],"gold":200,"neow_bonus":"ONE_RANDOM_RARE_CARD","is_daily":false,"chose_seed":false,"campfire_upgraded":2,"win_rate":0.0,"timestamp":1610730343,"path_taken":["M","?","?","?","M","R","M","R","T","R","?","R","E","M","R","BOSS"],"items_purchased_type":[],"build_version":"2020-12-22","purchased_purges":0,"victory":false,"max_hp_per_floor":[75,75,80,80,80,80,80,80,80,80,80,80,80,80,80,80,80],"relic_stats":{"counters":[7,33],"obtain_stats":[{"Thread and Needle":11,"The Courier":13,"Burning Blood":0,"Paper Frog":9},{"Thread and Needle":4,"The Courier":5,"Burning Blood":0,"Paper Frog":4},{"Thread and Needle":14,"The Courier":19,"Burning Blood":0,"Paper Frog":14}],"Burning Blood":36},"card_choices":[{"not_picked":["Pommel Strike","Clothesline"],"picked":"Combust","floor":1},{"not_picked":["True Grit","Pummel"],"picked":"Clash","floor":4},{"not_picked":["Combust","Wild Strike"],"picked":"Inflame","floor":5},{"not_picked":["Heavy Blade","Warcry"],"picked":"Shockwave","floor":7},{"not_picked":["Heavy Blade","Pommel Strike"],"picked":"Ghostly Armor","floor":13},{"not_picked":["Havoc","Power Through"],"picked":"Bludgeon","floor":14}],"player_experience":1497877,"relics_obtained":[{"floor":9,"key":"Paper Frog"},{"floor":11,"key":"Thread and Needle"},{"floor":13,"key":"The Courier"}],"event_choices":[{"damage_healed":0,"gold_gain":0,"player_choice":"Entered Light","damage_taken":23,"max_hp_gain":0,"max_hp_loss":0,"event_name":"Shining Light","floor":2,"gold_loss":0,"cards_upgraded":["Defend_R","Strike_R"]},{"damage_healed":0,"gold_gain":0,"player_choice":"Donut","damage_taken":0,"max_hp_gain":5,"max_hp_loss":0,"event_name":"Big Fish","floor":3,"gold_loss":0},{"damage_healed":0,"gold_gain":0,"player_choice":"Relic","damage_taken":0,"max_hp_gain":0,"max_hp_loss":0,"event_name":"Wheel of Change","floor":11,"gold_loss":0}],"is_beta":false,"boss_relics":[],"items_purged_floors":[],"is_endless":false,"potions_floor_spawned":[4,13,14],"killed_by":"Slime Boss","ascension_level":20}}