{"host":"f5gffvlv6a66yqkd","time":1610734447,"event":{"mods":["2.2 Compatiblity","Alarm Clock","BaseMod","Colored Map","Custom Start","DeckTracker","Keyboard Shortcuts","Minty Spire (QoL Compilation)","Permanent Neow","Quick Restart","Relic Stats","StSLib","SuperFastMode"],"gold_per_floor":[20,20,33,47,67,67,82,82,82,82,93,122,135,60,60,139,139,157,157,157,171,188,188,201,236,236,254,254,274,274,72,72,151,151,171,181,234,248,259,259,269,282,305,23,37,51,51,51,51,51,51],"floor_reached":50,"language":"KOR","playtime":1446,"items_purged":["Strike_P","Nirvana","LikeWater"],"score":944,"play_id":"2493361f-502b-436c-a701-d7c7f1dc51ff","local_time":"20210116031407","is_ascension_mode":true,"campfire_choices":[{"data":"BowlingBash","floor":6.0,"key":"SMITH"},{"data":"Brilliance","floor":8.0,"key":"SMITH"},{"data":"EmptyBody","floor":10.0,"key":"SMITH"},{"data":"Wallop","floor":15.0,"key":"SMITH"},{"data":"Ragnarok","floor":23.0,"key":"SMITH"},{"data":"Judgement","floor":28.0,"key":"SMITH"},{"data":"Vigilance","floor":30.0,"key":"SMITH"},{"floor":32.0,"key":"REST"},{"floor":40.0,"key":"REST"},{"floor":49.0,"key":"RECALL"}],"circlet_count":0,"master_deck":["AscendersBane","Eruption+1","Vigilance+1","EmptyBody+1","BowlingBash+1","Brilliance+1","Wallop+1","Ragnarok+1","LessonLearned+1","FlyingSleeves+1","Indignation","Brilliance","Adaptation+1","Judgement+1","Trip+1","DeusExMachina","Tantrum+1","Meditate+1"],"relics":["PureWater","Yang","Strawberry","Pandora\u0027s Box","Du-Vu Doll","Letter Opener","SacredBark","Dead Branch","Medical Kit"],"acts_visited":["Exordium","TheCity","TheBeyond"],"potions_floor_usage":[50],"damage_taken":[{"damage":1.0,"enemies":"2 Louse","floor":1.0,"turns":2.0},{"damage":0.0,"enemies":"Cultist","floor":3.0,"turns":4.0},{"damage":0.0,"enemies":"Small Slimes","floor":4.0,"turns":1.0},{"damage":0.0,"enemies":"2 Fungi Beasts","floor":5.0,"turns":2.0},{"damage":12.0,"enemies":"Exordium Thugs","floor":7.0,"turns":3.0},{"damage":0.0,"enemies":"Large Slime","floor":11.0,"turns":2.0},{"damage":12.0,"enemies":"Lagavulin","floor":12.0,"turns":6.0},{"damage":0.0,"enemies":"2 Fungi Beasts","floor":13.0,"turns":1.0},{"damage":13.0,"enemies":"The Guardian","floor":16.0,"turns":12.0},{"damage":0.0,"enemies":"Spheric Guardian","floor":18.0,"turns":2.0},{"damage":11.0,"enemies":"2 Thieves","floor":21.0,"turns":4.0},{"damage":12.0,"enemies":"3 Cultists","floor":22.0,"turns":3.0},{"damage":5.0,"enemies":"Centurion and Healer","floor":24.0,"turns":3.0},{"damage":10.0,"enemies":"Gremlin Leader","floor":25.0,"turns":5.0},{"damage":0.0,"enemies":"Snake Plant","floor":27.0,"turns":2.0},{"damage":0.0,"enemies":"Snecko","floor":29.0,"turns":2.0},{"damage":14.0,"enemies":"Collector","floor":33.0,"turns":5.0},{"damage":0.0,"enemies":"3 Shapes","floor":35.0,"turns":3.0},{"damage":0.0,"enemies":"Orb Walker","floor":36.0,"turns":3.0},{"damage":27.0,"enemies":"2 Orb Walkers","floor":37.0,"turns":3.0},{"damage":22.0,"enemies":"4 Shapes","floor":38.0,"turns":8.0},{"damage":0.0,"enemies":"Writhing Mass","floor":39.0,"turns":2.0},{"damage":1.0,"enemies":"3 Darklings","floor":41.0,"turns":3.0},{"damage":0.0,"enemies":"4 Shapes","floor":42.0,"turns":5.0},{"damage":5.0,"enemies":"Writhing Mass","floor":45.0,"turns":4.0},{"damage":0.0,"enemies":"Jaw Worm Horde","floor":46.0,"turns":2.0},{"damage":53,"enemies":"Awakened One","floor":50,"turns":5}],"seed_played":"3855828875420765468","potions_obtained":[{"floor":3.0,"key":"Weak Potion"},{"floor":4.0,"key":"PowerPotion"},{"floor":12.0,"key":"ColorlessPotion"},{"floor":20.0,"key":"FearPotion"},{"floor":20.0,"key":"DuplicationPotion"},{"floor":22.0,"key":"Block Potion"},{"floor":27.0,"key":"DistilledChaos"},{"floor":29.0,"key":"LiquidMemories"},{"floor":38.0,"key":"BottledMiracle"},{"floor":39.0,"key":"FearPotion"},{"floor":41.0,"key":"Block Potion"},{"floor":46.0,"key":"PowerPotion"}],"is_trial":false,"path_per_floor":["M","?","M","M","M","R","M","R","T","R","M","E","M","$","R","B",null,"M","?","?","M","M","R","M","E","T","M","R","M","R","$","R","B",null,"M","M","?","M","M","R","M","M","T","$","M","M","?","?","R","B"],"character_chosen":"WATCHER","items_purchased":["Trip","Medical Kit"],"campfire_rested":2,"item_purchase_floors":[31,44],"current_hp_per_floor":[60,60,60,60,60,60,48,48,48,48,48,43,43,43,43,30,64,64,64,64,53,41,41,36,26,26,26,26,26,26,26,48,34,65,65,65,38,16,16,38,37,37,37,37,32,32,32,58,58,5,5],"gold":51,"neow_bonus":"REMOVE_TWO","is_daily":false,"chose_seed":false,"campfire_upgraded":7,"win_rate":0.0,"timestamp":1610734447,"path_taken":["M","?","M","M","M","R","M","R","T","R","M","E","?","$","R","BOSS","M","?","?","M","M","R","M","E","T","M","R","?","R","?","R","BOSS","M","M","?","M","M","R","M","M","T","$","M","M","?","?","R","BOSS"],"items_purchased_type":["Card","Relic"],"build_version":"2020-12-22","purchased_purges":3,"victory":false,"max_hp_per_floor":[68,68,68,68,68,68,68,68,68,68,68,75,75,75,75,75,75,75,75,75,75,75,75,75,75,75,75,75,75,75,75,75,75,75,75,75,75,75,75,75,75,75,75,75,75,75,71,58,58,58,58],"relic_stats":{"counters":[27,97],"Dead Branch":[45],"Yang":[139],"Pandora\u0027s Box":["LikeWater","FlyingSleeves","Nirvana","Indignation","Brilliance"],"Letter Opener":[63],"Medical Kit":[0],"obtain_stats":[{"Du-Vu Doll":25,"Strawberry":12,"SacredBark":34,"Dead Branch":37,"Yang":9,"Pandora\u0027s Box":17,"Letter Opener":26,"PureWater":0,"Medical Kit":44},{"Du-Vu Doll":14,"Strawberry":7,"SacredBark":17,"Dead Branch":20,"Yang":5,"Pandora\u0027s Box":9,"Letter Opener":14,"PureWater":0,"Medical Kit":24},{"Du-Vu Doll":50,"Strawberry":20,"SacredBark":59,"Dead Branch":68,"Yang":12,"Pandora\u0027s Box":33,"Letter Opener":50,"PureWater":0,"Medical Kit":86}]},"card_choices":[{"not_picked":["Vengeance","Pray"],"picked":"EmptyBody","floor":1.0},{"not_picked":["JustLucky","Swivel"],"picked":"BowlingBash","floor":3.0},{"not_picked":["Prostrate","JustLucky","Protect"],"picked":"SKIP","floor":4.0},{"not_picked":["BowlingBash","BattleHymn","Swivel"],"picked":"SKIP","floor":5.0},{"not_picked":["Consecrate","EmptyFist"],"picked":"Brilliance","floor":7.0},{"not_picked":["CrushJoints","EmptyFist"],"picked":"Wallop","floor":11.0},{"not_picked":["Vault","Vengeance"],"picked":"Ragnarok","floor":12.0},{"not_picked":["CrushJoints","SashWhip","Wallop"],"picked":"SKIP","floor":13.0},{"not_picked":["Ragnarok","Establishment"],"picked":"LessonLearned","floor":16.0},{"not_picked":["Sanctity","Consecrate","EmptyFist"],"picked":"SKIP","floor":18.0},{"not_picked":["EmptyFist","FlurryOfBlows","CutThroughFate"],"picked":"SKIP","floor":21.0},{"not_picked":["PathToVictory","FlyingSleeves","Protect"],"picked":"SKIP","floor":22.0},{"not_picked":["PathToVictory","FlyingSleeves","Protect"],"picked":"SKIP","floor":22.0},{"not_picked":["PathToVictory","FlyingSleeves","Protect"],"picked":"SKIP","floor":22.0},{"not_picked":["FlurryOfBlows","Vengeance","PathToVictory+1"],"picked":"SKIP","floor":24.0},{"not_picked":["CrushJoints","WaveOfTheHand"],"picked":"Judgement","floor":25.0},{"not_picked":["EmptyFist","Evaluate","JustLucky"],"picked":"SKIP","floor":27.0},{"not_picked":["Protect","Indignation","EmptyBody"],"picked":"SKIP","floor":29.0},{"not_picked":["Brilliance","Omniscience"],"picked":"DeusExMachina","floor":33.0},{"not_picked":["ThirdEye","Consecrate+1","Sanctity"],"picked":"SKIP","floor":35.0},{"not_picked":["Evaluate","SashWhip+1","SandsOfTime"],"picked":"SKIP","floor":36.0},{"not_picked":["Pray+1","FlyingSleeves+1"],"picked":"Tantrum","floor":37.0},{"not_picked":["Crescendo+1","ReachHeaven","CutThroughFate+1"],"picked":"SKIP","floor":38.0},{"not_picked":["Evaluate","ClearTheMind"],"picked":"Meditate","floor":39.0},{"not_picked":["FollowUp","LikeWater+1","JustLucky"],"picked":"SKIP","floor":41.0},{"not_picked":["CrushJoints","DeceiveReality","BowlingBash"],"picked":"SKIP","floor":42.0},{"not_picked":["EmptyFist","FlurryOfBlows","Evaluate"],"picked":"SKIP","floor":45.0},{"not_picked":["JustLucky","PathToVictory+1","Consecrate"],"picked":"SKIP","floor":46.0}],"player_experience":1567885,"relics_obtained":[{"floor":9.0,"key":"Yang"},{"floor":12.0,"key":"Strawberry"},{"floor":25.0,"key":"Du-Vu Doll"},{"floor":26.0,"key":"Letter Opener"},{"floor":37.0,"key":"Dead Branch"}],"event_choices":[{"damage_healed":0.0,"max_hp_gain":0.0,"max_hp_loss":0.0,"gold_gain":0.0,"event_name":"Upgrade Shrine","player_choice":"Upgraded","floor":2.0,"gold_loss":0.0,"damage_taken":0.0,"cards_upgraded":["Eruption"]},{"damage_healed":0.0,"max_hp_gain":0.0,"max_hp_loss":0.0,"gold_gain":0.0,"event_name":"The Library","player_choice":"Read","floor":19.0,"gold_loss":0.0,"damage_taken":0.0,"cards_obtained":["Adaptation"]},{"damage_healed":0.0,"max_hp_gain":0.0,"max_hp_loss":0.0,"gold_gain":0.0,"event_name":"Lab","player_choice":"Got Potions","floor":20.0,"gold_loss":0.0,"damage_taken":0.0},{"damage_healed":0.0,"max_hp_gain":0.0,"max_hp_loss":0.0,"gold_gain":0.0,"event_name":"Mysterious Sphere","player_choice":"Fight","floor":37.0,"gold_loss":0.0,"damage_taken":0.0},{"damage_healed":0.0,"max_hp_gain":0.0,"max_hp_loss":4.0,"gold_gain":0.0,"event_name":"Winding Halls","player_choice":"Max HP","floor":47.0,"gold_loss":0.0,"damage_taken":0.0},{"damage_healed":58.0,"max_hp_gain":0.0,"max_hp_loss":13.0,"gold_gain":0.0,"event_name":"The Moai Head","player_choice":"Heal","floor":48.0,"gold_loss":0.0,"damage_taken":0.0}],"is_beta":false,"boss_relics":[{"not_picked":["Runic Dome","Snecko Eye"],"picked":"Pandora\u0027s Box"},{"not_picked":["Runic Pyramid","Coffee Dripper"],"picked":"SacredBark"}],"items_purged_floors":[14,31,44],"is_endless":false,"potions_floor_spawned":[3,4,11,12,22,27,29,38,39,41,42,46],"killed_by":"Awakened One","ascension_level":20}}