{"host":"m9sgjjym7adpjcxd","time":1610742483,"event":{"mods":["Bard","BaseMod","Colored Map","Colored Powertips","Downfall","GungeonMod","Highlight Path","Hubris","Infinite Spire","Mimic Mod","Minty Spire (QoL Compilation)","Replay The Spire","StSLib","The Mystic","The Poker Player","Waifu the Spire","slay the spire mod where everything is the same but ironclad has a cowboy hat"],"gold_per_floor":[119,394,47,60,72,104,104,122,172,182,199,213,213,247,247,348,448,466,484,484,500,518,549,549,564,564,564,580,600,613,627,642,642,642,642,642],"floor_reached":35,"language":"ENG","playtime":2002,"items_purged":["Regret"],"score":324,"play_id":"aeb11b4e-1039-41d8-bd3b-aa0bcd1e544e","local_time":"20210115152803","is_ascension_mode":false,"campfire_choices":[{"data":"Armaments","floor":7,"key":"SMITH"},{"data":"Shockwave","floor":13,"key":"SMITH"},{"floor":15,"key":"DIG"},{"data":"Demon Form","floor":24,"key":"SMITH"},{"data":"Flame Barrier","floor":27,"key":"SMITH"},{"data":"Flex","floor":33,"key":"SMITH"}],"circlet_count":0,"master_deck":["Strike_R","Strike_R","Strike_R","Strike_R","Strike_R","Defend_R","Defend_R","Defend_R","Defend_R","Bash","Panacea","hubris:CleavingFinish","Armaments+1","Infernal Blade","Shockwave+1","Cleave","Shrug It Off","Battle Trance","Flame Barrier+1","Demon Form+1","Pommel Strike+1","Sword Boomerang+1","Sword Boomerang+1","Shrug It Off","hubris:SharpeningStone+1","Thunderclap+1","Second Wind+1","Warcry+1","ReplayTheSpireMod:Limb From Limb+1","Flex+1","Flame Barrier"],"relics":["Burning Blood","Calipers","infinitespire:Broken Mirror","Strawberry","Red Skull","Boot","Replay:Wanted Poster","Happy Flower"],"acts_visited":["Exordium","TheCity","TheCity"],"potions_floor_usage":[14,22,23,23,32,34,34],"damage_taken":[{"damage":1,"enemies":"Jaw Worm","floor":1,"turns":3},{"damage":32,"enemies":"infinitespire:Voidling","floor":4,"turns":6},{"damage":0,"enemies":"Small Slimes","floor":5,"turns":3},{"damage":43,"enemies":"3 Sentries","floor":6,"turns":10},{"damage":12,"enemies":"2 Fungi Beasts","floor":8,"turns":4},{"damage":6,"enemies":"Exordium Wildlife","floor":10,"turns":3},{"damage":2,"enemies":"Looter","floor":11,"turns":3},{"damage":7,"enemies":"3 Louse","floor":12,"turns":2},{"damage":6,"enemies":"Lagavulin","floor":14,"turns":6},{"damage":16,"enemies":"Hexaghost","floor":16,"turns":10},{"damage":22,"enemies":"2 Thieves","floor":18,"turns":4},{"damage":7,"enemies":"Chosen","floor":19,"turns":5},{"damage":39,"enemies":"Sentry and Sphere","floor":21,"turns":6},{"damage":9,"enemies":"Centurion and Healer","floor":22,"turns":5},{"damage":0,"enemies":"Book of Stabbing","floor":23,"turns":4},{"damage":5,"enemies":"Snecko","floor":25,"turns":4},{"damage":2,"enemies":"DemoMod:Red_and_blue_shotgun_kin","floor":28,"turns":2},{"damage":0,"enemies":"DemoMod:Veteran_shot_gun_kin_and_red_shotgun_kin","floor":29,"turns":2},{"damage":7,"enemies":"DemoMod:Veteran_shot_gun_kin_and_red_shotgun_kin_with_gunsinger","floor":30,"turns":3},{"damage":0,"enemies":"DemoMod:Veteran_shot_gun_kin_and_blue_shotgun_kin","floor":31,"turns":2},{"damage":11,"enemies":"DemoMod:2_Mousers","floor":32,"turns":3},{"damage":7,"enemies":"DemoMod:ResourcefulRat","floor":35,"turns":4}],"seed_played":"4014302991507179974","potions_obtained":[{"floor":4,"key":"Swift Potion"},{"floor":5,"key":"SpeedPotion"},{"floor":10,"key":"Elixir"},{"floor":16,"key":"FearPotion"},{"floor":18,"key":"infinitespire:BlackPotion"},{"floor":25,"key":"ColorlessPotion"},{"floor":28,"key":"FearPotion"},{"floor":30,"key":"GamblersBrew"}],"is_trial":false,"path_per_floor":["M","?","$","M","M","E","R","M","T","M","M","M","R","E","R_BF","B",null,"M","M","?","M","M","E","R","M","T","R","M","M","M","M","M","R","B","B"],"character_chosen":"IRONCLAD","items_purchased":["DemoMod:WeirdEgg","DemoMod:GnawedKey"],"campfire_rested":0,"item_purchase_floors":[3,3],"current_hp_per_floor":[80,80,80,54,60,23,23,17,24,24,28,27,27,27,27,17,87,71,70,70,37,34,40,40,41,87,87,87,87,86,87,82,82,7,0,0],"gold":642,"neow_bonus":"RANDOM_COLORLESS","is_daily":false,"chose_seed":false,"campfire_upgraded":5,"win_rate":0.0,"timestamp":1610742483,"path_taken":["M","?","$","M","?","E","R","M","T","M","M","M","R","E","R_BF","BOSS","M","?","?","M","M","E","R","M","T","R","M","M","M","M","M","R","BOSS","BOSS"],"items_purchased_type":["Relic","Relic"],"build_version":"2020-12-22","purchased_purges":1,"victory":false,"max_hp_per_floor":[80,80,80,80,80,80,80,80,87,87,87,87,87,87,87,87,87,87,87,87,87,87,87,87,87,87,87,87,87,87,87,87,87,87,87,87],"card_choices":[{"not_picked":["expansioncontent:Torchfire","ReplayTheSpireMod:Private Reserves"],"picked":"Panacea","floor":0},{"not_picked":["Dual Wield","Battle Trance"],"picked":"hubris:CleavingFinish","floor":1},{"not_picked":["Body Slam","Pommel Strike"],"picked":"Armaments","floor":4},{"not_picked":["Replay:Undeath\u0027s Touch","Run Through"],"picked":"Infernal Blade","floor":5},{"not_picked":["Perfected Strike","hubris:ReadiedAction"],"picked":"Shockwave","floor":6},{"not_picked":["Headbutt","Clash"],"picked":"Cleave","floor":8},{"not_picked":["Hemogenesis","Dropkick"],"picked":"Shrug It Off","floor":10},{"not_picked":["Sentinel","ReplayTheSpireMod:Corrosion Curse","Combust"],"picked":"SKIP","floor":11},{"not_picked":["Iron Wave","ReplayTheSpireMod:LeadingStrike"],"picked":"Battle Trance","floor":12},{"not_picked":["Dark Embrace","Perfected Strike"],"picked":"Flame Barrier","floor":14},{"not_picked":["Immolate","Replay:Many Hands"],"picked":"Demon Form","floor":16},{"not_picked":["Perfected Strike","Body Slam"],"picked":"Pommel Strike+1","floor":18},{"not_picked":["ReplayTheSpireMod:Limb From Limb","Inflame"],"picked":"Sword Boomerang+1","floor":19},{"not_picked":["Pummel","Blood for Blood"],"picked":"Sword Boomerang+1","floor":21},{"not_picked":["Wild Strike","Life Link"],"picked":"Shrug It Off","floor":22},{"not_picked":["Clothesline","Clash"],"picked":"hubris:SharpeningStone+1","floor":23},{"not_picked":["Havoc","Armaments"],"picked":"Thunderclap+1","floor":25},{"not_picked":["Headbutt","Perfected Strike+1"],"picked":"Second Wind+1","floor":28},{"not_picked":["Cleave+1","Body Slam"],"picked":"Warcry+1","floor":29},{"not_picked":["Armaments+1","Perfected Strike"],"picked":"ReplayTheSpireMod:Limb From Limb+1","floor":30},{"not_picked":["Defy Death","Heavy Blade"],"picked":"Flex","floor":31},{"not_picked":["Heavy Blade","Evolve+1","Flame Barrier"],"picked":"SKIP","floor":32},{"not_picked":["Heavy Blade","Evolve+1"],"picked":"Flame Barrier","floor":32}],"player_experience":427058,"relics_obtained":[{"floor":6,"key":"infinitespire:Broken Mirror"},{"floor":9,"key":"Strawberry"},{"floor":14,"key":"Red Skull"},{"floor":15,"key":"Boot"},{"floor":23,"key":"Happy Flower"}],"event_choices":[{"damage_healed":0,"gold_gain":275,"player_choice":"Desecrate","damage_taken":0,"max_hp_gain":0,"max_hp_loss":0,"event_name":"Golden Shrine","floor":2,"gold_loss":0,"cards_obtained":["Regret"]}],"is_beta":false,"boss_relics":[{"not_picked":["hubris:BlackHole","Runic Cube"],"picked":"Replay:Wanted Poster"}],"items_purged_floors":[3],"is_endless":false,"potions_floor_spawned":[4,5,10,16,18,19,25,28,30],"killed_by":"DemoMod:ResourcefulRat","ascension_level":0}}