{"host":"1ecbliur7lfoj0sl","time":1610719732,"event":{"mods":["BaseMod","Library of Ruina","Library of Ruina Extra","Minty Spire (QoL Compilation)","StSLib","Waifu the Spire"],"gold_per_floor":[110,124,124,137,137,137,180,180,180,201,219,295,328,351,351,472,472,490,510,140,140,165,208,208,243,243,243,243,243],"floor_reached":28,"language":"ZHS","playtime":4473,"items_purged":["FocusedStrikes"],"score":308,"play_id":"940654ab-7cef-41aa-84f6-7d8d6d16cbc1","local_time":"20210115220852","is_ascension_mode":true,"campfire_choices":[{"data":"DarkCloud","floor":6.0,"key":"SMITH"},{"data":"PreparedMind","floor":8.0,"key":"SMITH"},{"floor":15.0,"key":"REST"},{"data":"FlyingSword","floor":24,"key":"SMITH"},{"data":"CookingPrep","floor":27,"key":"SMITH"}],"circlet_count":0,"master_deck":["Dodge","LightDefense","LightAttack","LightAttack","LightDefense","LightDefense","LightDefense","ChargeAndCover","SnakesPrey","DarkCloud+1","ClassAndRespect","PreparedMind+1","ScatteringSlash","GrazeTheGrass","Riposte","UndertakePrescript","Cruelty","Faith+1","CookingPrep+1","FlyingSword+1","IronWall+1","Parry2"],"relics":["PageOfLibrarian","Golden Idol","Pantograph","Lantern","Vajra","PageOfRedShoes","SlaversCollar","PageOfGreed","MutagenicStrength","PageOfTheQueenOfHatred","PageOfTheKnightOfDespair","PageOfWrath"],"acts_visited":["Exordium","TheCity"],"potions_floor_usage":[23,25,28,28,28,28],"damage_taken":[{"damage":0.0,"enemies":"Jaw Worm","floor":1.0,"turns":4.0},{"damage":0.0,"enemies":"Cultist","floor":2.0,"turns":3.0},{"damage":0.0,"enemies":"Small Slimes","floor":4.0,"turns":6.0},{"damage":10.0,"enemies":"3 Sentries","floor":7.0,"turns":8.0},{"damage":0.0,"enemies":"3 Louse","floor":10.0,"turns":5.0},{"damage":11.0,"enemies":"Large Slime","floor":11.0,"turns":8.0},{"damage":17.0,"enemies":"Lagavulin Event","floor":12.0,"turns":10.0},{"damage":11.0,"enemies":"Lagavulin","floor":13.0,"turns":10.0},{"damage":0.0,"enemies":"Looter","floor":14.0,"turns":3.0},{"damage":8.0,"enemies":"Hexaghost","floor":16.0,"turns":8.0},{"damage":3.0,"enemies":"Shell Parasite","floor":18.0,"turns":3.0},{"damage":3.0,"enemies":"Spheric Guardian","floor":19.0,"turns":6.0},{"damage":13.0,"enemies":"Shelled Parasite and Fungi","floor":22.0,"turns":6.0},{"damage":0,"enemies":"Book of Stabbing","floor":23,"turns":6},{"damage":24,"enemies":"Slavers","floor":25,"turns":6},{"damage":104,"enemies":"Book of Stabbing","floor":28,"turns":6}],"seed_played":"8931000154788287908","potions_obtained":[{"floor":2.0,"key":"DistilledChaos"},{"floor":4.0,"key":"Fruit Juice"},{"floor":11.0,"key":"Dexterity Potion"},{"floor":16.0,"key":"ColorlessPotion"},{"floor":18.0,"key":"FearPotion"},{"floor":25,"key":"EntropicBrew"}],"is_trial":false,"path_per_floor":["M","M","?","M","T","R","E","R","T","M","M","?","E","M","R","B",null,"M","M","$","?","M","E","R","E","T","R","E"],"character_chosen":"Librarian","items_purchased":["FlyingSword","PageOfGreed"],"campfire_rested":1,"item_purchase_floors":[20,20],"current_hp_per_floor":[60,60,43,48,48,48,38,38,38,38,27,10,6,8,29,46,73,70,68,68,68,55,58,58,47,47,47,0,0],"gold":243,"neow_bonus":"REMOVE_CARD","is_daily":false,"chose_seed":false,"campfire_upgraded":4,"win_rate":0.0,"timestamp":1610719732,"path_taken":["M","M","?","M","?","R","E","R","T","?","M","?","E","M","R","BOSS","M","M","$","?","M","E","R","E","T","R","E"],"items_purchased_type":["Card","Relic"],"build_version":"2020-12-22","purchased_purges":1,"victory":false,"max_hp_per_floor":[61,68,68,82,82,73,73,73,73,73,73,68,68,68,73,73,73,73,73,73,73,73,73,73,73,73,73,73,73],"card_choices":[{"not_picked":["StructuralAnalysis","QuickSuppression","SmokingPipe","FlowOfTheSword","StrongStrike","FierceOnslaught","BladeWhirl","BizarreAttack"],"picked":"SnakesPrey","floor":1.0},{"not_picked":["GreatSerpentsImpact","MindWhip","MultiHit","SkyClearingCut","BurningFlash","SuppressingShot","SpearedSweep","FleetEdge"],"picked":"DarkCloud","floor":2.0},{"not_picked":["WrathOfTorment","SharpSwipe","MultiBlock","WillOfThePrescript","SuppressingShot","SummaryJudgment","InnerArdor","RatsGuideToSurvival"],"picked":"ClassAndRespect","floor":4.0},{"not_picked":["SuppressingShot","HandleRequest","NightInTheBackstreets","SinglePointStab","ShrineToMusic","IdentifyWeakpoint","Preparation","Cruelty"],"picked":"PreparedMind","floor":7.0},{"not_picked":["CombatPreparation","GreatSerpentsImpact","Unlock1","YourShield","SunsetBlade","CumulusWall","Leap_lor","PinpointShot"],"picked":"ScatteringSlash","floor":10.0},{"not_picked":["MultiBlock","SinglePointStab","BurningFlash","EnergyStrike","PinpointShot","FleshFillet","StartinOutLightly","GuidanceOfTheGears"],"picked":"GrazeTheGrass","floor":11.0},{"not_picked":["Zzzzzap","VenomousFangs","UnavoidableGaze","Leap_lor","Outburst","GrazeTheGrass","ICanCookAnything","Quickness"],"picked":"Riposte","floor":12.0},{"not_picked":["Outburst","IdentifyWeakpoint","SmokingPipe","SerpentSwordTechnique","Leap_lor","Rewind","FlamingDragonFist","StructuralAnalysis","Castigation"],"picked":"SKIP","floor":13.0},{"not_picked":["Faith","EnergyCycle","TendonChords","Gamble","ForcefulGesture","ShockingBlow","DefenseOrder","GreatSerpentsImpact"],"picked":"UndertakePrescript","floor":14.0},{"not_picked":["Punishment","RagingStorm"],"picked":"Cruelty","floor":16.0},{"not_picked":["HandleRequest","FleshFillet","QuickSuppression","SmokingPipe","BackAttack","SnakeSlit","DefenseOrder","Standoff"],"picked":"Faith+1","floor":18.0},{"not_picked":["Thrust","FierceCharge","GreatSerpentsImpact+1","TasteMyFlamingBat","AutonomousRush","BurningFlash","BackAttack+1","BayonetCombat"],"picked":"CookingPrep","floor":19.0},{"not_picked":["IllEndYou","Leap_lor","Outburst","GuidanceOfTheGears","Tailoring","UndertakePrescript","FeelinGood+1","ShrineToMusic"],"picked":"IronWall+1","floor":22.0},{"not_picked":["ScatteringSlash","DefenseOrder","StrikeDown","DesperateStruggle","FeatherShield","AsThePrescriptOrders","MindPrepared","BoundaryOfDeath","Outburst"],"picked":"SKIP","floor":23},{"not_picked":["Execute_lor","LoosenUp","SkitterAway","Multislash","SuppressingShot","LawAndOrder","AssaultOrder","HiddenBlade"],"picked":"Parry2","floor":25}],"player_experience":3396,"relics_obtained":[{"floor":5.0,"key":"Pantograph"},{"floor":7.0,"key":"Lantern"},{"floor":12.0,"key":"Vajra"},{"floor":13.0,"key":"PageOfRedShoes"},{"floor":23,"key":"PageOfTheQueenOfHatred"},{"floor":25,"key":"PageOfTheKnightOfDespair"},{"floor":26,"key":"PageOfWrath"}],"event_choices":[{"damage_healed":0.0,"max_hp_gain":0.0,"max_hp_loss":0.0,"gold_gain":0.0,"event_name":"Golden Idol","player_choice":"Take Damage","floor":3.0,"gold_loss":0.0,"damage_taken":17.0,"relics_obtained":["Golden Idol"]},{"damage_healed":0.0,"max_hp_gain":0.0,"max_hp_loss":0.0,"gold_gain":0.0,"event_name":"Dead Adventurer","player_choice":"Searched \u00271\u0027 times","floor":12.0,"gold_loss":0.0,"damage_taken":0.0},{"damage_healed":0.0,"max_hp_gain":0.0,"max_hp_loss":0.0,"gold_gain":0.0,"event_name":"Drug Dealer","player_choice":"Inject Mutagens","floor":21.0,"gold_loss":0.0,"damage_taken":0.0,"relics_obtained":["MutagenicStrength"]}],"is_beta":false,"boss_relics":[{"not_picked":["Calling Bell","SacredBark"],"picked":"SlaversCollar"}],"items_purged_floors":[20],"is_endless":false,"potions_floor_spawned":[2,4,11,16,18,25],"killed_by":"Book of Stabbing","ascension_level":1}}