{"host":"fdn1l3zxrtmz275b","time":1610716779,"event":{"mods":["BaseMod","DeckTracker","GifTheSpireLib","Marisa????????","Minty Spire (QoL Compilation)","Replay The Spire","StSLib","The Cursed"],"gold_per_floor":[117,117,192,211,227,227,227,155,155,171,187,187,187,205,205,205,205],"floor_reached":16,"language":"RUS","playtime":537,"items_purged":[],"score":107,"play_id":"881e76f4-dbf2-4b76-bb76-67945467fc81","local_time":"20210115161939","is_ascension_mode":true,"campfire_choices":[{"data":"Quick Slash","floor":6,"key":"SMITH"},{"data":"Cloak And Dagger","floor":15,"key":"SMITH"}],"circlet_count":0,"master_deck":["Strike_G","Strike_G","Strike_G","Strike_G","Defend_G","Defend_G","Defend_G","Defend_G","Defend_G","Survivor","Neutralize","Quick Slash+1","Tactician+1","Hidden Blade","Escape Plan","Prepared","Flying Knee","Cloak And Dagger+1"],"relics":["Philosopher\u0027s Stone","Toy Ornithopter","Chameleon Ring"],"acts_visited":["Exordium"],"potions_floor_usage":[8,14,16,16,16],"damage_taken":[{"damage":3,"enemies":"Small Slimes","floor":1,"turns":5},{"damage":0,"enemies":"Jaw Worm","floor":4,"turns":5},{"damage":6,"enemies":"2 Louse","floor":5,"turns":2},{"damage":49,"enemies":"Lagavulin","floor":8,"turns":8},{"damage":4,"enemies":"Red Slaver","floor":10,"turns":3},{"damage":0,"enemies":"3 Louse","floor":11,"turns":4},{"damage":3,"enemies":"Blue Slaver","floor":14,"turns":2},{"damage":36,"enemies":"Slime Boss","floor":16,"turns":6}],"seed_played":"6926611538848635502","potions_obtained":[{"floor":4,"key":"Regen Potion"},{"floor":10,"key":"Fire Potion"},{"floor":13,"key":"SteroidPotion"},{"floor":13,"key":"Weak Potion"},{"floor":14,"key":"Energy Potion"}],"is_trial":false,"path_per_floor":["M","?","?","M","M","R","?","E","T","M","M","?","R","M","R","B"],"character_chosen":"THE_SILENT","items_purchased":[],"campfire_rested":0,"item_purchase_floors":[],"current_hp_per_floor":[67,67,56,56,50,50,50,16,16,12,12,12,12,14,14,0,0],"gold":205,"neow_bonus":"BOSS_RELIC","is_daily":false,"chose_seed":false,"campfire_upgraded":2,"win_rate":0.0,"timestamp":1610716779,"path_taken":["M","?","?","?","M","R","?","E","T","?","M","?","R","M","R","BOSS"],"items_purchased_type":[],"build_version":"2020-12-22","purchased_purges":0,"victory":false,"max_hp_per_floor":[70,70,70,70,70,70,70,70,70,70,70,70,70,70,70,70,70],"card_choices":[{"not_picked":["Poisoned Stab","Deadly Poison"],"picked":"Quick Slash","floor":1},{"not_picked":["Cloak And Dagger","Bane"],"picked":"Hidden Blade","floor":4},{"not_picked":["PiercingWail","Slice","Flying Knee"],"picked":"SKIP","floor":5},{"not_picked":["Atom Bomb","Deadly Poison"],"picked":"Escape Plan","floor":8},{"not_picked":["Dodge and Roll","Bouncing Flask"],"picked":"Prepared","floor":10},{"not_picked":["Dodge and Roll","Deflect"],"picked":"Flying Knee","floor":11},{"not_picked":["Hidden Blade","Footwork"],"picked":"Cloak And Dagger","floor":14}],"player_experience":129273,"relics_obtained":[{"floor":8,"key":"Toy Ornithopter"},{"floor":9,"key":"Chameleon Ring"}],"event_choices":[{"damage_healed":0,"gold_gain":75,"player_choice":"Gather Gold","damage_taken":11,"max_hp_gain":0,"max_hp_loss":0,"event_name":"World of Goop","floor":3,"gold_loss":0},{"damage_healed":0,"gold_gain":0,"player_choice":"1 cards matched","damage_taken":0,"max_hp_gain":0,"max_hp_loss":0,"event_name":"Match and Keep!","floor":7,"gold_loss":0,"cards_obtained":["ReplayTheSpireMod:IOU"]},{"damage_healed":0,"gold_gain":0,"player_choice":"Ignored","damage_taken":0,"max_hp_gain":0,"max_hp_loss":0,"event_name":"Shining Light","floor":12,"gold_loss":0}],"is_beta":false,"boss_relics":[],"items_purged_floors":[],"is_endless":false,"potions_floor_spawned":[4,10,14],"killed_by":"Slime Boss","ascension_level":1}}