{"host":"nnxvcju6x1qybncj","time":1610721985,"event":{"mods":["BaseMod","Displayed Cursed Tome","Downfall","Evolution","Jorbs\u0027s Wanderer Trilogy","Minty Spire (QoL Compilation)","Quick Restart","StSLib"],"gold_per_floor":[114,173,37,37,37,37,70,82,107,118,118,118,153,173,173,249,249,259,259,7,21,21,51,51,62,62,62,7,7,7,17,17,17,17],"floor_reached":33,"language":"ENG","playtime":1046,"items_purged":[],"score":561,"play_id":"c4e9bce3-8c9c-4735-9afa-c738c69b1bd4","local_time":"20210115154625","is_ascension_mode":true,"campfire_choices":[{"data":"True Grit","floor":6.0,"key":"SMITH"},{"floor":12.0,"key":"REST"},{"data":"Inflame","floor":15.0,"key":"SMITH"},{"data":"Apotheosis","floor":24.0,"key":"SMITH"},{"data":"Barricade","floor":27.0,"key":"SMITH"},{"data":"Entrench","floor":29.0,"key":"SMITH"},{"floor":32.0,"key":"REST"}],"circlet_count":0,"master_deck":["AscendersBane","Wild Strike+1","Strike_R","Strike_R","Strike_R","Defend_R","Defend_R","Defend_R","Defend_R","Bash","Shrug It Off","Metallicize","True Grit+1","Spot Weakness","Inflame+1","Inflame+1","Twin Strike","Clothesline","Barricade+1","Entrench+1","Apotheosis+1","Shrug It Off","True Grit+1","Body Slam","Shrug It Off","Clothesline"],"relics":["Burning Blood","EVO:Axolotl","NeowsBlessing","Bronze Scales","PreservedInsect","Pear","Velvet Choker","Bottled Flame","Matryoshka"],"acts_visited":["Exordium","TheCity"],"potions_floor_usage":[],"damage_taken":[{"damage":0.0,"enemies":"Small Slimes","floor":1.0,"turns":1.0},{"damage":0.0,"enemies":"Gremlin Nob","floor":7.0,"turns":1.0},{"damage":0.0,"enemies":"Jaw Worm","floor":8.0,"turns":1.0},{"damage":6.0,"enemies":"2 Louse","floor":10.0,"turns":3.0},{"damage":15.0,"enemies":"Lagavulin","floor":13.0,"turns":6.0},{"damage":30.0,"enemies":"Blue Slaver","floor":14.0,"turns":4.0},{"damage":42.0,"enemies":"Hexaghost","floor":16.0,"turns":9.0},{"damage":4.0,"enemies":"3 Byrds","floor":18.0,"turns":2.0},{"damage":4.0,"enemies":"2 Thieves","floor":21.0,"turns":4.0},{"damage":10.0,"enemies":"Gremlin Leader","floor":23.0,"turns":6.0},{"damage":32.0,"enemies":"Shelled Parasite and Fungi","floor":25.0,"turns":7.0},{"damage":0.0,"enemies":"Snake Plant","floor":30.0,"turns":1.0},{"damage":46.0,"enemies":"Chosen and Byrds","floor":31.0,"turns":7.0},{"damage":62,"enemies":"Collector","floor":33,"turns":6}],"seed_played":"-2150348846549480429","potions_obtained":[{"floor":10.0,"key":"SmokeBomb"},{"floor":13.0,"key":"Regen Potion"},{"floor":18.0,"key":"DistilledChaos"},{"floor":21.0,"key":"Regen Potion"},{"floor":31.0,"key":"Fruit Juice"}],"is_trial":false,"path_per_floor":["M","?","$","?","$","R","E","M","T","M","?","R","E","M","R","B",null,"M","?","$","M","?","E","R","M","T","R","$","R","M","M","R","B"],"character_chosen":"IRONCLAD","items_purchased":["Metallicize","True Grit","Apotheosis","Shrug It Off","Shrug It Off"],"campfire_rested":2,"item_purchase_floors":[3,3,20,20,28],"current_hp_per_floor":[74,74,74,79,79,79,80,80,80,80,56,80,81,57,57,21,73,75,75,75,77,77,73,73,59,59,59,59,59,65,30,58,0,0],"gold":17,"neow_bonus":"THREE_ENEMY_KILL","is_daily":false,"chose_seed":false,"campfire_upgraded":5,"win_rate":0.0,"timestamp":1610721985,"path_taken":["M","?","$","?","?","R","E","M","T","?","?","R","E","M","R","BOSS","M","?","$","M","?","E","R","M","T","R","$","R","?","M","R","BOSS"],"items_purchased_type":["Card","Card","Card","Card","Card"],"build_version":"2020-12-22","purchased_purges":0,"victory":false,"max_hp_per_floor":[75,75,75,80,80,80,80,80,80,80,80,80,90,90,90,90,90,90,90,90,90,90,90,90,90,90,90,90,90,90,95,95,95,95],"card_choices":[{"not_picked":["Armaments","Pommel Strike"],"picked":"Shrug It Off","floor":1.0},{"not_picked":["Body Slam","Anger"],"picked":"Spot Weakness","floor":7.0},{"not_picked":["Entrench","Sword Boomerang"],"picked":"Inflame","floor":8.0},{"not_picked":["Rage","Uppercut"],"picked":"Inflame","floor":10.0},{"not_picked":["Iron Wave","Brutality"],"picked":"Twin Strike","floor":13.0},{"not_picked":["Twin Strike","Dropkick"],"picked":"Clothesline","floor":14.0},{"not_picked":["Brutality","Demon Form"],"picked":"Barricade","floor":16.0},{"not_picked":["True Grit","Fire Breathing"],"picked":"Entrench","floor":18.0},{"not_picked":["Ghostly Armor","Intimidate"],"picked":"True Grit+1","floor":21.0},{"not_picked":["Whirlwind","Dual Wield"],"picked":"Body Slam","floor":23.0},{"not_picked":["Reckless Charge","Hemokinesis","Feel No Pain"],"picked":"SKIP","floor":25.0},{"not_picked":["Headbutt","Inflame"],"picked":"Clothesline","floor":31.0}],"player_experience":682200,"relics_obtained":[{"floor":7.0,"key":"Bronze Scales"},{"floor":9.0,"key":"PreservedInsect"},{"floor":13.0,"key":"Pear"},{"floor":23.0,"key":"Bottled Flame"},{"floor":26.0,"key":"Matryoshka"}],"event_choices":[{"damage_healed":0.0,"max_hp_gain":0.0,"max_hp_loss":0.0,"gold_gain":59.0,"event_name":"Golden Wing","player_choice":"Gained Gold","floor":2.0,"gold_loss":0.0,"damage_taken":0.0},{"damage_healed":0.0,"max_hp_gain":5.0,"max_hp_loss":0.0,"gold_gain":0.0,"event_name":"Big Fish","player_choice":"Donut","floor":4.0,"gold_loss":0.0,"damage_taken":0.0},{"damage_healed":0.0,"max_hp_gain":0.0,"max_hp_loss":0.0,"gold_gain":0.0,"event_name":"Shining Light","player_choice":"Entered Light","floor":11.0,"gold_loss":0.0,"damage_taken":24.0,"cards_upgraded":["Inflame","Wild Strike"]},{"damage_healed":0.0,"max_hp_gain":0.0,"max_hp_loss":0.0,"gold_gain":0.0,"event_name":"Vampires","player_choice":"Ignored","floor":19.0,"gold_loss":0.0,"damage_taken":0.0},{"cards_removed":["Strike_R"],"damage_healed":0.0,"max_hp_gain":0.0,"max_hp_loss":0.0,"gold_gain":0.0,"event_name":"Bonfire Elementals","player_choice":"Offered Basic","floor":22.0,"gold_loss":0.0,"damage_taken":0.0}],"is_beta":false,"boss_relics":[{"not_picked":["Runic Dome","SacredBark"],"picked":"Velvet Choker"}],"items_purged_floors":[],"is_endless":false,"potions_floor_spawned":[10,13,18,21,31],"killed_by":"Collector","ascension_level":16}}