{"host":"ykruzxakfolvqoa7","time":1610750688,"event":{"mods":["Act Like it!","BaseMod","Colored Powertips","Downfall","Elementarium","Hubris","Ironclad Rager","Menagerie","Mimic Mod","Minty Spire (QoL Compilation)","Spicy Shops","Spikes Relics","StSLib","Swap Starting Deck Mod","Wandering Minibosses"],"gold_per_floor":[113,113,129,79,79,4,4,14,40,69,69,69,69,88,88,189,189,204,219,219,219],"floor_reached":20,"language":"ENG","playtime":8513,"items_purged":["Strike_B"],"score":222,"play_id":"3c0b2fc9-b047-4e1b-8b91-15f492a13e32","local_time":"20210115224448","is_ascension_mode":false,"campfire_choices":[{"data":"Zap","floor":7,"key":"SMITH"},{"floor":12,"key":"RECALL"},{"floor":15,"key":"REST"}],"circlet_count":0,"master_deck":["Strike_B","Defend_B","Defend_B","Defend_B","Defend_B","Zap+1","Dualcast","Rebound","Gash","Conserve Battery","Ball Lightning","RefreshScreen","Echo Form","Elementarium:StickyTar","FTL"],"relics":["SacredBark","ZombieTooth","Bag of Marbles","Mercury Hourglass","hubris:Backtick","hubris:64BitClover"],"acts_visited":["Exordium","Exordium"],"potions_floor_usage":[10,16,18],"damage_taken":[{"damage":2,"enemies":"2 Louse","floor":1,"turns":4},{"damage":0,"enemies":"Small Slimes","floor":3,"turns":3},{"damage":1,"enemies":"Jaw Worm","floor":8,"turns":4},{"damage":8,"enemies":"3 Sentries","floor":10,"turns":5},{"damage":0,"enemies":"Large Slime","floor":14,"turns":4},{"damage":0,"enemies":"Slime Boss","floor":16,"turns":5},{"damage":16,"enemies":"Elementarium:MUD_AND_TAR_GOLEMS","floor":18,"turns":5},{"damage":11,"enemies":"Elementarium:2_ELEMENTALS","floor":19,"turns":5},{"damage":0,"enemies":"Elementarium:Hydrostalker","floor":20,"turns":1}],"seed_played":"4585170035845906171","potions_obtained":[{"floor":1,"key":"AttackPotion"},{"floor":10,"key":"sneckomod:MuddlingPotion"},{"floor":14,"key":"Fire Potion"},{"floor":18,"key":"SneckoOil"}],"is_trial":false,"path_per_floor":["M","?","M","?","?","$","R","M","T","E","?","R","$","M","R","B",null,"M","M","M"],"character_chosen":"DEFECT","items_purchased":[],"campfire_rested":1,"item_purchase_floors":[],"current_hp_per_floor":[73,61,61,61,54,54,54,53,53,45,45,45,45,45,67,67,75,59,48,48,48],"gold":219,"neow_bonus":"BOSS_RELIC","is_daily":false,"chose_seed":false,"campfire_upgraded":1,"win_rate":0.0,"timestamp":1610750688,"path_taken":["M","?","M","?","?","?","R","M","T","E","?","R","$","M","R","BOSS","M","M","M"],"items_purchased_type":[],"build_version":"2020-12-22","purchased_purges":1,"victory":false,"max_hp_per_floor":[75,75,75,75,75,75,75,75,75,75,75,75,75,75,75,75,75,75,75,75,75],"card_choices":[{"not_picked":["Glacier","Coolheaded"],"picked":"Rebound","floor":1},{"not_picked":["Turbo","Barrage","Cold Snap"],"picked":"SKIP","floor":3},{"not_picked":["Go for the Eyes","Hologram"],"picked":"Gash","floor":8},{"not_picked":["Tempest","Rainbow"],"picked":"Conserve Battery","floor":10},{"not_picked":["Coolheaded","Turbo"],"picked":"RefreshScreen","floor":14},{"not_picked":["Fission","Hyperbeam"],"picked":"Echo Form","floor":16},{"not_picked":["hubris:Ukulele+1","Beam Cell","Stack"],"picked":"SKIP","floor":18},{"not_picked":["Streamline","hubris:SpecializedCircuitry"],"picked":"FTL","floor":19}],"player_experience":374104,"relics_obtained":[{"floor":9,"key":"Bag of Marbles"},{"floor":10,"key":"Mercury Hourglass"}],"event_choices":[{"damage_healed":0,"gold_gain":0,"player_choice":"Success","damage_taken":12,"relics_obtained":["ZombieTooth"],"max_hp_gain":0,"max_hp_loss":0,"event_name":"Scrap Ooze","floor":2,"gold_loss":0},{"cards_removed":["Strike_B"],"damage_healed":0,"gold_gain":0,"player_choice":"Card Removal","damage_taken":0,"max_hp_gain":0,"max_hp_loss":0,"event_name":"The Cleric","floor":4,"gold_loss":50},{"cards_removed":["Strike_B"],"damage_healed":0,"gold_gain":0,"player_choice":"Card Removal","damage_taken":7,"max_hp_gain":0,"max_hp_loss":0,"event_name":"Golden Wing","floor":5,"gold_loss":0}],"is_beta":false,"boss_relics":[{"not_picked":["Ectoplasm","Astrolabe"],"picked":"hubris:Backtick"}],"items_purged_floors":[6],"is_endless":false,"potions_floor_spawned":[1,10,14,18],"killed_by":"Elementarium:Hydrostalker","ascension_level":0}}