{"host":"450g1opcost04h3o","time":1610751360,"event":{"mods":["BaseMod","Colored Powertips","Koishi","Marisa????????","Minty Spire (QoL Compilation)","Prisma Mod","StSLib","Td1madao Mod","The Servant 0.9.4","thorton"],"gold_per_floor":[116,116,135,135,162,196,196,225,225,199,299,299,310,320,320,320,320],"floor_reached":16,"language":"ENG","playtime":805,"items_purged":[],"score":108,"play_id":"1e734901-0693-454c-9ed5-30577f623439","local_time":"20210115235600","is_ascension_mode":false,"campfire_choices":[{"floor":12,"key":"REST"},{"floor":15,"key":"REST"}],"circlet_count":0,"master_deck":["Strike_C","Strike_C","Strike_C","Strike_C","Defend_C","Defend_C","Defend_C","Defend_C","Knight Kick","Chip","Defend System","Pod Laser+1","Twin Teeth","Pod Laser","Light Attack","Twin Teeth","Defend System","Sudden Beat"],"relics":["Apod","Boot","Lsj Skin","Bottled Tornado","InkBottle","Omamori","Cut Hand"],"acts_visited":["Exordium"],"potions_floor_usage":[8],"damage_taken":[{"damage":5,"enemies":"Small Slimes","floor":1,"turns":3},{"damage":6,"enemies":"Cultist","floor":3,"turns":4},{"damage":7,"enemies":"Gremlin Nob","floor":6,"turns":3},{"damage":19,"enemies":"Lagavulin","floor":8,"turns":5},{"damage":9,"enemies":"2 Louse","floor":13,"turns":2},{"damage":11,"enemies":"Blue Slaver","floor":14,"turns":3},{"damage":38,"enemies":"The Guardian","floor":16,"turns":7}],"seed_played":"2519867353885411587","potions_obtained":[{"floor":1,"key":"AttackPotion"}],"is_trial":false,"path_per_floor":["M","?","M","?","T","E","?","E","T","$","?","R","M","M","R","B"],"character_chosen":"TD1MADAO_CLASS","items_purchased":["Twin Teeth"],"campfire_rested":2,"item_purchase_floors":[10],"current_hp_per_floor":[65,65,59,59,59,52,34,15,15,15,15,36,27,16,37,0,0],"gold":320,"neow_bonus":"RANDOM_COMMON_RELIC","is_daily":false,"chose_seed":false,"campfire_upgraded":0,"win_rate":0.0,"timestamp":1610751360,"path_taken":["M","?","?","?","?","E","?","E","T","$","?","R","M","?","R","BOSS"],"items_purchased_type":["Card"],"build_version":"2020-12-22","purchased_purges":0,"victory":false,"max_hp_per_floor":[70,70,70,70,70,70,70,70,70,70,70,70,70,70,70,70,70],"card_choices":[{"not_picked":["Revenge","Preloading"],"picked":"Defend System","floor":1},{"not_picked":["Three Hit","Cooling Song"],"picked":"Twin Teeth","floor":3},{"not_picked":["Break Into","Awareness"],"picked":"Pod Laser","floor":6},{"not_picked":["Twin Teeth","Cursed Blade"],"picked":"Light Attack","floor":8},{"not_picked":["Three Hit","Weapon Shift"],"picked":"Defend System","floor":13},{"not_picked":["Defend System","Fire Up"],"picked":"Sudden Beat","floor":14}],"player_experience":104456,"relics_obtained":[{"floor":5,"key":"Lsj Skin"},{"floor":6,"key":"Bottled Tornado"},{"floor":8,"key":"Omamori"},{"floor":9,"key":"Cut Hand"}],"event_choices":[{"damage_healed":0,"gold_gain":0,"player_choice":"1 cards matched","damage_taken":0,"max_hp_gain":0,"max_hp_loss":0,"event_name":"Match and Keep!","floor":2,"gold_loss":0,"cards_obtained":["Pod Laser"]},{"damage_healed":0,"gold_gain":0,"player_choice":"Grow","damage_taken":0,"max_hp_gain":0,"max_hp_loss":0,"event_name":"Living Wall","floor":4,"gold_loss":0,"cards_upgraded":["Pod Laser"]},{"damage_healed":0,"gold_gain":0,"player_choice":"Success","damage_taken":18,"relics_obtained":["InkBottle"],"max_hp_gain":0,"max_hp_loss":0,"event_name":"Scrap Ooze","floor":7,"gold_loss":0},{"damage_healed":0,"gold_gain":100,"player_choice":"Gold","damage_taken":0,"max_hp_gain":0,"max_hp_loss":0,"event_name":"Wheel of Change","floor":11,"gold_loss":0}],"is_beta":false,"boss_relics":[],"items_purged_floors":[],"is_endless":false,"potions_floor_spawned":[1],"killed_by":"The Guardian","ascension_level":0}}