{"host":"0009l0kk6tb2u2kt","time":1610750249,"event":{"mods":["BaseMod","Downfall","Hubris","Minty Spire (QoL Compilation)","Replay The Spire","StSLib"],"gold_per_floor":[119,134,134,144,160,192,209,238,262,272,3,29,29,47,47,143,143,162,181,211,211,223,223,223,223],"floor_reached":24,"language":"ENG","playtime":2903,"items_purged":["Strike_B"],"score":270,"play_id":"0c5163dc-b23f-404c-beb0-047457794208","local_time":"20210115233729","is_ascension_mode":false,"campfire_choices":[{"floor":13,"key":"REST"},{"data":"Rainbow","floor":15,"key":"SMITH"},{"data":"Steam","floor":23,"key":"SMITH"}],"circlet_count":0,"master_deck":["Strike_B","Strike_B","Defend_B","Defend_B","Defend_B","Defend_B","Zap","Dualcast+1","Conserve Battery","ReplayGash","Tempest","Streamline","Sweeping Beam","Rainbow+1","Compile Driver","Pot Of Greed","Pot Of Greed","Steam+1","Steam Power","Streamline","Machine Learning","Gash","Consume+1"],"relics":["Cracked Core","Incense Burner","Grinning Jar","Strawberry","Replay:Baseball","Toy Ornithopter","Inserter","Red Mask"],"acts_visited":["Exordium","TheCity"],"potions_floor_usage":[10,12,16,19,20,20],"damage_taken":[{"damage":0,"enemies":"Cultist","floor":1,"turns":3},{"damage":1,"enemies":"Jaw Worm","floor":2,"turns":3},{"damage":0,"enemies":"2 Louse","floor":4,"turns":1},{"damage":7,"enemies":"Blue Slaver","floor":5,"turns":3},{"damage":19,"enemies":"Lagavulin","floor":6,"turns":5},{"damage":18,"enemies":"Exordium Wildlife","floor":7,"turns":4},{"damage":5,"enemies":"3 Sentries","floor":8,"turns":5},{"damage":10,"enemies":"Lots of Slimes","floor":10,"turns":3},{"damage":12,"enemies":"Lagavulin","floor":12,"turns":5},{"damage":2,"enemies":"2 Fungi Beasts","floor":14,"turns":3},{"damage":0,"enemies":"Slime Boss","floor":16,"turns":6},{"damage":12,"enemies":"Shell Parasite","floor":18,"turns":6},{"damage":0,"enemies":"Spheric Guardian","floor":19,"turns":3},{"damage":15,"enemies":"Masked Bandits","floor":20,"turns":4},{"damage":21,"enemies":"Cultist and Chosen","floor":22,"turns":6},{"damage":51,"enemies":"Gremlin Leader","floor":24,"turns":6}],"seed_played":"6860295991670736695","potions_obtained":[{"floor":4,"key":"sneckomod:MuddlingPotion"},{"floor":7,"key":"FocusPotion"},{"floor":10,"key":"Swift Potion"},{"floor":12,"key":"Swift Potion"},{"floor":18,"key":"Explosive Potion"},{"floor":19,"key":"Adrenaline Potion"}],"is_trial":false,"path_per_floor":["M","M","?","M","M","E","M","E","T","M","$","E","R","M","R","B",null,"M","M","?","?","M","R","E"],"character_chosen":"DEFECT","items_purchased":["Replay:Baseball","Streamline"],"campfire_rested":1,"item_purchase_floors":[11,11],"current_hp_per_floor":[75,74,74,74,67,48,30,25,32,22,22,10,34,32,32,37,82,70,75,67,67,46,46,0,0],"gold":223,"neow_bonus":"UPGRADE_CARD","is_daily":false,"chose_seed":false,"campfire_upgraded":2,"win_rate":0.0,"timestamp":1610750249,"path_taken":["M","M","?","M","M","E","M","E","T","M","$","E","R","M","R","BOSS","M","M","?","?","M","R","E"],"items_purchased_type":["Relic","Card"],"build_version":"2020-12-22","purchased_purges":1,"victory":false,"max_hp_per_floor":[75,75,75,75,75,75,75,75,82,82,82,82,82,82,82,82,82,82,82,82,82,82,82,82,82],"card_choices":[{"not_picked":["Turbo","Self Repair"],"picked":"Conserve Battery","floor":1},{"not_picked":["ReplayTheSpireMod:System Scan","Hello World"],"picked":"ReplayGash","floor":2},{"not_picked":["White Noise","Conserve Battery"],"picked":"Streamline","floor":4},{"not_picked":["Redo","Stack"],"picked":"Sweeping Beam","floor":5},{"not_picked":["Defragment","Hologram"],"picked":"Rainbow","floor":6},{"not_picked":["Coolheaded","Blizzard"],"picked":"Compile Driver","floor":7},{"not_picked":["Static Discharge","Undo"],"picked":"Steam","floor":8},{"not_picked":["BasicCrystalCard","Compile Driver"],"picked":"Steam Power","floor":10},{"not_picked":["Conserve Battery","Meteor Strike","ReplayTheSpireMod:GoodbyeWorld"],"picked":"SKIP","floor":12},{"not_picked":["Barrage","Ball Lightning","Stack"],"picked":"SKIP","floor":14},{"not_picked":["Amplify","ReplayTheSpireMod:Omega Cannon"],"picked":"Machine Learning","floor":16},{"not_picked":["Compile Driver","Barrage","Ball Lightning"],"picked":"SKIP","floor":18},{"not_picked":["ReplaySort+1","Heatsinks"],"picked":"Gash","floor":19},{"not_picked":["Recycle","Cold Snap"],"picked":"Consume+1","floor":22}],"player_experience":233058,"relics_obtained":[{"floor":6,"key":"Incense Burner"},{"floor":8,"key":"Grinning Jar"},{"floor":9,"key":"Strawberry"},{"floor":12,"key":"Toy Ornithopter"},{"floor":20,"key":"Red Mask"}],"event_choices":[{"damage_healed":0,"gold_gain":0,"cards_transformed":["Strike_B"],"player_choice":"Transformed","damage_taken":0,"max_hp_gain":0,"max_hp_loss":0,"event_name":"Transmorgrifier","floor":3,"gold_loss":0,"cards_obtained":["Tempest"]},{"damage_healed":0,"gold_gain":0,"player_choice":"Fought Bandits","damage_taken":0,"max_hp_gain":0,"max_hp_loss":0,"event_name":"Masked Bandits","floor":20,"gold_loss":0}],"is_beta":false,"boss_relics":[{"not_picked":["Ectoplasm","SacredBark"],"picked":"Inserter"}],"items_purged_floors":[11],"is_endless":false,"potions_floor_spawned":[4,7,10,12,18,19],"killed_by":"Gremlin Leader","ascension_level":0}}