{"host":"yvb207ks1sg3cxef","time":1610724431,"event":{"mods":["2.2 Compatiblity","BaseMod","Bestiary","Colored Powertips","Minty Spire (QoL Compilation)","Permanent Neow","Quick Restart","Relic Stats","StSLib"],"gold_per_floor":[11,11,11,35,60,60,98,128,128,28,28,28,63,63,63,187,187,201,28,63,63,63,63,87,87,113,152,165,196,214,214,226,367,379,412,487,499,535,195,230,80,95,95,95,120,136,170,170,170],"floor_reached":48,"language":"ENG","playtime":2315,"items_purged":["Strike_P","Defend_P","Writhe","Defend_P"],"score":976,"play_id":"e209796c-4ad1-42cf-b26f-7bbb858d1fdd","local_time":"20210115205711","is_ascension_mode":true,"campfire_choices":[{"data":"Eruption","floor":6.0,"key":"SMITH"},{"data":"Devotion","floor":12.0,"key":"SMITH"},{"data":"CrushJoints","floor":15.0,"key":"SMITH"},{"floor":23.0,"key":"REST"},{"data":"Meditate","floor":25.0,"key":"SMITH"},{"floor":32.0,"key":"REST"},{"floor":44.0,"key":"REST"}],"circlet_count":0,"master_deck":["AscendersBane","Eruption+1","Vigilance","Consecrate","DeceiveReality","FlurryOfBlows","Devotion+1","CutThroughFate","CrushJoints+1","Establishment","Meditate+1","FlurryOfBlows+1","Necronomicurse","InnerPeace","TalkToTheHand+1","FlurryOfBlows+1","FlurryOfBlows","Tantrum","Pray+1","Crescendo+1","InnerPeace","Wireheading+1","Vengeance","CutThroughFate"],"relics":["PureWater","Golden Idol","Bag of Preparation","Shuriken","Matryoshka","Empty Cage","Red Mask","Necronomicon","Juzu Bracelet","Centennial Puzzle","Bronze Scales","Lantern","MawBank","VioletLotus","StoneCalendar","Potion Belt","Toy Ornithopter","Pen Nib","HornCleat","Strawberry"],"acts_visited":["Exordium","TheCity","TheBeyond"],"potions_floor_usage":[47,47,48,48,48],"damage_taken":[{"damage":1.0,"enemies":"2 Louse","floor":1.0,"turns":4.0},{"damage":2.0,"enemies":"Jaw Worm","floor":4.0,"turns":3.0},{"damage":3.0,"enemies":"Small Slimes","floor":5.0,"turns":2.0},{"damage":23.0,"enemies":"3 Sentries","floor":7.0,"turns":10.0},{"damage":0.0,"enemies":"Lagavulin","floor":13.0,"turns":7.0},{"damage":20.0,"enemies":"Hexaghost","floor":16.0,"turns":9.0},{"damage":3.0,"enemies":"Spheric Guardian","floor":18.0,"turns":3.0},{"damage":12.0,"enemies":"Masked Bandits","floor":20.0,"turns":2.0},{"damage":1.0,"enemies":"Shell Parasite","floor":24.0,"turns":2.0},{"damage":14.0,"enemies":"Slavers","floor":27.0,"turns":5.0},{"damage":4.0,"enemies":"Centurion and Healer","floor":28.0,"turns":2.0},{"damage":0.0,"enemies":"Gremlin Leader","floor":29.0,"turns":4.0},{"damage":21.0,"enemies":"Snecko","floor":30.0,"turns":4.0},{"damage":13.0,"enemies":"Collector","floor":33.0,"turns":6.0},{"damage":1.0,"enemies":"3 Shapes","floor":35.0,"turns":5.0},{"damage":16.0,"enemies":"Mind Bloom Boss Battle","floor":36.0,"turns":6.0},{"damage":1.0,"enemies":"3 Darklings","floor":38.0,"turns":3.0},{"damage":8.0,"enemies":"Giant Head","floor":40.0,"turns":4.0},{"damage":12.0,"enemies":"Transient","floor":42.0,"turns":4.0},{"damage":4.0,"enemies":"Jaw Worm Horde","floor":45.0,"turns":2.0},{"damage":0.0,"enemies":"3 Darklings","floor":46.0,"turns":3.0},{"damage":12,"enemies":"Nemesis","floor":47,"turns":5},{"damage":60,"enemies":"2 Orb Walkers","floor":48,"turns":3}],"seed_played":"134623433160856163","potions_obtained":[{"floor":7.0,"key":"SpeedPotion"},{"floor":13.0,"key":"AttackPotion"},{"floor":24.0,"key":"DistilledChaos"},{"floor":28.0,"key":"Swift Potion"},{"floor":33.0,"key":"Block Potion"},{"floor":38.0,"key":"Weak Potion"},{"floor":45.0,"key":"Swift Potion"},{"floor":47,"key":"SpeedPotion"}],"is_trial":false,"path_per_floor":["M","?","T","M","M","R","E","?","T","$","?","R","E","$","R","B",null,"M","$","?","?","?","R","M","R","T","E","M","E","M","?","R","B",null,"M","?","?","M","$","E","$","M","T","R","M","M","E","?"],"character_chosen":"WATCHER","items_purchased":["CutThroughFate","LiquidBronze","Potion Belt","InnerPeace"],"campfire_rested":3,"item_purchase_floors":[10,19,39,39],"current_hp_per_floor":[64,64,64,62,59,59,36,36,36,36,36,36,36,36,36,16,54,51,51,39,23,23,43,42,42,42,28,24,24,3,3,23,10,53,52,36,36,35,35,27,27,15,15,34,30,30,35,0,0],"gold":170,"neow_bonus":"REMOVE_TWO","is_daily":false,"chose_seed":false,"campfire_upgraded":4,"win_rate":0.0,"timestamp":1610724431,"path_taken":["M","?","?","M","M","R","E","?","T","$","?","R","E","?","R","BOSS","M","$","?","?","?","R","M","R","T","E","M","E","M","?","R","BOSS","M","?","?","M","$","E","?","M","T","R","M","M","E","?"],"items_purchased_type":["Card","Potion","Relic","Card"],"build_version":"2020-12-22","purchased_purges":4,"victory":false,"max_hp_per_floor":[72,67,67,67,67,67,67,67,67,67,67,67,67,67,67,67,67,67,67,67,67,67,67,67,67,67,67,67,67,67,67,67,67,67,67,67,64,64,64,64,64,64,64,64,64,64,71,71,71],"relic_stats":{"counters":[23,98],"Golden Idol":172,"StoneCalendar":[0],"Pen Nib":[6],"Bag of Preparation":[38],"Juzu Bracelet":1,"MawBank":96,"Centennial Puzzle":[36],"Shuriken":[73],"Bronze Scales":[103],"VioletLotus":[18],"Necronomicon":[2],"obtain_stats":[{"Potion Belt":39,"Lantern":29,"Golden Idol":2,"StoneCalendar":36,"Pen Nib":43,"Bag of Preparation":7,"Juzu Bracelet":26,"Empty Cage":17,"MawBank":31,"Centennial Puzzle":26,"Matryoshka":13,"HornCleat":43,"Shuriken":9,"Bronze Scales":27,"Strawberry":47,"VioletLotus":34,"Red Mask":20,"Necronomicon":21,"PureWater":0,"Toy Ornithopter":40},{"Potion Belt":17,"Lantern":12,"Golden Idol":1,"StoneCalendar":16,"Pen Nib":19,"Bag of Preparation":4,"Juzu Bracelet":9,"Empty Cage":6,"MawBank":13,"Centennial Puzzle":9,"Matryoshka":5,"HornCleat":19,"Shuriken":4,"Bronze Scales":10,"Strawberry":22,"VioletLotus":14,"Red Mask":8,"Necronomicon":8,"PureWater":0,"Toy Ornithopter":18},{"Potion Belt":77,"Lantern":53,"Golden Idol":4,"StoneCalendar":74,"Pen Nib":85,"Bag of Preparation":19,"Juzu Bracelet":42,"Empty Cage":35,"MawBank":57,"Centennial Puzzle":42,"Matryoshka":26,"HornCleat":85,"Shuriken":19,"Bronze Scales":47,"Strawberry":95,"VioletLotus":63,"Red Mask":40,"Necronomicon":40,"PureWater":0,"Toy Ornithopter":81}],"Toy Ornithopter":25},"card_choices":[{"not_picked":["Prostrate","Swivel"],"picked":"Consecrate","floor":1.0},{"not_picked":["Pray","ForeignInfluence"],"picked":"DeceiveReality","floor":4.0},{"not_picked":["BowlingBash","CutThroughFate"],"picked":"FlurryOfBlows","floor":5.0},{"not_picked":["Weave","EmptyBody"],"picked":"Devotion","floor":7.0},{"not_picked":["ThirdEye","PathToVictory"],"picked":"CrushJoints","floor":13.0},{"not_picked":["DeusExMachina","Alpha"],"picked":"Establishment","floor":16.0},{"not_picked":["BowlingBash+1","MentalFortress"],"picked":"Meditate","floor":18.0},{"not_picked":["FollowUp","EmptyBody+1"],"picked":"FlurryOfBlows+1","floor":20.0},{"not_picked":["CutThroughFate","EmptyFist+1"],"picked":"InnerPeace","floor":24.0},{"not_picked":["FlyingSleeves","Halt"],"picked":"TalkToTheHand+1","floor":27.0},{"not_picked":["PathToVictory+1","Study"],"picked":"FlurryOfBlows+1","floor":28.0},{"not_picked":["Collect+1","Evaluate"],"picked":"FlurryOfBlows","floor":29.0},{"not_picked":["CutThroughFate","Adaptation"],"picked":"Tantrum","floor":30.0},{"not_picked":["Crescendo","Evaluate+1"],"picked":"Pray+1","floor":35.0},{"not_picked":["ThirdEye+1","JustLucky+1"],"picked":"Crescendo+1","floor":38.0},{"not_picked":["JustLucky","Conclude"],"picked":"Wireheading+1","floor":40.0},{"not_picked":["Vengeance","BowlingBash","Consecrate+1"],"picked":"SKIP","floor":42.0},{"not_picked":["Nirvana+1","PathToVictory+1"],"picked":"Vengeance","floor":45.0},{"not_picked":["Evaluate","PathToVictory"],"picked":"CutThroughFate","floor":46.0},{"not_picked":["Crescendo","Perseverance","BowlingBash"],"picked":"SKIP","floor":47}],"player_experience":348406,"relics_obtained":[{"floor":7.0,"key":"Bag of Preparation"},{"floor":9.0,"key":"Shuriken"},{"floor":13.0,"key":"Matryoshka"},{"floor":20.0,"key":"Red Mask"},{"floor":21.0,"key":"Necronomicon"},{"floor":26.0,"key":"Juzu Bracelet"},{"floor":26.0,"key":"Centennial Puzzle"},{"floor":27.0,"key":"Bronze Scales"},{"floor":29.0,"key":"Lantern"},{"floor":36.0,"key":"StoneCalendar"},{"floor":40.0,"key":"Toy Ornithopter"},{"floor":43.0,"key":"Pen Nib"},{"floor":43.0,"key":"HornCleat"},{"floor":47,"key":"Strawberry"}],"event_choices":[{"damage_healed":0.0,"max_hp_gain":0.0,"max_hp_loss":5.0,"gold_gain":0.0,"event_name":"Golden Idol","player_choice":"Lose Max HP","floor":2.0,"gold_loss":0.0,"damage_taken":0.0,"relics_obtained":["Golden Idol"]},{"damage_healed":0.0,"max_hp_gain":0.0,"max_hp_loss":0.0,"gold_gain":30.0,"event_name":"Dead Adventurer","player_choice":"Searched \u00271\u0027 times","floor":8.0,"gold_loss":0.0,"damage_taken":0.0},{"damage_healed":0.0,"max_hp_gain":0.0,"max_hp_loss":0.0,"gold_gain":0.0,"event_name":"Liars Game","player_choice":"Ignored","floor":11.0,"gold_loss":0.0,"damage_taken":0.0},{"damage_healed":0.0,"max_hp_gain":0.0,"max_hp_loss":0.0,"gold_gain":0.0,"event_name":"Masked Bandits","player_choice":"Fought Bandits","floor":20.0,"gold_loss":0.0,"damage_taken":0.0},{"damage_healed":0.0,"max_hp_gain":0.0,"max_hp_loss":0.0,"gold_gain":0.0,"event_name":"Cursed Tome","player_choice":"Obtained Book","floor":21.0,"gold_loss":0.0,"damage_taken":16.0},{"cards_removed":["Defend_P"],"damage_healed":0.0,"max_hp_gain":0.0,"max_hp_loss":0.0,"gold_gain":0.0,"event_name":"Purifier","player_choice":"Purged","floor":22.0,"gold_loss":0.0,"damage_taken":0.0},{"damage_healed":0.0,"max_hp_gain":0.0,"max_hp_loss":0.0,"gold_gain":0.0,"event_name":"The Mausoleum","player_choice":"Opened","floor":31.0,"gold_loss":0.0,"damage_taken":0.0,"relics_obtained":["MawBank"],"cards_obtained":["Writhe"]},{"damage_healed":0.0,"max_hp_gain":0.0,"max_hp_loss":0.0,"gold_gain":0.0,"event_name":"MindBloom","player_choice":"Fight","floor":36.0,"gold_loss":0.0,"damage_taken":0.0},{"damage_healed":0.0,"max_hp_gain":0.0,"max_hp_loss":3.0,"gold_gain":0.0,"event_name":"Winding Halls","player_choice":"Max HP","floor":37.0,"gold_loss":0.0,"damage_taken":0.0},{"damage_healed":0,"gold_gain":0,"player_choice":"Fight","damage_taken":0,"max_hp_gain":0,"max_hp_loss":0,"event_name":"Mysterious Sphere","floor":48,"gold_loss":0}],"is_beta":false,"boss_relics":[{"not_picked":["Fusion Hammer","Tiny House"],"picked":"Empty Cage"},{"not_picked":["Snecko Eye","Philosopher\u0027s Stone"],"picked":"VioletLotus"}],"items_purged_floors":[10,19,39,41],"is_endless":false,"potions_floor_spawned":[7,13,24,28,30,33,38,45,47],"killed_by":"2 Orb Walkers","ascension_level":10}}