{"host":"2brg86hfzr3u5cix","time":1610715015,"event":{"mods":["AchievementEnabler","Ascension Unlocker","BaseMod","CapriCore","DeckTracker","Highlight Path","Keyboard Shortcuts","Minty Spire (QoL Compilation)","Permanent Neow","Relic Stats","StSLib","Twitch Utils","Uncapped","UnlockEverythingMod"],"gold_per_floor":[110,130,205,222,222,222,256,266,347,381,346,358,358,385,385,464,464,478,494,505,485,495,495,529,529,529],"floor_reached":25,"language":"KOR","playtime":826,"items_purged":[],"score":466,"play_id":"03de3d6d-0156-48af-9b66-1bf200f54e1c","local_time":"20210115215015","is_ascension_mode":true,"campfire_choices":[{"data":"Armaments","floor":6.0,"key":"SMITH"},{"data":"1","floor":13.0,"key":"LIFT"},{"data":"Perfected Strike","floor":15.0,"key":"SMITH"},{"data":"2","floor":23,"key":"LIFT"}],"circlet_count":0,"master_deck":["AscendersBane","Strike_R","Strike_R","Strike_R","Strike_R","Strike_R","Defend_R","Defend_R","Defend_R","Defend_R","Bash","Dramatic Entrance","Armaments+1","Perfected Strike+1","Twin Strike","Shrug It Off","Spot Weakness","Rage","Rampage","Offering","True Grit","Sword Boomerang","Intimidate","Ghostly Armor+1"],"relics":["Burning Blood","Ginger","Strawberry","Kunai","Girya","Bronze Scales","Fusion Hammer","Darkstone Periapt"],"acts_visited":["Exordium","TheCity"],"potions_floor_usage":[22,24],"damage_taken":[{"damage":0.0,"enemies":"Small Slimes","floor":1.0,"turns":2.0},{"damage":4.0,"enemies":"2 Louse","floor":2.0,"turns":3.0},{"damage":0.0,"enemies":"Cultist","floor":4.0,"turns":2.0},{"damage":34.0,"enemies":"3 Sentries","floor":7.0,"turns":9.0},{"damage":0.0,"enemies":"2 Fungi Beasts","floor":8.0,"turns":2.0},{"damage":14.0,"enemies":"Lagavulin","floor":10.0,"turns":5.0},{"damage":0.0,"enemies":"Lots of Slimes","floor":12.0,"turns":4.0},{"damage":34.0,"enemies":"Hexaghost","floor":16.0,"turns":8.0},{"damage":0,"enemies":"Chosen","floor":18,"turns":3},{"damage":21,"enemies":"2 Thieves","floor":19,"turns":3},{"damage":10,"enemies":"Centurion and Healer","floor":20,"turns":7},{"damage":16,"enemies":"Chosen and Byrds","floor":22,"turns":3},{"damage":37,"enemies":"Slavers","floor":24,"turns":6},{"damage":18,"enemies":"Cultist and Chosen","floor":25,"turns":5}],"seed_played":"1184456624940931099","potions_obtained":[{"floor":4.0,"key":"FearPotion"},{"floor":7.0,"key":"HeartOfIron"},{"floor":12.0,"key":"EssenceOfSteel"},{"floor":20,"key":"Energy Potion"},{"floor":21,"key":"Dexterity Potion"},{"floor":24,"key":"SpeedPotion"}],"is_trial":false,"path_per_floor":["M","M","?","M","?","R","E","M","T","E","?","M","R","T","R","B",null,"M","M","M","?","M","R","E","M"],"character_chosen":"IRONCLAD","items_purchased":[],"campfire_rested":0,"item_purchase_floors":[],"current_hp_per_floor":[74,75,64,70,65,65,44,50,50,42,62,68,68,68,68,40,72,78,63,59,59,49,49,18,0,0],"gold":529,"neow_bonus":"RANDOM_COLORLESS","is_daily":false,"chose_seed":false,"campfire_upgraded":2,"win_rate":0.0,"timestamp":1610715015,"path_taken":["M","M","?","M","?","R","E","M","T","E","?","M","R","?","R","BOSS","M","M","?","?","M","R","E","?"],"items_purchased_type":[],"build_version":"2020-12-22","purchased_purges":0,"victory":false,"max_hp_per_floor":[75,75,75,75,75,75,82,82,82,82,82,82,82,82,82,82,82,82,82,82,82,82,82,82,82,82],"relic_stats":{"Darkstone Periapt":0,"counters":[14,62],"Bronze Scales":[109],"Ginger":[8],"Kunai":[12],"obtain_stats":[{"Darkstone Periapt":24,"Girya":10,"Strawberry":7,"Bronze Scales":14,"Fusion Hammer":17,"Ginger":5,"Kunai":9,"Burning Blood":0},{"Darkstone Periapt":13,"Girya":6,"Strawberry":4,"Bronze Scales":7,"Fusion Hammer":8,"Ginger":3,"Kunai":5,"Burning Blood":0},{"Darkstone Periapt":57,"Girya":23,"Strawberry":16,"Bronze Scales":27,"Fusion Hammer":35,"Ginger":7,"Kunai":18,"Burning Blood":0}],"Burning Blood":77},"card_choices":[{"not_picked":["Forethought","Good Instincts"],"picked":"Dramatic Entrance","floor":0.0},{"not_picked":["Twin Strike","Cleave"],"picked":"Armaments","floor":1.0},{"not_picked":["Headbutt","Sword Boomerang"],"picked":"Perfected Strike","floor":2.0},{"not_picked":["Rage","Headbutt"],"picked":"Twin Strike","floor":4.0},{"not_picked":["Disarm","Reaper"],"picked":"Shrug It Off","floor":7.0},{"not_picked":["Entrench","Whirlwind"],"picked":"Spot Weakness","floor":8.0},{"not_picked":["Sword Boomerang","Warcry"],"picked":"Rage","floor":10.0},{"not_picked":["Blood for Blood","Wild Strike"],"picked":"Rampage","floor":12.0},{"not_picked":["Exhume","Brutality"],"picked":"Offering","floor":16.0},{"not_picked":["Feel No Pain","Twin Strike","Shrug It Off"],"picked":"SKIP","floor":18},{"not_picked":["Body Slam","Headbutt"],"picked":"True Grit","floor":19},{"not_picked":["Evolve","Thunderclap"],"picked":"Sword Boomerang","floor":20},{"not_picked":["Dark Embrace","Anger"],"picked":"Intimidate","floor":22},{"not_picked":["Flame Barrier","Dark Embrace"],"picked":"Ghostly Armor+1","floor":24}],"player_experience":318548,"relics_obtained":[{"floor":7.0,"key":"Strawberry"},{"floor":9.0,"key":"Kunai"},{"floor":10.0,"key":"Girya"},{"floor":14.0,"key":"Bronze Scales"},{"floor":24,"key":"Darkstone Periapt"}],"event_choices":[{"damage_healed":0.0,"max_hp_gain":0.0,"max_hp_loss":0.0,"gold_gain":75.0,"event_name":"World of Goop","player_choice":"Gather Gold","floor":3.0,"gold_loss":0.0,"damage_taken":11.0},{"damage_healed":0.0,"max_hp_gain":0.0,"max_hp_loss":0.0,"gold_gain":0.0,"event_name":"Scrap Ooze","player_choice":"Success","floor":5.0,"gold_loss":0.0,"damage_taken":5.0,"relics_obtained":["Ginger"]},{"damage_healed":20.0,"max_hp_gain":0.0,"max_hp_loss":0.0,"gold_gain":0.0,"event_name":"The Cleric","player_choice":"Healed","floor":11.0,"gold_loss":35.0,"damage_taken":0.0},{"damage_healed":0,"gold_gain":0,"player_choice":"Bought 1 Potion","damage_taken":0,"max_hp_gain":0,"max_hp_loss":0,"event_name":"The Woman in Blue","floor":21,"gold_loss":0}],"is_beta":false,"boss_relics":[{"not_picked":["Astrolabe","Snecko Eye"],"picked":"Fusion Hammer"}],"items_purged_floors":[],"is_endless":false,"potions_floor_spawned":[4,7,12,20,24],"killed_by":"Cultist and Chosen","ascension_level":20}}