{"host":"n264v15x7h51zqzc","time":1610682703,"event":{"mods":["AchievementEnabler","BaseMod","Colored Powertips","Googly Eyes","Hermit","Infinite Spire","Minty Spire (QoL Compilation)","Replay The Spire","StSLib"],"gold_per_floor":[113,113,124,139,157,157,185,185,211,9311,9322,9322,9334,9354,9354,9456,9456,9480,9496,9496,9515,9529,9529,9529,9529],"floor_reached":24,"language":"ENG","playtime":915,"items_purged":["hermit:Reprieve"],"score":202,"play_id":"17b19883-f950-4f59-9b78-f42df03441f8","local_time":"20210114215143","is_ascension_mode":false,"campfire_choices":[{"data":"hermit:Scavenge","floor":6,"key":"SMITH"},{"data":"ReplayTheSpireMod:Private Reserves","floor":12,"key":"SMITH"},{"data":"hermit:Vantage","floor":15,"key":"SMITH"},{"floor":23,"key":"REST"}],"circlet_count":0,"master_deck":["hermit:Strike_Hermit","hermit:Strike_Hermit","hermit:Strike_Hermit","hermit:Defend_Hermit","hermit:Defend_Hermit","hermit:Defend_Hermit","hermit:Defend_Hermit","hermit:Snapshot","hermit:Covet","hermit:SprayPray","hermit:Roulette","hermit:Ricochet","hermit:Scavenge+1","hermit:TakeAim","hermit:Deadeye","ReplayTheSpireMod:Private Reserves+1","hermit:Vantage","hermit:LoneWolf","hermit:Vantage+1","hermit:Headshot","hermit:Gambit","hermit:Deadeye+1","hermit:Deadeye","Discovery","hermit:Strike_Hermit","hermit:HoleUp"],"relics":["hermit:Momento","NeowsBlessing","PreservedInsect","Bag of Marbles","ClockworkSouvenir","Pear","SacredBark"],"acts_visited":["Exordium","TheCity"],"potions_floor_usage":[7,7,16,16,24],"damage_taken":[{"damage":0,"enemies":"Jaw Worm","floor":1,"turns":1},{"damage":0,"enemies":"infinitespire:Voidling","floor":3,"turns":1},{"damage":0,"enemies":"Small Slimes","floor":4,"turns":1},{"damage":7,"enemies":"Exordium Wildlife","floor":5,"turns":3},{"damage":7,"enemies":"Gremlin Nob","floor":7,"turns":4},{"damage":0,"enemies":"Lots of Slimes","floor":11,"turns":1},{"damage":3,"enemies":"2 Fungi Beasts","floor":13,"turns":3},{"damage":0,"enemies":"Large Slime","floor":14,"turns":5},{"damage":33,"enemies":"Hexaghost","floor":16,"turns":8},{"damage":19,"enemies":"Spheric Guardian","floor":18,"turns":7},{"damage":10,"enemies":"Shell Parasite","floor":19,"turns":4},{"damage":21,"enemies":"Cultist and Chosen","floor":21,"turns":6},{"damage":32,"enemies":"Snake Plant","floor":22,"turns":4},{"damage":28,"enemies":"Nightmare","floor":24,"turns":3}],"seed_played":"-5918727117091775345","potions_obtained":[{"floor":1,"key":"hermit:Tonic"},{"floor":3,"key":"Block Potion"},{"floor":11,"key":"SteroidPotion"},{"floor":14,"key":"LiquidMemories"},{"floor":22,"key":"AttackPotion"}],"is_trial":false,"path_per_floor":["M","?","M","M","M","R","E","?","T","$","M","R","M","M","R","B",null,"M","M","?","M","M","R","NM"],"character_chosen":"HERMIT","items_purchased":["hermit:TakeAim","hermit:Deadeye","ClockworkSouvenir","Pear","ReplayTheSpireMod:Private Reserves","hermit:Vantage"],"campfire_rested":1,"item_purchase_floors":[10,10,10,10,10,10],"current_hp_per_floor":[75,68,68,68,61,61,54,54,54,64,64,64,61,61,61,28,85,66,56,56,35,3,28,0,0],"gold":9529,"neow_bonus":"THREE_ENEMY_KILL","is_daily":false,"chose_seed":false,"campfire_upgraded":3,"win_rate":0.0,"timestamp":1610682703,"path_taken":["M","?","?","M","M","R","E","?","T","$","M","R","?","M","R","BOSS","M","M","?","M","?","R","NM"],"items_purchased_type":["Card","Card","Relic","Relic","Card","Card"],"build_version":"2020-12-22","purchased_purges":1,"victory":false,"max_hp_per_floor":[75,75,75,75,75,75,75,75,75,85,85,85,85,85,85,85,85,85,85,85,85,85,85,85,85],"card_choices":[{"not_picked":["hermit:Gestalt","hermit:WideOpen"],"picked":"hermit:SprayPray","floor":1},{"not_picked":["hermit:Coalescence","hermit:ItchyTrigger"],"picked":"hermit:Roulette","floor":3},{"not_picked":["hermit:EyeOfTheStorm","hermit:HighCaliber"],"picked":"hermit:Ricochet","floor":4},{"not_picked":["hermit:NoHoldsBarred","hermit:Snipe"],"picked":"hermit:Scavenge","floor":5},{"not_picked":["hermit:LowProfile","hermit:Horror"],"picked":"hermit:Reprieve","floor":7},{"not_picked":["hermit:TrackingShot","hermit:Manifest"],"picked":"hermit:LoneWolf","floor":11},{"not_picked":["hermit:Snipe","hermit:DeadMansHand"],"picked":"hermit:Vantage","floor":13},{"not_picked":["hermit:HoleUp","hermit:TrackingShot"],"picked":"hermit:Headshot","floor":14},{"not_picked":["hermit:EternalForm","hermit:Reprieve"],"picked":"hermit:Gambit","floor":16},{"not_picked":["hermit:LuckOfTheDraw","hermit:Coalescence+1"],"picked":"hermit:Deadeye+1","floor":18},{"not_picked":["hermit:ItchyTrigger","hermit:CursedWeapon"],"picked":"hermit:Deadeye","floor":19},{"not_picked":["hermit:Vantage","hermit:Misfire","hermit:PistolWhip+1"],"picked":"SKIP","floor":21},{"not_picked":["hermit:TakeCover","hermit:Coalescence+1"],"picked":"hermit:HoleUp","floor":22}],"player_experience":170781,"relics_obtained":[{"floor":7,"key":"PreservedInsect"},{"floor":9,"key":"Bag of Marbles"}],"event_choices":[{"damage_healed":0,"gold_gain":0,"player_choice":"Damaged","damage_taken":7,"max_hp_gain":0,"max_hp_loss":0,"event_name":"Wheel of Change","floor":2,"gold_loss":0},{"cards_removed":["hermit:Strike_Hermit"],"damage_healed":0,"gold_gain":0,"player_choice":"Purged","damage_taken":0,"max_hp_gain":0,"max_hp_loss":0,"event_name":"Purifier","floor":8,"gold_loss":0},{"damage_healed":0,"gold_gain":0,"player_choice":"2 cards matched","damage_taken":0,"max_hp_gain":0,"max_hp_loss":0,"event_name":"Match and Keep!","floor":20,"gold_loss":0,"cards_obtained":["Discovery","hermit:Strike_Hermit"]}],"is_beta":false,"boss_relics":[{"not_picked":["Replay:Bronze Core","infinitespire:Cupcake"],"picked":"SacredBark"}],"items_purged_floors":[10],"is_endless":false,"potions_floor_spawned":[1,3,11,14,22],"killed_by":"Nightmare","ascension_level":0}}