{"host":"w2kjv12xyhtt0cv2","time":1610723443,"event":{"mods":["Act Like it!","BaseMod","Colored Map","Friendly Minions","Gensokyo","Highlight Path","Hubris","Kiyohime（清姬）","Marisa（F雨　魔理沙）","Minty Spire (QoL Compilation)","Quick Restart","Reimu（博丽灵梦）","Relic Stats","Replay The Spire","RumiaBox-露米娅的神秘盒子","Shop Mod","Spicy Shops","StSLib","The Cursed","The Servant 0.9.4","UnlockEverythingMod","Waifu the Spire","[功能]功能增强和修复MOD","vexMod","【功能Mod】Neow奖励","【遗物卡牌】REMEMod","没有小屋子和绿帽子啦"],"gold_per_floor":[210,160,160,160,174,174,174],"floor_reached":6,"playtime":228,"items_purged":[],"score":54,"play_id":"13401321-1e16-43fd-9244-88c87cbf4969","local_time":"20210115231043","is_ascension_mode":true,"campfire_choices":[],"circlet_count":0,"master_deck":["AscendersBane","KiyohimeMod:Strike","KiyohimeMod:Strike","KiyohimeMod:Strike","KiyohimeMod:Strike","KiyohimeMod:Defend","KiyohimeMod:Track","KiyohimeMod:FlameKiss","KiyohimeMod:Shapeshift","REME_ForAll"],"relics":["REME_ComplimentaryCards","Replay:Wanted Poster"],"acts_visited":["Exordium"],"potions_floor_usage":[],"damage_taken":[{"damage":4.0,"enemies":"Jaw Worm","floor":1.0,"turns":3.0},{"damage":8,"enemies":"2 Louse","floor":5,"turns":2},{"damage":17,"enemies":"Lagavulin","floor":6,"turns":3}],"seed_played":"4292117803923938589","potions_obtained":[],"is_trial":false,"path_per_floor":["M","?","?","?","M","E"],"character_chosen":"Kiyohime","items_purchased":[],"campfire_rested":0,"item_purchase_floors":[],"current_hp_per_floor":[50,50,43,43,35,18,18],"gold":174,"neow_bonus":"BOSS_RELIC","is_daily":false,"chose_seed":false,"campfire_upgraded":0,"win_rate":0.0,"timestamp":1610723443,"path_taken":["M","?","?","?","?","E"],"items_purchased_type":[],"build_version":"2020-12-22","purchased_purges":0,"victory":false,"max_hp_per_floor":[60,60,60,60,60,60,60],"relic_stats":{"counters":[3,8],"obtain_stats":[{"Replay:Wanted Poster":0,"KiyohimeMod:FireDragon":0,"REME_ComplimentaryCards":0},{"Replay:Wanted Poster":0,"KiyohimeMod:FireDragon":0,"REME_ComplimentaryCards":0},{"Replay:Wanted Poster":0,"KiyohimeMod:FireDragon":0,"REME_ComplimentaryCards":0}]},"card_choices":[{"not_picked":["KiyohimeMod:EatSoul","KiyohimeMod:SteelTraining","KiyohimeMod:RedBlackKey"],"picked":"SKIP","floor":1},{"not_picked":["KiyohimeMod:Preemptive","KiyohimeMod:GreenBlackKey","KiyohimeMod:AndSoTheShipConquers"],"picked":"SKIP","floor":5}],"player_experience":149334,"relics_obtained":[],"event_choices":[{"cards_removed":["KiyohimeMod:Defend"],"damage_healed":0,"gold_gain":0,"player_choice":"Card Removal","damage_taken":0,"max_hp_gain":0,"max_hp_loss":0,"event_name":"The Cleric","floor":2,"gold_loss":50},{"cards_removed":["KiyohimeMod:Defend"],"damage_healed":0,"gold_gain":0,"player_choice":"Card Removal","damage_taken":7,"max_hp_gain":0,"max_hp_loss":0,"event_name":"Golden Wing","floor":3,"gold_loss":0}],"is_beta":false,"boss_relics":[],"items_purged_floors":[],"is_endless":false,"potions_floor_spawned":[],"killed_by":"Lagavulin","ascension_level":12}}