{"host":"ygfasg9u7olr7skw","time":1610747423,"event":{"mods":["AchievementEnabler","BaseMod","Better Note","Better Vampires","Colored Powertips","Minty Spire (QoL Compilation)","Replay The Spire","Spicy Shops","StSLib","The IronCluck"],"gold_per_floor":[116,116,134,144,144,144,69,129,174,189,189,189,15,29,29,129,179,196,210,222,497,1,1,18,31,56,76,91,101,101,42,42,143,143,158,118,130,140,153,153,164,164,210,63,63,45,60,74,74,74,74],"floor_reached":50,"language":"ENG","playtime":3576,"items_purged":["Strike_B","Strike_B","Regret"],"score":733,"play_id":"9f8c81fe-19f6-44f5-b1f4-201138cfbefe","local_time":"20210115165023","is_ascension_mode":true,"campfire_choices":[{"data":"Zap","floor":6,"key":"SMITH"},{"floor":11,"key":"REST"},{"floor":23,"key":"REST"},{"floor":30,"key":"REST"},{"data":"Defragment","floor":32,"key":"SMITH"},{"floor":40,"key":"REST"},{"floor":42,"key":"REST"},{"floor":45,"key":"REST"},{"floor":49,"key":"REST"}],"circlet_count":0,"master_deck":["Defend_B","Defend_B","Defend_B+1","Zap+1","Dualcast+1","Lockon+1","Loop+1","Ball Lightning","Lockon","Ball Lightning","Defragment+1","Biased Cognition","Thunder Strike","Capacitor","Barrage","Writhe","Electrodynamics","Static Discharge+1","Barrage+1","BootSequence+1","Panic Button+1"],"relics":["Cracked Core","Pet Ghost","Darkstone Periapt","Vajra","Happy Flower","Tiny House","Bag of Preparation","Art of War","Lee\u0027s Waffle","DataDisk","Membership Card"],"acts_visited":["Exordium","TheCity","TheBeyond"],"potions_floor_usage":[18,28,29,33,33,50,50],"damage_taken":[{"damage":5,"enemies":"Small Slimes","floor":1,"turns":3},{"damage":1,"enemies":"Cultist","floor":3,"turns":3},{"damage":2,"enemies":"Jaw Worm","floor":4,"turns":3},{"damage":14,"enemies":"Gremlin Nob","floor":8,"turns":3},{"damage":5,"enemies":"2 Fungi Beasts","floor":10,"turns":3},{"damage":20,"enemies":"Gremlin Gang","floor":14,"turns":3},{"damage":28,"enemies":"The Guardian","floor":16,"turns":6},{"damage":22,"enemies":"3 Byrds","floor":18,"turns":4},{"damage":13,"enemies":"Shell Parasite","floor":19,"turns":4},{"damage":30,"enemies":"Snake Plant","floor":20,"turns":3},{"damage":12,"enemies":"Cultist and Chosen","floor":24,"turns":3},{"damage":0,"enemies":"Snecko","floor":25,"turns":2},{"damage":1,"enemies":"Centurion and Healer","floor":27,"turns":5},{"damage":10,"enemies":"Shelled Parasite and Fungi","floor":28,"turns":4},{"damage":18,"enemies":"Chosen and Byrds","floor":29,"turns":5},{"damage":68,"enemies":"Pondfish","floor":33,"turns":7},{"damage":20,"enemies":"Orb Walker","floor":35,"turns":3},{"damage":15,"enemies":"3 Shapes","floor":37,"turns":4},{"damage":25,"enemies":"Maw","floor":38,"turns":5},{"damage":24,"enemies":"Jaw Worm Horde","floor":39,"turns":2},{"damage":33,"enemies":"3 Darklings","floor":41,"turns":2},{"damage":18,"enemies":"Spire Growth","floor":47,"turns":4},{"damage":31,"enemies":"Maw","floor":48,"turns":5},{"damage":57,"enemies":"Time Eater","floor":50,"turns":3}],"seed_played":"-1944067335914865503","potions_obtained":[{"floor":1,"key":"Dexterity Potion"},{"floor":4,"key":"Explosive Potion"},{"floor":10,"key":"Flashbang"},{"floor":25,"key":"GamblersBrew"},{"floor":28,"key":"DistilledChaos"},{"floor":29,"key":"Death Potion"},{"floor":33,"key":"Venom Potion"},{"floor":39,"key":"SteroidPotion"},{"floor":41,"key":"BlessingOfTheForge"}],"is_trial":false,"path_per_floor":["M","?","M","M","?","R","$","?","T","M","R","?","$","M","R","B",null,"M","M","M","?","$","R","M","M","T","M","M","M","R","$","R","B",null,"M","?","M","M","M","R","M","R","T","$","R","$","M","M","R","B"],"character_chosen":"DEFECT","items_purchased":["Happy Flower","Biased Cognition","Bag of Preparation","Thunder Strike","Lee\u0027s Waffle","Membership Card","Barrage+1"],"campfire_rested":7,"item_purchase_floors":[13,22,22,22,31,44,46],"current_hp_per_floor":[70,70,69,67,67,67,67,53,53,48,70,70,70,50,72,44,80,58,45,15,21,21,46,34,34,34,33,23,5,30,99,99,31,99,79,79,64,39,15,44,11,40,40,40,69,69,51,20,49,0,0],"gold":74,"neow_bonus":"RANDOM_COMMON_RELIC","is_daily":false,"chose_seed":false,"campfire_upgraded":2,"win_rate":0.0,"timestamp":1610747423,"path_taken":["M","?","M","?","?","R","$","?","T","M","R","?","$","M","R","BOSS","M","?","M","?","$","R","?","M","T","M","M","M","R","?","R","BOSS","M","?","?","M","M","R","M","R","T","?","R","$","M","M","R","BOSS"],"items_purchased_type":["Relic","Card","Relic","Card","Relic","Relic","Card"],"build_version":"2020-12-22","purchased_purges":3,"victory":false,"max_hp_per_floor":[75,75,75,75,75,75,75,75,75,75,75,75,75,75,75,75,80,80,80,80,86,86,86,86,86,86,86,86,86,86,99,99,99,99,99,99,99,99,99,99,99,99,99,99,99,99,99,99,99,99,99],"card_choices":[{"not_picked":["White Noise","Conserve Battery"],"picked":"Lockon","floor":1},{"not_picked":["Cold Snap","Undo","Stack"],"picked":"SKIP","floor":3},{"not_picked":["Sweeping Beam","Barrage","ReplaySolidLightProjector"],"picked":"SKIP","floor":4},{"not_picked":["Compile Driver","Consume"],"picked":"Ball Lightning","floor":8},{"not_picked":["Auto Shields","Chill"],"picked":"Lockon","floor":10},{"not_picked":["Steam","Go for the Eyes","Melter"],"picked":"SKIP","floor":14},{"not_picked":["Self Repair","Turbo+1"],"picked":"Ball Lightning","floor":18},{"not_picked":["Barrage","Go for the Eyes"],"picked":"Defragment","floor":19},{"not_picked":["Turbo+1","ReplayTheSpireMod:GoodbyeWorld+1","Redo"],"picked":"SKIP","floor":20},{"not_picked":["Conserve Battery","Beam Cell+1"],"picked":"Capacitor","floor":24},{"not_picked":["Panic Button","Rebound","Hologram"],"picked":"SKIP","floor":25},{"not_picked":["Panic Button","Rebound","Hologram"],"picked":"SKIP","floor":25},{"not_picked":["Chaos","Force Field","Conserve Battery"],"picked":"SKIP","floor":27},{"not_picked":["Coolheaded","Beam Cell+1","Stack"],"picked":"SKIP","floor":28},{"not_picked":["All For One","Redo"],"picked":"Barrage","floor":29},{"not_picked":["Seek","ReplayRNGCard"],"picked":"Electrodynamics","floor":33},{"not_picked":["BasicCrystalCard+1","Steam","Reprogram+1"],"picked":"SKIP","floor":35},{"not_picked":["Cold Snap+1","Barrage+1","ReplayTheSpireMod:Reroute Power+1"],"picked":"SKIP","floor":37},{"not_picked":["Compile Driver","Ball Lightning"],"picked":"Static Discharge+1","floor":38},{"not_picked":["Hello World+1","BasicCrystalCard","Steam+1"],"picked":"SKIP","floor":39},{"not_picked":["Aggregate","Fission","Turbo"],"picked":"SKIP","floor":41},{"not_picked":["Go for the Eyes+1","Barrage"],"picked":"BootSequence+1","floor":47},{"not_picked":["Double Energy","Gash+1"],"picked":"Panic Button+1","floor":48}],"player_experience":307426,"relics_obtained":[{"floor":8,"key":"Darkstone Periapt"},{"floor":9,"key":"Vajra"},{"floor":26,"key":"Art of War"},{"floor":43,"key":"DataDisk"}],"event_choices":[{"cards_removed":["Strike_B"],"damage_healed":0,"gold_gain":0,"player_choice":"Offered Basic","damage_taken":0,"max_hp_gain":0,"max_hp_loss":0,"event_name":"Bonfire Elementals","floor":2,"gold_loss":0},{"damage_healed":0,"gold_gain":0,"player_choice":"Searched \u00272\u0027 times","damage_taken":0,"max_hp_gain":0,"max_hp_loss":0,"event_name":"Dead Adventurer","floor":8,"gold_loss":0},{"cards_removed":["Strike_B"],"damage_healed":0,"gold_gain":0,"player_choice":"Card Removal","damage_taken":0,"max_hp_gain":0,"max_hp_loss":0,"event_name":"Wheel of Change","floor":12,"gold_loss":0},{"damage_healed":0,"gold_gain":275,"player_choice":"Desecrate","damage_taken":0,"max_hp_gain":0,"max_hp_loss":0,"event_name":"Golden Shrine","floor":21,"gold_loss":0,"cards_obtained":["Regret"]},{"damage_healed":0,"gold_gain":0,"player_choice":"Upgrade","damage_taken":0,"max_hp_gain":0,"max_hp_loss":0,"event_name":"Designer","floor":36,"gold_loss":40,"cards_upgraded":["Dualcast"]}],"is_beta":false,"boss_relics":[{"not_picked":["Painkiller Herb","Fusion Hammer"],"picked":"Tiny House"},{"not_picked":["Pandora\u0027s Box","ReplayTheSpireMod:DimensionalGlitch","Astrolabe"]}],"items_purged_floors":[7,13,22],"is_endless":false,"potions_floor_spawned":[1,4,10,25,28,29,33,39,41],"killed_by":"Time Eater","ascension_level":4}}