{"host":"9b7hrp48q3pna783","time":1610689708,"event":{"mods":["BaseMod","Colored Map","Colored Powertips","Highlight Path","Minty Spire (QoL Compilation)","Relic Stats"],"gold_per_floor":[119,131,131,145,165,194,249,249,249,266,284,301,301,312,312,412,412,431,521,446,459,470,484,484,495,495,495,508,542,129,129,129,129,129],"floor_reached":33,"language":"ENG","playtime":2124,"items_purged":["Strike_G","Strike_G"],"score":338,"play_id":"abdfc850-6884-4105-9c40-caf51135c8a5","local_time":"20210115004828","is_ascension_mode":true,"campfire_choices":[{"data":"Noxious Fumes","floor":8,"key":"SMITH"},{"data":"Prepared","floor":13,"key":"SMITH"},{"data":"Adrenaline","floor":15,"key":"SMITH"},{"data":"Neutralize","floor":24,"key":"SMITH"},{"data":"Escape Plan","floor":32,"key":"SMITH"}],"circlet_count":0,"master_deck":["Defend_G","Defend_G","Defend_G","Defend_G","Defend_G","Survivor","Neutralize+1","Deadly Poison+1","Adrenaline+1","Masterful Stab","Noxious Fumes+1","Prepared+1","Deadly Poison+1","Escape Plan+1","Deadly Poison","Ghostly","Ghostly","Ghostly","Ghostly","Ghostly"],"relics":["Ring of the Snake","NeowsBlessing","Toy Ornithopter","Mercury Hourglass","Kunai","Empty Cage","Gremlin Horn","Strawberry","Orichalcum","Omamori"],"acts_visited":["Exordium","TheCity"],"potions_floor_usage":[6,7,16,18,22,33],"damage_taken":[{"damage":0,"enemies":"Cultist","floor":1,"turns":1},{"damage":0,"enemies":"Small Slimes","floor":2,"turns":1},{"damage":0,"enemies":"Jaw Worm","floor":4,"turns":1},{"damage":0,"enemies":"Looter","floor":5,"turns":2},{"damage":13,"enemies":"3 Sentries","floor":6,"turns":6},{"damage":17,"enemies":"3 Sentries","floor":7,"turns":6},{"damage":0,"enemies":"Red Slaver","floor":10,"turns":3},{"damage":2,"enemies":"Lots of Slimes","floor":11,"turns":2},{"damage":0,"enemies":"Gremlin Gang","floor":12,"turns":4},{"damage":0,"enemies":"Looter","floor":14,"turns":2},{"damage":17,"enemies":"Slime Boss","floor":16,"turns":8},{"damage":19,"enemies":"2 Thieves","floor":18,"turns":4},{"damage":0,"enemies":"Shell Parasite","floor":21,"turns":4},{"damage":6,"enemies":"Sentry and Sphere","floor":22,"turns":5},{"damage":9,"enemies":"Snake Plant","floor":23,"turns":3},{"damage":0,"enemies":"Centurion and Healer","floor":25,"turns":5},{"damage":2,"enemies":"Shelled Parasite and Fungi","floor":28,"turns":4},{"damage":0,"enemies":"Gremlin Leader","floor":29,"turns":5},{"damage":39,"enemies":"Automaton","floor":33,"turns":10}],"seed_played":"8986875623870659863","potions_obtained":[{"floor":4,"key":"ColorlessPotion"},{"floor":5,"key":"Regen Potion"},{"floor":12,"key":"PowerPotion"},{"floor":16,"key":"PowerPotion"},{"floor":21,"key":"PowerPotion"},{"floor":25,"key":"ColorlessPotion"},{"floor":29,"key":"SneckoOil"}],"is_trial":false,"path_per_floor":["M","M","?","M","M","E","?","R","T","M","M","M","R","M","R","B",null,"M","?","$","M","M","M","R","M","T","?","M","E","$","?","R","B"],"character_chosen":"THE_SILENT","items_purchased":["Orichalcum","Omamori"],"campfire_rested":0,"item_purchase_floors":[30,30],"current_hp_per_floor":[70,70,70,70,70,57,59,59,59,59,57,57,57,57,57,45,70,51,39,39,39,38,29,29,29,29,29,27,34,34,34,34,0,0],"gold":129,"neow_bonus":"THREE_ENEMY_KILL","is_daily":false,"chose_seed":false,"campfire_upgraded":5,"win_rate":0.0,"timestamp":1610689708,"path_taken":["M","?","?","M","?","E","?","R","T","M","M","M","R","M","R","BOSS","M","?","$","M","?","?","R","?","T","?","M","E","$","?","R","BOSS"],"items_purchased_type":["Relic","Relic"],"build_version":"2020-12-22","purchased_purges":2,"victory":false,"max_hp_per_floor":[70,70,70,70,70,70,70,70,70,70,70,70,70,70,70,70,70,70,70,70,70,70,70,70,70,70,70,70,77,77,38,38,38,38],"relic_stats":{"Gremlin Horn":[8,8],"counters":[19,75],"Kunai":[7],"Orichalcum":[6],"obtain_stats":[{"NeowsBlessing":0,"Gremlin Horn":26,"Strawberry":29,"Omamori":30,"Kunai":9,"Orichalcum":30,"Empty Cage":17,"Toy Ornithopter":6,"Ring of the Snake":0,"Mercury Hourglass":7},{"NeowsBlessing":0,"Gremlin Horn":16,"Strawberry":18,"Omamori":18,"Kunai":6,"Orichalcum":18,"Empty Cage":11,"Toy Ornithopter":5,"Ring of the Snake":0,"Mercury Hourglass":5},{"NeowsBlessing":0,"Gremlin Horn":56,"Strawberry":65,"Omamori":65,"Kunai":16,"Orichalcum":65,"Empty Cage":35,"Toy Ornithopter":11,"Ring of the Snake":0,"Mercury Hourglass":11}],"Toy Ornithopter":19,"Ring of the Snake":[38],"Mercury Hourglass":[297]},"card_choices":[{"not_picked":["Acrobatics","Eviscerate"],"picked":"Deadly Poison","floor":1},{"not_picked":["Slice","Deadly Poison"],"picked":"Adrenaline","floor":2},{"not_picked":["Dagger Spray","Deadly Poison"],"picked":"Masterful Stab","floor":4},{"not_picked":["Reflex","Quick Slash"],"picked":"Noxious Fumes","floor":5},{"not_picked":["Slice","Well Laid Plans","Blade Dance"],"picked":"SKIP","floor":6},{"not_picked":["Flying Knee","Dagger Spray","Underhanded Strike"],"picked":"SKIP","floor":10},{"not_picked":["Cloak And Dagger","Doppelganger"],"picked":"Prepared","floor":11},{"not_picked":["Deadly Poison","Poisoned Stab","Cloak And Dagger"],"picked":"SKIP","floor":12},{"not_picked":["Deadly Poison","Poisoned Stab","Cloak And Dagger"],"picked":"SKIP","floor":12},{"not_picked":["Tactician","Sucker Punch","Quick Slash"],"picked":"SKIP","floor":14},{"not_picked":["Flying Knee","Tactician+1"],"picked":"Deadly Poison+1","floor":18},{"not_picked":["Deadly Poison+1","PiercingWail","Backstab"],"picked":"SKIP","floor":21},{"not_picked":["Acrobatics","Phantasmal Killer","PiercingWail+1"],"picked":"SKIP","floor":22},{"not_picked":["Acrobatics","Phantasmal Killer","PiercingWail+1"],"picked":"SKIP","floor":22},{"not_picked":["Poisoned Stab","Terror","Flying Knee"],"picked":"SKIP","floor":23},{"not_picked":["Quick Slash","Finisher","Deadly Poison"],"picked":"SKIP","floor":25},{"not_picked":["All Out Attack","Prepared"],"picked":"Escape Plan","floor":28},{"not_picked":["Dagger Throw+1","Poisoned Stab+1"],"picked":"Deadly Poison","floor":29}],"player_experience":77340,"relics_obtained":[{"floor":6,"key":"Toy Ornithopter"},{"floor":9,"key":"Kunai"},{"floor":26,"key":"Gremlin Horn"},{"floor":29,"key":"Strawberry"}],"event_choices":[{"damage_healed":0,"gold_gain":0,"player_choice":"Upgraded","damage_taken":0,"max_hp_gain":0,"max_hp_loss":0,"event_name":"Upgrade Shrine","floor":3,"gold_loss":0,"cards_upgraded":["Deadly Poison"]},{"damage_healed":0,"gold_gain":0,"player_choice":"Searched \u00272\u0027 times","damage_taken":0,"relics_obtained":["Mercury Hourglass"],"max_hp_gain":0,"max_hp_loss":0,"event_name":"Dead Adventurer","floor":7,"gold_loss":0},{"damage_healed":0,"gold_gain":90,"player_choice":"GOLD ","damage_taken":12,"max_hp_gain":0,"max_hp_loss":0,"event_name":"Knowing Skull","floor":19,"potions_obtained":[],"gold_loss":0,"cards_obtained":[]},{"cards_removed":["Strike_G"],"damage_healed":0,"gold_gain":0,"player_choice":"Elegance","damage_taken":0,"max_hp_gain":0,"max_hp_loss":0,"event_name":"Back to Basics","floor":27,"gold_loss":0},{"damage_healed":0,"gold_gain":0,"player_choice":"Became a Ghost","damage_taken":0,"max_hp_gain":0,"max_hp_loss":39,"event_name":"Ghosts","floor":31,"gold_loss":0,"cards_obtained":["Ghostly","Ghostly","Ghostly","Ghostly","Ghostly"]}],"is_beta":false,"boss_relics":[{"not_picked":["HoveringKite","Calling Bell"],"picked":"Empty Cage"}],"items_purged_floors":[20,30],"is_endless":false,"potions_floor_spawned":[4,5,12,16,21,25,29],"killed_by":"Automaton","ascension_level":1}}