{"host":"a5523bqxi3k68xf3","time":1610752634,"event":{"mods":["BaseMod","BetterRewards","Hermit","Koishi","Marisa????????","Minty Spire (QoL Compilation)","Quick Restart","Random Character Button","Relic Stats","Shop Mod","StSLib","The Animator","The Cursed","The Necromancer","The Servant 0.9.4"],"gold_per_floor":[113,187,199,50,63,91,91,105,105,105,169,204,14,14,14,91,91,106,106,125,136,147,175,188,188,215,243,318,336,336,362,362,438,438,452,452,469,483,483,517,517,551,578,594,37,37,50,61,61,61],"floor_reached":51,"language":"ENG","playtime":1905,"items_purged":["Strike_W","Defend_W"],"score":1743,"play_id":"c2c85dc9-2b84-4cbe-bf53-d86d78741201","local_time":"20210116001714","is_ascension_mode":true,"campfire_choices":[{"data":"Summon_Undead","floor":7,"key":"SMITH"},{"data":"1","floor":10,"key":"LIFT"},{"data":"2","floor":15,"key":"LIFT"},{"data":"Slay_Living","floor":25,"key":"SMITH"},{"data":"3","floor":30,"key":"LIFT"},{"floor":32,"key":"REST"},{"floor":41,"key":"REST"},{"data":"Uncharnel","floor":49,"key":"SMITH"}],"circlet_count":0,"master_deck":["AscendersBane","Strike_W","Strike_W","Strike_W","Defend_W","Defend_W","Defend_W","Negative_Energy_Arrows","Bone_Wall","Slay_Living+1","Summon_Lich+1","Summon_Lich+1","Negative_Energy_Burst","Life_Drain","Vampiric_Strike","Summon_Undead+1","Vampiric_Strike","Necrotic_Claws","Summon_Undead_Army+1","Summon_Undead+1","Acid_Javelin","Corrupt","Life_Drain","Consume_Illness+1","Summon_Lich+1","Summon_Death_Knight+1","Summon_Undead+1","Uncharnel+1"],"relics":["Vampire_Amulet","Frozen Egg 2","Meat on the Bone","Happy Flower","Lantern","Akabeko","Girya","Peace Pipe","Calipers","Ancient Tea Set","ClockworkSouvenir","Runic Dome","The Courier","Dream Catcher","Anchor","Singing Bowl","SacredBark","Ice Cream","Mercury Hourglass","Prayer Wheel","Orichalcum","Pen Nib","Gremlin Horn","Strawberry","Toy Ornithopter"],"acts_visited":["Exordium","TheCity","TheBeyond"],"potions_floor_usage":[8,16],"damage_taken":[{"damage":0,"enemies":"Jaw Worm","floor":1,"turns":3},{"damage":2,"enemies":"Small Slimes","floor":3,"turns":2},{"damage":0,"enemies":"2 Louse","floor":5,"turns":2},{"damage":21,"enemies":"Lagavulin","floor":6,"turns":5},{"damage":2,"enemies":"Gremlin Gang","floor":8,"turns":2},{"damage":29,"enemies":"Lagavulin Event","floor":11,"turns":5},{"damage":11,"enemies":"Gremlin Nob","floor":12,"turns":3},{"damage":18,"enemies":"Slime Boss","floor":16,"turns":4},{"damage":9,"enemies":"2 Thieves","floor":18,"turns":3},{"damage":6,"enemies":"Spheric Guardian","floor":20,"turns":3},{"damage":13,"enemies":"Shelled Parasite and Fungi","floor":21,"turns":4},{"damage":0,"enemies":"3 Cultists","floor":22,"turns":2},{"damage":29,"enemies":"Book of Stabbing","floor":23,"turns":4},{"damage":23,"enemies":"Centurion and Healer","floor":24,"turns":5},{"damage":23,"enemies":"Gremlin Leader","floor":27,"turns":5},{"damage":0,"enemies":"Snake Plant","floor":29,"turns":2},{"damage":10,"enemies":"Slavers","floor":31,"turns":4},{"damage":21,"enemies":"Collector","floor":33,"turns":6},{"damage":9,"enemies":"Orb Walker","floor":35,"turns":3},{"damage":44,"enemies":"3 Darklings","floor":37,"turns":5},{"damage":10,"enemies":"Transient","floor":38,"turns":5},{"damage":69,"enemies":"Giant Head","floor":40,"turns":7},{"damage":52,"enemies":"Nemesis","floor":42,"turns":7},{"damage":17,"enemies":"Maw","floor":44,"turns":6},{"damage":5,"enemies":"3 Darklings","floor":47,"turns":3},{"damage":9,"enemies":"Spire Growth","floor":48,"turns":4},{"damage":78,"enemies":"Donu and Deca","floor":50,"turns":7}],"seed_played":"9167744711606668160","potions_obtained":[{"floor":6,"key":"DistilledChaos"},{"floor":8,"key":"Fire Potion"},{"floor":11,"key":"Strength Potion"},{"floor":23,"key":"Energy Potion"},{"floor":27,"key":"DuplicationPotion"}],"is_trial":false,"path_per_floor":["M","?","M","$","M","E","R","M","T","R","?","E","$","?","R","B",null,"M","$","M","M","M","E","M","R","T","E","?","M","R","E","R","B",null,"M","?","M","M","T","E","R","E","T","M","$","?","M","M","R","B",null],"character_chosen":"NECROMANCER","items_purchased":["Frozen Egg 2","Slay_Living","Meat on the Bone","Happy Flower","Summon_Lich+1","Lantern","Summon_Lich+1","Negative_Energy_Burst","Akabeko","Vampiric_Strike","Summon_Undead","ClockworkSouvenir","Pen Nib","Gremlin Horn","Strawberry","Toy Ornithopter"],"campfire_rested":2,"item_purchase_floors":[0,0,0,0,0,0,0,0,0,4,13,13,45,45,45,45],"current_hp_per_floor":[36,36,38,38,42,45,45,59,59,59,55,54,54,54,54,52,66,66,66,67,69,71,50,47,47,47,50,43,51,51,55,73,73,73,68,68,49,65,65,51,77,68,68,81,88,79,84,99,99,60],"gold":61,"neow_bonus":"","is_daily":false,"chose_seed":false,"campfire_upgraded":3,"win_rate":0.0,"timestamp":1610752634,"path_taken":["M","?","M","$","M","E","R","M","T","R","?","E","$","?","R","BOSS","M","$","M","?","M","E","M","R","T","E","?","M","R","E","R","BOSS","M","?","?","?","?","E","R","E","T","M","$","?","M","?","R","BOSS"],"items_purchased_type":["Relic","Card","Relic","Relic","Card","Relic","Card","Card","Relic","Card","Card","Relic","Relic","Relic","Relic","Relic"],"build_version":"2020-12-22","purchased_purges":2,"victory":true,"max_hp_per_floor":[71,71,71,71,71,71,71,71,71,71,71,71,71,71,71,71,71,71,71,71,71,71,71,71,71,71,71,71,71,71,73,73,73,73,75,75,77,79,79,81,83,85,85,87,94,94,96,100,100,100],"relic_stats":{"Happy Flower":[41],"Singing Bowl":22,"Gremlin Horn":[27,27],"counters":[314,1422],"Pen Nib":[11],"Orichalcum":[414],"Mercury Hourglass":[84],"Peace Pipe":1,"Dream Catcher":4,"Prayer Wheel":3,"obtain_stats":[{"Whetstone":24,"Ginger":21,"Bottled Tornado":14,"Sling":0,"Boot":23,"Blood Vial":43,"Sundial":7,"MealTicket":46,"Fusion Hammer":34,"Kunai":26,"Pear":43,"Blue Candle":24,"Velvet Choker":17,"Eternal Feather":26,"Pen Nib":0,"Akabeko":9,"Runic Dome":34,"hermit:PetGhost":20,"MutagenicStrength":28,"Pandora\u0027s Box":17,"StrikeDummy":40,"Unceasing Top":29,"Regal Pillow":8,"Lantern":9,"Singing Bowl":26,"StoneCalendar":7,"Bag of Preparation":26,"Smiling Mask":26,"Ancient Tea Set":40,"Matryoshka":9,"WingedGreaves":25,"InkBottle":6,"Potion Belt":43,"Lee\u0027s Waffle":42,"Golden Idol":14,"Thread and Needle":41,"PreservedInsect":26,"The Courier":23,"Omamori":23,"Frozen Egg 2":40,"MawBank":7,"Busted Crown":34,"Ornamental Fan":14,"Art of War":26,"Bottled Lightning":42,"Toy Ornithopter":22,"Ice Cream":9,"Calipers":41,"Tiny House":17,"Gremlin Horn":9,"Nilry\u0027s Codex":30,"CeramicFish":41,"Vajra":37,"Sozu":17,"hermit:RyeStalk":10,"Centennial Puzzle":47,"HornCleat":12,"DollysMirror":29,"Strawberry":6,"Prayer Wheel":7,"Philosopher\u0027s Stone":34,"Vampire_Amulet":0,"Toxic Egg 2":40,"Girya":6,"Happy Flower":0,"Astrolabe":34,"Dead Branch":40,"Oddly Smooth Stone":30,"War Paint":28,"Question Card":48,"Du-Vu Doll":45,"Bottled Flame":9,"Shuriken":0,"Bronze Scales":29,"Molten Egg 2":43,"Black Star":34,"hermit:Momento":0,"Meat on the Bone":29,"Pocketwatch":44,"Darkstone Periapt":13,"SacredBark":34,"Mango":44,"Juzu Bracelet":6,"Incense Burner":42,"Empty Cage":17,"ClockworkSouvenir":13,"Nunchaku":24,"Dream Catcher":14,"TheAbacus":39,"Mummified Hand":9,"Pantograph":10,"Gambling Chip":45,"Tiny Chest":0,"Red Mask":19,"Orichalcum":36,"White Beast Statue":0,"Mercury Hourglass":8,"Peace Pipe":37,"Anchor":40,"CaptainsWheel":10,"hermit:CharredGlove":41,"Bag of Marbles":0,"Membership Card":41,"TungstenRod":38,"FossilizedHelix":41},{"Whetstone":81,"Ginger":249,"Bottled Tornado":97,"Sling":46,"Boot":102,"Blood Vial":43,"Sundial":220,"MealTicket":156,"Fusion Hammer":172,"Kunai":14,"Pear":88,"Blue Candle":58,"Velvet Choker":269,"Eternal Feather":169,"Pen Nib":46,"Akabeko":117,"Runic Dome":85,"hermit:PetGhost":57,"MutagenicStrength":147,"Pandora\u0027s Box":78,"StrikeDummy":235,"Unceasing Top":16,"Regal Pillow":31,"Lantern":195,"Singing Bowl":38,"StoneCalendar":161,"Bag of Preparation":103,"Smiling Mask":59,"Ancient Tea Set":131,"Matryoshka":52,"WingedGreaves":59,"InkBottle":50,"Potion Belt":22,"Lee\u0027s Waffle":256,"Golden Idol":34,"Thread and Needle":42,"PreservedInsect":59,"The Courier":300,"Omamori":203,"Frozen Egg 2":21,"MawBank":116,"Busted Crown":41,"Ornamental Fan":9,"Art of War":81,"Bottled Lightning":43,"Toy Ornithopter":101,"Ice Cream":74,"Calipers":88,"Tiny House":121,"Gremlin Horn":221,"Nilry\u0027s Codex":83,"CeramicFish":42,"Vajra":42,"Sozu":144,"hermit:RyeStalk":32,"Centennial Puzzle":45,"HornCleat":8,"DollysMirror":147,"Strawberry":30,"Prayer Wheel":73,"Philosopher\u0027s Stone":128,"Vampire_Amulet":0,"Toxic Egg 2":66,"Girya":291,"Happy Flower":0,"Astrolabe":62,"Dead Branch":177,"Oddly Smooth Stone":206,"War Paint":60,"Question Card":69,"Du-Vu Doll":156,"Bottled Flame":243,"Shuriken":25,"Bronze Scales":126,"Molten Egg 2":178,"Black Star":18,"hermit:Momento":0,"Meat on the Bone":16,"Pocketwatch":257,"Darkstone Periapt":54,"SacredBark":305,"Mango":67,"Juzu Bracelet":5,"Incense Burner":133,"Empty Cage":165,"ClockworkSouvenir":294,"Nunchaku":13,"Dream Catcher":120,"TheAbacus":130,"Mummified Hand":6,"Pantograph":96,"Gambling Chip":179,"Tiny Chest":136,"Red Mask":37,"Orichalcum":19,"White Beast Statue":70,"Mercury Hourglass":52,"Peace Pipe":152,"Anchor":21,"CaptainsWheel":162,"hermit:CharredGlove":66,"Bag of Marbles":46,"Membership Card":42,"TungstenRod":65,"FossilizedHelix":66},{"Whetstone":306,"Ginger":1137,"Bottled Tornado":373,"Sling":185,"Boot":400,"Blood Vial":171,"Sundial":981,"MealTicket":671,"Fusion Hammer":753,"Kunai":56,"Pear":335,"Blue Candle":226,"Velvet Choker":1225,"Eternal Feather":737,"Pen Nib":185,"Akabeko":479,"Runic Dome":324,"hermit:PetGhost":225,"MutagenicStrength":621,"Pandora\u0027s Box":296,"StrikeDummy":1064,"Unceasing Top":66,"Regal Pillow":129,"Lantern":863,"Singing Bowl":152,"StoneCalendar":698,"Bag of Preparation":407,"Smiling Mask":229,"Ancient Tea Set":545,"Matryoshka":209,"WingedGreaves":229,"InkBottle":198,"Potion Belt":99,"Lee\u0027s Waffle":1167,"Golden Idol":138,"Thread and Needle":167,"PreservedInsect":229,"The Courier":1353,"Omamori":902,"Frozen Egg 2":94,"MawBank":476,"Busted Crown":164,"Ornamental Fan":30,"Art of War":306,"Bottled Lightning":171,"Toy Ornithopter":395,"Ice Cream":279,"Calipers":335,"Tiny House":495,"Gremlin Horn":985,"Nilry\u0027s Codex":312,"CeramicFish":167,"Vajra":167,"Sozu":609,"hermit:RyeStalk":132,"Centennial Puzzle":178,"HornCleat":26,"DollysMirror":621,"Strawberry":124,"Prayer Wheel":277,"Philosopher\u0027s Stone":532,"Vampire_Amulet":0,"Toxic Egg 2":253,"Girya":1323,"Happy Flower":0,"Astrolabe":241,"Dead Branch":781,"Oddly Smooth Stone":914,"War Paint":232,"Question Card":263,"Du-Vu Doll":671,"Bottled Flame":1107,"Shuriken":113,"Bronze Scales":519,"Molten Egg 2":787,"Black Star":78,"hermit:Momento":0,"Meat on the Bone":66,"Pocketwatch":1171,"Darkstone Periapt":215,"SacredBark":1375,"Mango":256,"Juzu Bracelet":15,"Incense Burner":556,"Empty Cage":717,"ClockworkSouvenir":1333,"Nunchaku":52,"Dream Catcher":486,"TheAbacus":540,"Mummified Hand":18,"Pantograph":369,"Gambling Chip":794,"Tiny Chest":577,"Red Mask":149,"Orichalcum":81,"White Beast Statue":269,"Mercury Hourglass":209,"Peace Pipe":648,"Anchor":94,"CaptainsWheel":703,"hermit:CharredGlove":253,"Bag of Marbles":185,"Membership Card":167,"TungstenRod":249,"FossilizedHelix":253}],"Toy Ornithopter":76,"Meat on the Bone":36},"card_choices":[{"not_picked":["Scare","Chill_Blood","Stop_Heart"],"picked":"SKIP","floor":1},{"not_picked":["Toxic_Smoke_Screen","Negative_Energy_Sphere"],"picked":"Life_Drain","floor":3},{"not_picked":["Death_Knell","Negative_Energy_Shield"],"picked":"Summon_Undead","floor":5},{"not_picked":["Bone_Spikes","Bone_Armor"],"picked":"Vampiric_Strike","floor":6},{"not_picked":["Epidemic","Blood_Shield","Bone_Spikes"],"picked":"SKIP","floor":8},{"not_picked":["Negative_Energy_Mist","Death_Coil"],"picked":"Necrotic_Claws","floor":11},{"not_picked":["Blood_Curse","Blood_Shield"],"picked":"Summon_Undead_Army+1","floor":12},{"not_picked":["Negative_Energy_Javelin","Scare+1"],"picked":"Acid_Javelin","floor":18},{"not_picked":["Negative_Energy_Sphere","Blood_Curse","Death_Coil"],"picked":"SKIP","floor":20},{"not_picked":["Chill_Blood","Finger_Of_Death"],"picked":"Corrupt","floor":21},{"not_picked":["Death_March_Dance+1","Bone_Prison"],"picked":"Life_Drain","floor":22},{"not_picked":["Negative_Energy_Mist","Spectral_Walk","Hellfire"],"picked":"SKIP","floor":23},{"not_picked":["Toxic_Smoke_Screen","Chill_Blood","Necrotic_Claws"],"picked":"SKIP","floor":24},{"not_picked":["Negative_Energy_Shield","Bone_Bullets"],"picked":"Consume_Illness+1","floor":27},{"not_picked":["Death_March_Dance","Blood_Is_Power","Toxic_Smoke_Screen"],"picked":"SKIP","floor":29},{"not_picked":["Reap_The_Weak","Death_March_Dance","Bone_Bullets"],"picked":"Singing Bowl","floor":31},{"not_picked":["Blood_Curse","Negative_Energy_Sphere"],"picked":"Summon_Lich+1","floor":32},{"not_picked":["Detonate_Bones","Blood_Magic+1"],"picked":"Summon_Death_Knight+1","floor":33},{"not_picked":["Corrupt+1","Scare","Consume_Illness"],"picked":"Singing Bowl","floor":35},{"not_picked":["Bones_to_Steel+1","Blood_for_Blood+1","Finger_Of_Death+1"],"picked":"Singing Bowl","floor":37},{"not_picked":["Vampiric_Strike","Chill_Blood+1","Bone_Bullets+1"],"picked":"Singing Bowl","floor":38},{"not_picked":["Siphon_Strength","Summon_Undead_Army+1","Death_March_Dance+1"],"picked":"Singing Bowl","floor":40},{"not_picked":["Thousand_Bone_Knives","Negative_Energy_Javelin","Scare"],"picked":"Singing Bowl","floor":41},{"not_picked":["Consume_Illness","Life_Tap","Negative_Energy_Sphere+1"],"picked":"Singing Bowl","floor":42},{"not_picked":["Finger_Of_Death+1","Deaths_Shadow"],"picked":"Uncharnel","floor":44},{"not_picked":["Blood_for_Blood+1","Negative_Energy_Sphere+1","Bone_Shift"],"picked":"Singing Bowl","floor":44},{"not_picked":["Pandemic+1","Blood_Is_Power","Hellfire"],"picked":"Singing Bowl","floor":47},{"not_picked":["Consume_Illness","Bone_Spikes","Death_Coil+1"],"picked":"SKIP","floor":47},{"not_picked":["Toxic_Smoke_Screen+1","Vampiric_Strike+1","Scare"],"picked":"Singing Bowl","floor":48},{"not_picked":["Blood_Curse","Negative_Energy_Sphere","Pandemic"],"picked":"Singing Bowl","floor":48}],"player_experience":1698551,"relics_obtained":[{"floor":6,"key":"Girya"},{"floor":9,"key":"Peace Pipe"},{"floor":11,"key":"Calipers"},{"floor":12,"key":"Ancient Tea Set"},{"floor":23,"key":"The Courier"},{"floor":26,"key":"Dream Catcher"},{"floor":27,"key":"Anchor"},{"floor":31,"key":"Singing Bowl"},{"floor":39,"key":"Ice Cream"},{"floor":40,"key":"Mercury Hourglass"},{"floor":42,"key":"Prayer Wheel"},{"floor":43,"key":"Orichalcum"}],"event_choices":[{"damage_healed":0,"gold_gain":74,"player_choice":"Gained Gold","damage_taken":0,"max_hp_gain":0,"max_hp_loss":0,"event_name":"Golden Wing","floor":2,"gold_loss":0},{"damage_healed":0,"gold_gain":30,"player_choice":"Searched \u00272\u0027 times","damage_taken":0,"max_hp_gain":0,"max_hp_loss":0,"event_name":"Dead Adventurer","floor":11,"gold_loss":0},{"damage_healed":0,"gold_gain":0,"player_choice":"Upgraded","damage_taken":0,"max_hp_gain":0,"max_hp_loss":0,"event_name":"Upgrade Shrine","floor":14,"gold_loss":0,"cards_upgraded":["Summon_Undead"]},{"damage_healed":0,"gold_gain":75,"player_choice":"Touch","damage_taken":7,"max_hp_gain":0,"max_hp_loss":0,"event_name":"FaceTrader","floor":28,"gold_loss":0},{"damage_healed":0,"gold_gain":0,"player_choice":"Copied","damage_taken":0,"max_hp_gain":0,"max_hp_loss":0,"event_name":"Duplicator","floor":36,"gold_loss":0,"cards_obtained":["Summon_Undead"]},{"damage_healed":0,"gold_gain":0,"player_choice":"Damaged","damage_taken":9,"max_hp_gain":0,"max_hp_loss":0,"event_name":"Wheel of Change","floor":46,"gold_loss":0}],"is_beta":false,"boss_relics":[{"not_picked":["Empty Cage","Ectoplasm"],"picked":"Runic Dome"},{"not_picked":["Velvet Choker","Coffee Dripper"],"picked":"SacredBark"}],"items_purged_floors":[0,4],"is_endless":false,"potions_floor_spawned":[6,8,11,23,24,27,33,37,42,48],"ascension_level":14}}