{"host":"i0avyit1s6jb1siw","time":1610711788,"event":{"mods":["BaseMod","DeckTracker","Dota2Spire","Highlight Path","Minty Spire (QoL Compilation)","Quick Restart","StSLib","SuperFastMode"],"gold_per_floor":[18,18,33,33,46,46,59,59,59,59,59,91,105,105,105],"floor_reached":14,"language":"ENG","playtime":233,"items_purged":[],"score":180,"play_id":"029155a4-6f83-4e0f-a4b9-4eb1534e75a8","local_time":"20210115125628","is_ascension_mode":true,"campfire_choices":[{"data":"Neutralize","floor":6,"key":"SMITH"},{"data":"Dash","floor":8,"key":"SMITH"},{"floor":10,"key":"REST"}],"circlet_count":0,"master_deck":["AscendersBane","Strike_G","Strike_G","Strike_G","Strike_G","Defend_G","Defend_G","Defend_G","Defend_G","Defend_G","Survivor","Neutralize+1","Metamorphosis+1","PiercingWail","Dash+1"],"relics":["Ring of the Snake","Gremlin Horn","Dota2Spire:AghanimScepter"],"acts_visited":["Exordium"],"potions_floor_usage":[],"damage_taken":[{"damage":7,"enemies":"Small Slimes","floor":1,"turns":3},{"damage":0,"enemies":"Cultist","floor":3,"turns":2},{"damage":2,"enemies":"2 Louse","floor":5,"turns":3},{"damage":8,"enemies":"Exordium Thugs","floor":7,"turns":4},{"damage":36,"enemies":"Gremlin Nob","floor":12,"turns":4},{"damage":5,"enemies":"3 Louse","floor":13,"turns":4},{"damage":21,"enemies":"3 Sentries","floor":14,"turns":6}],"seed_played":"3154044587129193584","potions_obtained":[{"floor":1,"key":"Dexterity Potion"}],"is_trial":false,"path_per_floor":["M","?","M","?","M","R","M","R","T","R","?","E","M","E"],"character_chosen":"THE_SILENT","items_purchased":[],"campfire_rested":1,"item_purchase_floors":[],"current_hp_per_floor":[52,52,52,52,50,50,42,42,42,61,61,25,20,0,0],"gold":105,"neow_bonus":"RANDOM_COLORLESS_2","is_daily":false,"chose_seed":false,"campfire_upgraded":2,"win_rate":0.0,"timestamp":1610711788,"path_taken":["M","?","?","?","M","R","M","R","T","R","?","E","M","E"],"items_purchased_type":[],"build_version":"2020-12-22","purchased_purges":0,"victory":false,"max_hp_per_floor":[66,66,66,66,66,66,66,66,66,66,66,66,66,66,66],"card_choices":[{"not_picked":["The Bomb","Violence"],"picked":"Metamorphosis","floor":0},{"not_picked":["Flying Knee","Acrobatics","Prepared"],"picked":"SKIP","floor":1},{"not_picked":["Flying Knee","Acrobatics","Prepared"],"picked":"SKIP","floor":1},{"not_picked":["Dagger Spray","Concentrate"],"picked":"PiercingWail","floor":3},{"not_picked":["Deflect","Blur"],"picked":"Dash","floor":5},{"not_picked":["Prepared","Sucker Punch","Glass Knife"],"picked":"SKIP","floor":7},{"not_picked":["Setup","Caltrops","Blade Dance"],"picked":"SKIP","floor":12},{"not_picked":["Eviscerate","Deflect","PiercingWail"],"picked":"SKIP","floor":13}],"player_experience":2237821,"relics_obtained":[{"floor":9,"key":"Gremlin Horn"},{"floor":12,"key":"Dota2Spire:AghanimScepter"}],"event_choices":[{"cards_removed":["Strike_G"],"damage_healed":0,"gold_gain":0,"player_choice":"Purged","damage_taken":0,"max_hp_gain":0,"max_hp_loss":0,"event_name":"Purifier","floor":2,"gold_loss":0},{"damage_healed":0,"gold_gain":0,"player_choice":"Grow","damage_taken":0,"max_hp_gain":0,"max_hp_loss":0,"event_name":"Living Wall","floor":4,"gold_loss":0,"cards_upgraded":["Metamorphosis"]},{"damage_healed":0,"gold_gain":0,"player_choice":"Leave","damage_taken":0,"max_hp_gain":0,"max_hp_loss":0,"event_name":"The Cleric","floor":11,"gold_loss":0}],"is_beta":false,"boss_relics":[],"items_purged_floors":[],"is_endless":false,"potions_floor_spawned":[1],"killed_by":"3 Sentries","ascension_level":20}}