{"host":"s6t38s6k4widkzbu","time":1610709229,"event":{"mods":["100% Spire Juice","ATMod(°¢èªMod)","Arknights The Spire","Aspiration","BaseMod","Conspire","Downfall","Energized Spire","Googly Eyes","Hermit","Highlight Path","Hunter ÁÔÈË","KinomotoSakuraMod(Ä¾Ö®±¾Ó£)","KomeijiMod","Marisa£¨ìFÓê¡¡Ä§ÀíÉ³£©","Minty Spire (QoL Compilation)","MostiFishMod","Permanent Neow","Prisma Mod","Quick Restart","READ ME - Guardian Mod","Reimu£¨²©ÀöÁéÃÎ£©","Remilia£¨ÀÙÃ×ÀòÑÇ£©","Replay The Spire","Robot Space Explorer","RumiaBox-Â¶Ã×æ«µÄÉñÃØºÐ×Ó","Spicy Shops","StSLib","The Animator","The Bladedancer","The Bug Knight","The Cursed","The Dragon Tamer","The Gatherer","The Jungle","The Marked","The Mystic","The Runesmith","The Servant 0.9.4","WarShipGirlsR/Õ½½¢ÉÙÅ®R mod","Yakumo Yukari mod","Youmu£¨»êÆÇÑýÃÎ£©","Yuyuko","¡¾ÒÅÎï¿¨ÅÆ¡¿REMEMod","óô»ðÖ¸ÄÏ"],"gold_per_floor":[362,18,18,38,57,57,88,3,27,38,10,10,30,48,48,151,151,164,164,179,195,209,27,27,27,45,45,45,45,65,65,99,74,74,178,178,196,206,231,15,27,27,27,41,41,109,109,142,142,181,181,226,226,226,3,46,85],"floor_reached":58,"language":"ZHS","playtime":5932,"items_purged":["Shame","Amnesia","Regret","rmod:strick"],"score":1333,"play_id":"8fe59820-eee6-4df6-8d8e-6d51d10bebf8","local_time":"20210115191349","is_ascension_mode":false,"campfire_choices":[{"data":"rmod:maingunfire","floor":6.0,"key":"SMITH"},{"data":"rmod:mineteam","floor":12.0,"key":"SMITH"},{"data":"rmod:seals","floor":15.0,"key":"SMITH"},{"data":"rmod:stealaluminum","floor":27.0,"key":"SMITH"},{"data":"rmod:wolves","floor":29.0,"key":"SMITH"},{"data":"rmod:expedition","floor":34.0,"key":"SMITH"},{"floor":42.0,"key":"RECALL"},{"floor":47,"key":"REST"},{"floor":51,"key":"REST"},{"data":"rmod:expedition+1","floor":54,"key":"SMITH"}],"circlet_count":0,"master_deck":["rmod:strick","rmod:strick","rmod:strick","rmod:defend","rmod:defend","rmod:defend","rmod:defend","rmod:basicallowance+1","rmod:maingunfire+1","AT_OneInchPunch","Guardian:Clone+1","rmod:firesupport","rmod:aluminumsupply","rmod:launchingtorpedo","rmod:mineteam+1","rmod:steelsupply","rmod:aluminumsupply","rmod:wolves+1","rmod:u235+1","rmod:selfconfidence+1","rmod:unsinkable","rmod:seals+1","rmod:abidefaith+1","rmod:aggressivemary+1","rmod:luckystar","rmod:stealaluminum+1","rmod:ammunitionsupply+1","rmod:chargemoney","rmod:intelligenceanalysis","rmod:unsinkable+1","rmod:saltedfish+1","rmod:expedition+2","rmod:secretscript","rmod:victimresponsibility+1","rmod:smokecover+1","rmod:maintain+1","rmod:guardianhero+1","rmod:timeschanged","rmod:firesupport","rmod:heivgo+1","Defend_MRS+1","rmod:unsinkable+1","rmod:diaomin+1"],"relics":["rmod:firstchargereward","REME_ComplimentaryCards","AT_ATBox","DaveBox","Membership Card","SynthV:TestCard","HollowMod:StagPassRelic","AT_Manta","Technique","Ring of Panic","ReplayTheSpireMod:Ring of Sloth","Onion Ring","ExusiaiGun","Toxic Egg 2","Bronze Scales","Sundial","ReplayTheSpireMod:CursedCoin","conspire:Dentures","aspiration:FutureDiary","AT_ArchangelStaff","ReplayTheSpireMod:TigerMarble","MealTicket","REME_ArchaeologicalTools","Ccalipers","REME_CardOfGreed","Replay:WaspNest"],"acts_visited":["Exordium","TheCity","TheBeyond","TheEnding"],"potions_floor_usage":[],"damage_taken":[{"damage":0.0,"enemies":"2 Louse","floor":1.0,"turns":2.0},{"damage":5.0,"enemies":"Jaw Worm","floor":4.0,"turns":2.0},{"damage":0.0,"enemies":"Cultist","floor":5.0,"turns":1.0},{"damage":14.0,"enemies":"3 Sentries","floor":7.0,"turns":5.0},{"damage":0.0,"enemies":"Blue Slaver","floor":10.0,"turns":2.0},{"damage":13.0,"enemies":"Exordium Wildlife","floor":13.0,"turns":4.0},{"damage":0.0,"enemies":"Large Slime","floor":14.0,"turns":2.0},{"damage":0.0,"enemies":"Hexaghost","floor":16.0,"turns":6.0},{"damage":0.0,"enemies":"3 Byrds","floor":18.0,"turns":2.0},{"damage":27.0,"enemies":"conspire:FuzzyDice","floor":20.0,"turns":2.0},{"damage":0.0,"enemies":"Snake Plant","floor":21.0,"turns":1.0},{"damage":2.0,"enemies":"Snecko","floor":22.0,"turns":2.0},{"damage":2.0,"enemies":"3 Cultists","floor":26.0,"turns":2.0},{"damage":4.0,"enemies":"Snake Plant","floor":30.0,"turns":1.0},{"damage":4.0,"enemies":"Gremlin Leader","floor":32.0,"turns":3.0},{"damage":4.0,"enemies":"conspire:MysteriousRune","floor":35.0,"turns":3.0},{"damage":24.0,"enemies":"3 Darklings","floor":37.0,"turns":2.0},{"damage":0.0,"enemies":"Orb Walker","floor":38.0,"turns":1.0},{"damage":2.0,"enemies":"conspire:MimicChest","floor":39.0,"turns":2.0},{"damage":19.0,"enemies":"4 Shapes","floor":41.0,"turns":1.0},{"damage":15.0,"enemies":"Writhing Mass","floor":44.0,"turns":2.0},{"damage":4.0,"enemies":"Maw","floor":46.0,"turns":2.0},{"damage":1,"enemies":"Sphere and 2 Shapes","floor":48,"turns":1},{"damage":0,"enemies":"Writhing Mass","floor":50,"turns":2},{"damage":31,"enemies":"Time Eater","floor":52,"turns":5},{"damage":0,"enemies":"Shield and Spear","floor":56,"turns":1},{"damage":26,"enemies":"The Heart","floor":57,"turns":3}],"seed_played":"4775264746908458915","potions_obtained":[{"floor":1.0,"key":"ColorlessPotion"},{"floor":5.0,"key":"Fire Potion"},{"floor":10.0,"key":"Regen Potion"},{"floor":13.0,"key":"Weak Potion"},{"floor":21.0,"key":"ColorlessPotion"},{"floor":22.0,"key":"Elixir"},{"floor":30.0,"key":"DuplicationPotion"},{"floor":32.0,"key":"Death Potion"},{"floor":37.0,"key":"JyouchiReiPotion"},{"floor":38.0,"key":"champ:CounterPotion"},{"floor":44.0,"key":"Dexterity Potion"},{"floor":56,"key":"Strength Potion"}],"is_trial":false,"path_per_floor":["M","$","?","M","M","R","E","R","T","M","$","R","M","M","R","B",null,"M","?","M","M","M","R","PTL","PTL","M","R","T","R","M","?","E","$","R","B",null,"M","M","?","$","M","R","$","M","T","M","R","M","?","M","R","B",null,"R","$","E","B",null],"character_chosen":"PRAEFECT","items_purchased":["HollowMod:StagPassRelic","AT_Manta","Technique","rmod:steelsupply","rmod:aluminumsupply","rmod:u235","rmod:selfconfidence","Toxic Egg 2","rmod:chargemoney","rmod:intelligenceanalysis","ReplayTheSpireMod:CursedCoin","conspire:Dentures","ReplayTheSpireMod:TigerMarble","MealTicket","Ccalipers","REME_CardOfGreed"],"campfire_rested":2,"item_purchase_floors":[2,2,2,8,8,11,11,23,23,23,33,33,40,40,55,55],"current_hp_per_floor":[75,75,75,70,70,70,56,56,56,56,56,56,43,43,43,43,75,75,75,48,48,46,46,46,46,44,44,44,44,40,40,45,45,45,41,75,51,51,49,49,30,30,45,30,30,26,48,47,47,47,69,38,75,75,75,75,49],"gold":85,"neow_bonus":"TWO_FIFTY_GOLD","is_daily":false,"chose_seed":false,"campfire_upgraded":7,"win_rate":0.0,"timestamp":1610709229,"path_taken":["M","$","?","M","M","R","E","R","T","M","$","R","M","M","R","BOSS","M","?","M","M","M","R","PTL","PTL","M","R","T","R","?","?","E","?","R","BOSS","M","M","?","$","M","R","?","M","T","M","R","?","?","M","R","BOSS","R","$","E","BOSS"],"items_purchased_type":["Relic","Relic","Relic","Card","Card","Card","Card","Relic","Card","Card","Relic","Relic","Relic","Relic","Relic","Relic"],"build_version":"2020-12-22","purchased_purges":4,"victory":true,"max_hp_per_floor":[75,75,75,75,75,75,75,75,75,75,75,75,75,75,75,75,75,75,75,75,75,75,75,75,75,75,75,75,75,75,75,75,75,75,75,75,75,75,75,75,75,75,75,75,75,75,75,75,75,75,75,75,75,75,75,75,75],"card_choices":[{"not_picked":["rmod:gendarmerie","rmod:unsinkable"],"picked":"rmod:firesupport","floor":1.0},{"not_picked":["rmod:circuitoustactics","rmod:firesupport","rmod:goodsister","rmod:diamondstrike"],"picked":"rmod:aluminumsupply","floor":4.0},{"not_picked":["rmod:victimresponsibility","rmod:fletcher","rmod:steelsupply","rmod:punchline"],"picked":"rmod:launchingtorpedo","floor":5.0},{"not_picked":["rmod:gendarmerie","rmod:steelsupply","rmod:ammunitionsupply","rmod:intelligenceanalysis"],"picked":"rmod:mineteam","floor":7.0},{"not_picked":["rmod:bulid","rmod:aluminumsupply","rmod:circuitoustactics","rmod:sl"],"picked":"rmod:wolves","floor":10.0},{"not_picked":["rmod:aluminumsupply","rmod:goodsister","rmod:tearstotiara","rmod:fletcherpendant"],"picked":"rmod:unsinkable","floor":13.0},{"not_picked":["rmod:luckystar","rmod:launchingtorpedo","rmod:unsinkable","rmod:steelsupply"],"picked":"rmod:seals","floor":14.0},{"not_picked":["rmod:acesubmarine","rmod:u235","rmod:highspeedmaneuver","rmod:supriseattacks"],"picked":"rmod:abidefaith","floor":16.0},{"not_picked":["rmod:gendarmerie","rmod:circuitoustactics","rmod:steelsupply+1","rmod:capitalist"],"picked":"rmod:aggressivemary+1","floor":18.0},{"not_picked":["rmod:rockthrower+1","rmod:firesupport","rmod:diamondstrike","rmod:fuelsupply"],"picked":"rmod:luckystar","floor":20.0},{"not_picked":["rmod:aviationdawn+1","rmod:diaomin","rmod:punchline","rmod:aluminumsupply"],"picked":"rmod:stealaluminum","floor":21.0},{"not_picked":["rmod:diamondstrike","rmod:luckystar","rmod:circuitoustactics","rmod:fuelsupply"],"picked":"rmod:ammunitionsupply+1","floor":22.0},{"not_picked":["rmod:tearstotiara+1","rmod:fletcherpendant","rmod:aviationdawn+1","rmod:diamondstrike"],"picked":"rmod:unsinkable+1","floor":26.0},{"not_picked":["rmod:diamondstrike","rmod:tearstotiara","rmod:aviationdawn+1","rmod:ammunitionsupply+1"],"picked":"rmod:saltedfish+1","floor":30.0},{"not_picked":["rmod:diamondstrike","rmod:rockthrower","rmod:aviationdawn+1","rmod:openingtorpedo"],"picked":"rmod:expedition","floor":32.0},{"not_picked":["rmod:abidefaith","rmod:expeditionaryescort","rmod:u235+1","rmod:supriseattacks+1"],"picked":"rmod:secretscript","floor":35.0},{"not_picked":["rmod:diamondstrike+1","rmod:luckystar","rmod:unsinkable+1","rmod:circuitoustactics+1"],"picked":"rmod:victimresponsibility+1","floor":37.0},{"not_picked":["rmod:aviationdawn+1","rmod:steelsupply+1","rmod:fuelsupply+1","rmod:seals"],"picked":"rmod:smokecover+1","floor":38.0},{"not_picked":["rmod:mineteam+1","rmod:capitalist+1","rmod:aluminumsupply+1","rmod:aviationdawn+1"],"picked":"rmod:maintain+1","floor":39.0},{"not_picked":["rmod:diamondstrike+1","rmod:unsinkable+1","rmod:fuelsupply+1","rmod:luckystar+1"],"picked":"rmod:guardianhero+1","floor":41.0},{"not_picked":["rmod:fletcherpendant","rmod:fuelsupply+1","rmod:aviationdawn+1","rmod:firesupport+1"],"picked":"rmod:timeschanged","floor":44.0},{"not_picked":["rmod:ammunitionsupply+1","rmod:luckystar+1","rmod:steelsupply+1","rmod:diamondstrike"],"picked":"rmod:firesupport","floor":46.0},{"not_picked":["rmod:robin+1","rmod:fletcherpendant+1","rmod:steelsupply+1","rmod:fuelsupply+1"],"picked":"rmod:heivgo+1","floor":48},{"not_picked":["rmod:aviationdawn+1","rmod:fuelsupply+1","rmod:diamondstrike+1","rmod:fletcherpendant+1"],"picked":"rmod:unsinkable+1","floor":50},{"not_picked":["rmod:aluminumsupply+1","rmod:salvage+1","rmod:highspeedmaneuver+1","rmod:aviationdawn+1"],"picked":"rmod:diaomin+1","floor":56}],"player_experience":465030,"relics_obtained":[{"floor":1.0,"key":"SynthV:TestCard"},{"floor":3.0,"key":"Ring of Panic"},{"floor":3.0,"key":"ReplayTheSpireMod:Ring of Sloth"},{"floor":7.0,"key":"Onion Ring"},{"floor":28.0,"key":"Bronze Scales"},{"floor":32.0,"key":"Sundial"},{"floor":39.0,"key":"AT_ArchangelStaff"},{"floor":45.0,"key":"REME_ArchaeologicalTools"},{"floor":56,"key":"Replay:WaspNest"}],"event_choices":[{"damage_healed":0.0,"max_hp_gain":0.0,"max_hp_loss":0.0,"gold_gain":0.0,"event_name":"Accursed Blacksmith","player_choice":"Forge","floor":19.0,"gold_loss":0.0,"damage_taken":0.0,"cards_upgraded":["rmod:abidefaith"]},{"cards_removed":["Shame"],"damage_healed":0,"gold_gain":0,"player_choice":"Took Card","damage_taken":0,"max_hp_gain":0,"max_hp_loss":0,"event_name":"NoteForYourself","floor":49,"gold_loss":0,"cards_obtained":["Defend_MRS"]}],"is_beta":false,"boss_relics":[{"not_picked":["energizedSpire:OgreHead","Empty Cage"],"picked":"ExusiaiGun"},{"not_picked":["EE1DDrone","aspiration:RitualDagger"],"picked":"aspiration:FutureDiary"}],"items_purged_floors":[8,33,40,55],"is_endless":false,"potions_floor_spawned":[1,5,10,13,21,22,30,32,37,38,44,48,50,56],"ascension_level":0}}