{"host":"tnsigirk6wurdark","time":1610745522,"event":{"mods":["BaseMod","Bestiary","Colored Map","Colored Powertips","Curses Come First","DeckTracker","Highlight Path","Minty Spire (QoL Compilation)","Quick Restart","Relic Sorter","StSLib","Synergy Search"],"gold_per_floor":[114,134,147,160,9,9,41,56,56,56,56,84,84,84,84,158,158,168,168,168,179,194,194,194,194,269,21,34,47,65,79,79,156,156,172,187,187,16,27,27,46,60,84,84,98,98,133,144,144,144,144],"floor_reached":50,"language":"ENG","playtime":4770,"items_purged":["Writhe"],"score":993,"play_id":"b32d8068-a728-473d-b12c-4326dc3bd0af","local_time":"20210115211842","is_ascension_mode":true,"campfire_choices":[{"data":"Venomology","floor":6.0,"key":"SMITH"},{"floor":10.0,"key":"REST"},{"floor":15.0,"key":"REST"},{"floor":23.0,"key":"REST"},{"floor":25.0,"key":"REST"},{"floor":32.0,"key":"REST"},{"floor":40.0,"key":"REST"},{"floor":44.0,"key":"REST"},{"floor":46.0,"key":"REST"},{"floor":49.0,"key":"REST"}],"circlet_count":0,"master_deck":["AscendersBane","Survivor","Neutralize","Die Die Die","Envenom","Deadly Poison","Outmaneuver","Blade Dance","Blur","Outmaneuver","Venomology+1","Blur","Deadly Poison","Eviscerate","Dash","Dagger Spray","Accuracy","Footwork","Dodge and Roll","Adrenaline","Cloak And Dagger","Calculated Gamble","Die Die Die","PiercingWail","Leg Sweep","Crippling Poison","Blade Dance","Accuracy+1","Dagger Spray","After Image+1","Distraction+1","Caltrops+1","Panacea","Riddle With Holes","PiercingWail","Skewer","Envenom+1","Backstab"],"relics":["Pandora\u0027s Box","Bag of Preparation","Bottled Tornado","White Beast Statue","SlaversCollar","Turnip","Frozen Egg 2","Letter Opener","Snake Skull","Happy Flower","Fusion Hammer","Ancient Tea Set","Bronze Scales"],"acts_visited":["Exordium","TheCity","TheBeyond"],"potions_floor_usage":[50,50],"damage_taken":[{"damage":0.0,"enemies":"Cultist","floor":1.0,"turns":4.0},{"damage":8.0,"enemies":"Jaw Worm","floor":2.0,"turns":4.0},{"damage":0.0,"enemies":"2 Louse","floor":3.0,"turns":2.0},{"damage":2.0,"enemies":"Blue Slaver","floor":4.0,"turns":3.0},{"damage":20.0,"enemies":"Gremlin Nob","floor":7.0,"turns":3.0},{"damage":7.0,"enemies":"Large Slime","floor":8.0,"turns":6.0},{"damage":4.0,"enemies":"3 Sentries","floor":12.0,"turns":8.0},{"damage":0.0,"enemies":"Slime Boss","floor":16.0,"turns":8.0},{"damage":43.0,"enemies":"Chosen","floor":18.0,"turns":5.0},{"damage":6.0,"enemies":"Spheric Guardian","floor":21.0,"turns":7.0},{"damage":8.0,"enemies":"Shelled Parasite and Fungi","floor":22.0,"turns":8.0},{"damage":10.0,"enemies":"Centurion and Healer","floor":28.0,"turns":7.0},{"damage":16.0,"enemies":"Snake Plant","floor":29.0,"turns":5.0},{"damage":3.0,"enemies":"Snecko","floor":30.0,"turns":4.0},{"damage":10.0,"enemies":"Centurion and Healer","floor":31.0,"turns":7.0},{"damage":19.0,"enemies":"Collector","floor":33.0,"turns":12.0},{"damage":2.0,"enemies":"3 Shapes","floor":35.0,"turns":3.0},{"damage":2.0,"enemies":"Orb Walker","floor":36.0,"turns":4.0},{"damage":13.0,"enemies":"Spire Growth","floor":39.0,"turns":5.0},{"damage":17.0,"enemies":"Jaw Worm Horde","floor":41.0,"turns":4.0},{"damage":7.0,"enemies":"3 Darklings","floor":42.0,"turns":4.0},{"damage":27.0,"enemies":"Writhing Mass","floor":45.0,"turns":7.0},{"damage":13.0,"enemies":"Giant Head","floor":47.0,"turns":8.0},{"damage":2.0,"enemies":"Maw","floor":48.0,"turns":6.0},{"damage":65,"enemies":"Awakened One","floor":50,"turns":7}],"seed_played":"-8982676211377039081","potions_obtained":[{"floor":3.0,"key":"Poison Potion"},{"floor":12.0,"key":"CultistPotion"},{"floor":16.0,"key":"SneckoOil"},{"floor":21.0,"key":"Explosive Potion"},{"floor":22.0,"key":"Weak Potion"},{"floor":28.0,"key":"SteroidPotion"},{"floor":29.0,"key":"DistilledChaos"},{"floor":30.0,"key":"DuplicationPotion"},{"floor":31.0,"key":"AttackPotion"},{"floor":33.0,"key":"Swift Potion"},{"floor":35.0,"key":"EntropicBrew"},{"floor":36.0,"key":"AttackPotion"},{"floor":39.0,"key":"Explosive Potion"},{"floor":41.0,"key":"Fire Potion"},{"floor":42.0,"key":"ColorlessPotion"},{"floor":45.0,"key":"DuplicationPotion"},{"floor":47.0,"key":"LiquidMemories"},{"floor":48.0,"key":"FairyPotion"}],"is_trial":false,"path_per_floor":["M","M","M","M","$","R","E","M","T","R","?","E","?","T","R","B",null,"M","?","?","M","M","R","?","R","T","$","M","M","M","M","R","B",null,"M","M","?","$","M","R","M","M","T","R","M","R","E","M","R","B"],"character_chosen":"THE_SILENT","items_purchased":["Strength Potion","Footwork","Dodge and Roll","Happy Flower","Caltrops+1","Panacea"],"campfire_rested":9,"item_purchase_floors":[5,5,5,27,38,38],"current_hp_per_floor":[59,51,51,49,49,49,29,22,22,41,41,37,37,37,56,66,66,23,23,23,17,9,28,28,47,47,47,37,21,18,8,27,8,52,50,48,48,48,35,54,37,30,30,49,22,41,28,26,45,0,0],"gold":144,"neow_bonus":"BOSS_RELIC","is_daily":false,"chose_seed":false,"campfire_upgraded":1,"win_rate":0.0,"timestamp":1610745522,"path_taken":["M","M","M","?","$","R","E","M","T","R","?","E","?","?","R","BOSS","M","?","?","M","M","R","?","R","T","$","?","M","M","M","R","BOSS","M","M","?","$","M","R","M","M","T","R","M","R","E","M","R","BOSS"],"items_purchased_type":["Potion","Card","Card","Relic","Card","Card"],"build_version":"2020-12-22","purchased_purges":1,"victory":false,"max_hp_per_floor":[66,66,66,66,66,66,66,66,66,66,66,66,66,66,66,66,66,66,66,66,66,66,66,66,66,66,66,66,66,66,66,66,66,66,66,66,66,66,66,66,66,66,66,66,66,66,66,66,66,66,66],"card_choices":[{"not_picked":["Tactician","Deflect"],"picked":"Eviscerate","floor":1.0},{"not_picked":["Backstab","Predator"],"picked":"Dash","floor":2.0},{"not_picked":["Dodge and Roll","Dagger Throw"],"picked":"Dagger Spray","floor":3.0},{"not_picked":["Sucker Punch","PiercingWail"],"picked":"Accuracy","floor":4.0},{"not_picked":["Flying Knee","Dagger Throw"],"picked":"Adrenaline","floor":7.0},{"not_picked":["Dagger Throw","Infinite Blades"],"picked":"Cloak And Dagger","floor":8.0},{"not_picked":["Cloak And Dagger","Dagger Throw"],"picked":"Calculated Gamble","floor":12.0},{"not_picked":["Unload","A Thousand Cuts+1"],"picked":"Die Die Die","floor":16.0},{"not_picked":["Underhanded Strike","Eviscerate"],"picked":"PiercingWail","floor":18.0},{"not_picked":["Dash+1","Caltrops+1"],"picked":"Leg Sweep","floor":21.0},{"not_picked":["All Out Attack","Underhanded Strike"],"picked":"Crippling Poison","floor":22.0},{"not_picked":["Heel Hook","Backflip"],"picked":"Blade Dance","floor":28.0},{"not_picked":["Deadly Poison","Slice+1"],"picked":"Accuracy+1","floor":29.0},{"not_picked":["Cloak And Dagger","Sucker Punch"],"picked":"Dagger Spray","floor":30.0},{"not_picked":["Dodge and Roll","Deflect"],"picked":"After Image+1","floor":31.0},{"not_picked":["Slice","Dagger Throw","Dagger Spray"],"picked":"SKIP","floor":35.0},{"not_picked":["Predator+1","Cloak And Dagger"],"picked":"Distraction+1","floor":36.0},{"not_picked":["Deflect","Sucker Punch+1"],"picked":"Riddle With Holes","floor":39.0},{"not_picked":["Dodge and Roll","Outmaneuver"],"picked":"PiercingWail","floor":41.0},{"not_picked":["Flying Knee+1","Riddle With Holes"],"picked":"Skewer","floor":42.0},{"not_picked":["Prepared+1","Sucker Punch","Dagger Throw"],"picked":"SKIP","floor":45.0},{"not_picked":["Blade Dance","PiercingWail"],"picked":"Envenom+1","floor":47.0},{"not_picked":["Poisoned Stab","Expertise"],"picked":"Backstab","floor":48.0}],"player_experience":792690,"relics_obtained":[{"floor":7.0,"key":"Turnip"},{"floor":9.0,"key":"Frozen Egg 2"},{"floor":12.0,"key":"Letter Opener"},{"floor":14.0,"key":"Bag of Preparation"},{"floor":26.0,"key":"Bottled Tornado"},{"floor":43.0,"key":"Ancient Tea Set"},{"floor":47.0,"key":"Bronze Scales"}],"event_choices":[{"damage_healed":0.0,"max_hp_gain":0.0,"max_hp_loss":0.0,"gold_gain":0.0,"event_name":"Golden Idol","player_choice":"Ignored","floor":11.0,"gold_loss":0.0,"damage_taken":0.0},{"damage_healed":0.0,"max_hp_gain":0.0,"max_hp_loss":0.0,"gold_gain":0.0,"event_name":"Liars Game","player_choice":"Ignored","floor":13.0,"gold_loss":0.0,"damage_taken":0.0},{"damage_healed":0.0,"max_hp_gain":0.0,"max_hp_loss":0.0,"gold_gain":0.0,"event_name":"The Mausoleum","player_choice":"Opened","floor":19.0,"gold_loss":0.0,"damage_taken":0.0,"relics_obtained":["White Beast Statue"],"cards_obtained":["Writhe"]},{"damage_healed":0.0,"max_hp_gain":0.0,"max_hp_loss":0.0,"gold_gain":0.0,"event_name":"Ghosts","player_choice":"Ignored","floor":20.0,"gold_loss":0.0,"damage_taken":0.0},{"damage_healed":0.0,"max_hp_gain":0.0,"max_hp_loss":0.0,"gold_gain":0.0,"event_name":"WeMeetAgain","player_choice":"Gave Potion","floor":24.0,"gold_loss":0.0,"damage_taken":0.0,"relics_obtained":["Snake Skull"]},{"damage_healed":0.0,"max_hp_gain":0.0,"max_hp_loss":0.0,"gold_gain":0.0,"event_name":"Tomb of Lord Red Mask","player_choice":"Ignored","floor":37.0,"gold_loss":0.0,"damage_taken":0.0}],"is_beta":false,"boss_relics":[{"not_picked":["Snecko Eye","Runic Dome"],"picked":"SlaversCollar"},{"not_picked":["Sozu","Cursed Key"],"picked":"Fusion Hammer"}],"items_purged_floors":[27],"is_endless":false,"potions_floor_spawned":[3,12,16,21,22,28,29,30,31,33,35,36,39,41,42,45,47,48],"killed_by":"Awakened One","ascension_level":16}}