{"host":"aj6dldabq8s02zuz","time":1610692839,"event":{"mods":["AchievementEnabler","BaseMod","Better Note","Better Third Choice","Block Reminder","Colored Map","Custom Start","Downfall","Hermit","Highlight Path","Hubris","Mimic Mod","Minty Spire (QoL Compilation)","Permanent Neow","Quick Restart","Relic Sorter","Replay The Spire","StSLib","The Blue Laboratory","The Jungle","TheArtist","Wandering Minibosses"],"gold_per_floor":[99,99,99,549,75,0,23,35,35,310,235,250,262,278,292,292,292,292],"floor_reached":16,"language":"ENG","playtime":784,"items_purged":["Slimebound:Icky"],"score":90,"play_id":"21a92605-5d40-44c9-abda-511865b4e879","local_time":"20210115004039","is_ascension_mode":false,"campfire_choices":[{"floor":1,"key":"RECALL"},{"data":"Guardian:Orbwalk","floor":6,"key":"SMITH"},{"data":"Guardian:TwinSlam","floor":9,"key":"SMITH"},{"data":"Guardian:CurlUp","floor":11,"key":"SMITH"}],"circlet_count":0,"master_deck":["Guardian:Strike_Guardian","Guardian:Strike_Guardian","Guardian:Strike_Guardian","Guardian:Strike_Guardian","Guardian:Defend_Guardian","Guardian:Defend_Guardian","Guardian:Defend_Guardian","Guardian:Defend_Guardian","Guardian:CurlUp+1","Guardian:TwinSlam+1","Guardian:Orbwalk+1","Slimebound:Icky","Slimebound:Icky","Guardian:RollAttack","Guardian:BronzeArmor","Regret","Guardian:Gem_Fragmented","Guardian:CrystalBeam","Guardian:Gem_Green","Guardian:Gem_Red"],"relics":["Guardian:ModeShifter","downfall:HeartsMalice","Gremlin Horn","Guardian:BottledStasis","downfall:HeartBlessingRed","downfall:HeartBlessingBlue"],"acts_visited":["Exordium"],"potions_floor_usage":[],"damage_taken":[{"damage":0,"enemies":"2 Louse","floor":2,"turns":1},{"damage":0,"enemies":"Small Slimes","floor":3,"turns":1},{"damage":0,"enemies":"downfall:FleeingMerchant","floor":5,"turns":1},{"damage":1,"enemies":"Cultist","floor":8,"turns":3},{"damage":11,"enemies":"Lots of Slimes","floor":12,"turns":2},{"damage":21,"enemies":"Gremlin Gang","floor":13,"turns":5},{"damage":3,"enemies":"Large Slime","floor":14,"turns":5},{"damage":6,"enemies":"Red Slaver","floor":15,"turns":4},{"damage":49,"enemies":"downfall:Silent","floor":16,"turns":8}],"seed_played":"-7465892272600115290","potions_obtained":[{"floor":12,"key":"blueLaboratory:EnragingPotion"},{"floor":13,"key":"BlessingOfTheForge"},{"floor":15,"key":"FearPotion"}],"is_trial":false,"path_per_floor":["R","M","M","?","$","R","T","M","R","?","R","M","M","M","M","B"],"character_chosen":"GUARDIAN","items_purchased":["Gremlin Horn","Guardian:BottledStasis"],"campfire_rested":0,"item_purchase_floors":[5,5],"current_hp_per_floor":[80,80,80,80,80,80,80,79,79,79,89,78,57,54,48,0,0,0],"gold":292,"neow_bonus":"THREE_ENEMY_KILL","is_daily":false,"chose_seed":false,"campfire_upgraded":3,"win_rate":0.0,"timestamp":1610692839,"path_taken":["R","M","M","?","$","R","T","M","R","?","R","M","?","M","M","BOSS"],"items_purchased_type":["Relic","Relic"],"build_version":"2020-12-22","purchased_purges":1,"victory":false,"max_hp_per_floor":[80,80,80,80,80,80,80,80,80,80,90,90,90,90,90,90,90,90],"card_choices":[{"not_picked":["Guardian:Emergency","Guardian:CrystalBeam"],"picked":"Guardian:Gem_Red","floor":2},{"not_picked":["Guardian:FloatingOrbs","Guardian:TemporalStrike"],"picked":"Guardian:Orbwalk","floor":3},{"not_picked":["Guardian:PiercingHide","Guardian:ShieldCharger"],"picked":"Guardian:RollAttack","floor":5},{"not_picked":["Guardian:TimeBomb","Guardian:ShieldCharger"],"picked":"Guardian:BronzeArmor","floor":8},{"not_picked":["Guardian:CrystalBeam","Guardian:ChargeCore"],"picked":"Guardian:Gem_Fragmented","floor":12},{"not_picked":["Guardian:ShieldCharger","Guardian:GemFire"],"picked":"Guardian:CrystalBeam","floor":13},{"not_picked":["Guardian:TemporalStrike","Guardian:Gem_Lightblue"],"picked":"Guardian:Gem_Green","floor":14},{"not_picked":["Guardian:Gem_Purple","Guardian:SpikerProtocol"],"picked":"Guardian:Gem_Red","floor":15}],"player_experience":34525,"relics_obtained":[],"event_choices":[],"is_beta":false,"boss_relics":[],"items_purged_floors":[5],"is_endless":false,"potions_floor_spawned":[8,12,13,15],"killed_by":"downfall:Silent","ascension_level":0}}