{"host":"c2zlmc1hlq0427cl","time":1610736706,"event":{"mods":["100% Spire Juice","BaseMod","Googly Eyes","Hermit","Minty Spire (QoL Compilation)","Replay The Spire","StSLib","The Hayseed","The Senshi"],"gold_per_floor":[17,17,17,28,28,46,75,87,154,191,82,82,82],"floor_reached":12,"language":"ENG","playtime":630,"items_purged":["TheSimpletonMod:Strike_TheSimpleton"],"score":90,"play_id":"94fc04a8-5bbd-4fc7-9a1c-f1038049e454","local_time":"20210115125146","is_ascension_mode":true,"campfire_choices":[{"floor":8,"key":"REST"}],"circlet_count":0,"master_deck":["TheSimpletonMod:Strike_TheSimpleton","TheSimpletonMod:Strike_TheSimpleton","TheSimpletonMod:Strike_TheSimpleton","TheSimpletonMod:Defend_TheSimpleton","TheSimpletonMod:Defend_TheSimpleton","TheSimpletonMod:Defend_TheSimpleton","TheSimpletonMod:Defend_TheSimpleton","TheSimpletonMod:Haymaker","TheSimpletonMod:ReapAndSow","TheSimpletonMod:VolatileFumes+1","TheSimpletonMod:Mulch","TheSimpletonMod:Rototilling","TheSimpletonMod:SoilSample","TheSimpletonMod:Sunchoke","TheSimpletonMod:SlashAndBurn","TheSimpletonMod:Swelter","TheSimpletonMod:Swelter"],"relics":["TheSimpletonMod:SpudOfTheInnocent","TheSimpletonMod:NightSoil","TheSimpletonMod:TheHarvester","MawBank","Replay:Wax Seal","Iron Hammer"],"acts_visited":["Exordium"],"potions_floor_usage":[10,12,12],"damage_taken":[{"damage":6,"enemies":"Cultist","floor":1,"turns":4},{"damage":11,"enemies":"Jaw Worm","floor":4,"turns":4},{"damage":10,"enemies":"Small Slimes","floor":6,"turns":4},{"damage":43,"enemies":"3 Sentries","floor":7,"turns":9},{"damage":42,"enemies":"Gremlin Nob","floor":10,"turns":5},{"damage":7,"enemies":"3 Sentries","floor":12,"turns":2}],"seed_played":"-884820466460083135","potions_obtained":[{"floor":1,"key":"BlessingOfTheForge"},{"floor":7,"key":"ColorlessPotion"},{"floor":10,"key":"Languid Potion"}],"is_trial":false,"path_per_floor":["M","$","?","M","?","M","E","R","T","E","$","E"],"character_chosen":"THE_SIMPLETON","items_purchased":["TheSimpletonMod:Swelter"],"campfire_rested":1,"item_purchase_floors":[11],"current_hp_per_floor":[69,69,69,62,62,56,17,39,39,1,1,0,0],"gold":82,"neow_bonus":"THREE_RARE_CARDS","is_daily":false,"chose_seed":false,"campfire_upgraded":0,"win_rate":0.0,"timestamp":1610736706,"path_taken":["M","?","?","M","?","?","E","R","T","E","$","E"],"items_purchased_type":["Card"],"build_version":"2020-12-22","purchased_purges":1,"victory":false,"max_hp_per_floor":[75,75,75,75,75,75,75,75,75,75,75,75,75],"card_choices":[{"not_picked":["TheSimpletonMod:Biorefinement","TheSimpletonMod:Strawberries"],"picked":"TheSimpletonMod:VolatileFumes","floor":0},{"not_picked":["TheSimpletonMod:Ferment","TheSimpletonMod:PestManagement"],"picked":"TheSimpletonMod:Mulch","floor":1},{"not_picked":["TheSimpletonMod:SoilSample","TheSimpletonMod:SaladShooter","TheSimpletonMod:VineRipen"],"picked":"SKIP","floor":4},{"not_picked":["TheSimpletonMod:Thresh","TheSimpletonMod:Aerate"],"picked":"TheSimpletonMod:Sunchoke","floor":6},{"not_picked":["TheSimpletonMod:Rototilling","TheSimpletonMod:SaladShooter"],"picked":"TheSimpletonMod:SlashAndBurn","floor":7},{"not_picked":["TheSimpletonMod:Fertilaser","TheSimpletonMod:VineRipen"],"picked":"TheSimpletonMod:Swelter","floor":10}],"player_experience":59326,"relics_obtained":[{"floor":7,"key":"MawBank"},{"floor":9,"key":"Replay:Wax Seal"},{"floor":10,"key":"Iron Hammer"}],"event_choices":[{"damage_healed":0,"gold_gain":0,"player_choice":"Grow","damage_taken":0,"max_hp_gain":0,"max_hp_loss":0,"event_name":"Living Wall","floor":3,"gold_loss":0,"cards_upgraded":["TheSimpletonMod:VolatileFumes"]},{"damage_healed":0,"gold_gain":0,"player_choice":"2 cards matched","damage_taken":0,"max_hp_gain":0,"max_hp_loss":0,"event_name":"Match and Keep!","floor":5,"gold_loss":0,"cards_obtained":["TheSimpletonMod:Rototilling","TheSimpletonMod:SoilSample"]}],"is_beta":false,"boss_relics":[],"items_purged_floors":[11],"is_endless":false,"potions_floor_spawned":[1,7,10],"killed_by":"3 Sentries","ascension_level":1}}