{"host":"y13egnm4gu4imyrg","time":1610726516,"event":{"mods":["AchievementEnabler","Act Like it!","Aspiration","Astrologer","BaseMod","Beaked The Cultist","Chen","Clockwork Mod","Downfall","Elementarium","Gensokyo","GifTheSpireLib","Hermit","Hubris","Infinite Spire","Jorbs\u0027s Wanderer Trilogy","Koishi","LagranYue(???·?)","Luminous","Marisa????????","Minty Spire (QoL Compilation)","Rare Cards Sparkle","Replay The Spire","Somnambulant","StSLib","Stuff the Spire","Td1madao Mod","The Administrix","The Bladedancer","The Construct","The Disciple","The Hierophant","The Jungle","The Marked","The Mystic","The Necromancer","The Runesmith","The Senshi","The Servant 0.9.4","The Wild Card","Transform Curses"],"gold_per_floor":[113,113,123,142,160,160,178,205,205,205,205,205,205,205,205,300,350,370,380,380,392,392,392,392,392],"floor_reached":24,"language":"ENG","playtime":1184,"items_purged":[],"score":196,"play_id":"6fa0cc05-77f8-45aa-ace0-f3bf78935f4b","local_time":"20210115080156","is_ascension_mode":false,"campfire_choices":[{"data":"Bash","floor":6,"key":"SMITH"},{"data":"hubris:SharpeningStone","floor":10,"key":"SMITH"},{"data":"Replay:Undeath\u0027s Touch","floor":12,"key":"SMITH"},{"floor":15,"key":"REST"},{"data":"Fire Breathing","floor":23,"key":"SMITH"}],"circlet_count":0,"master_deck":["Strike_R","Strike_R","Strike_R","Strike_R","Strike_R","Defend_R","Defend_R","Defend_R+1","Defend_R","Impervious","hubris:SharpeningStone+1","Whirlwind+1","Warcry","Thunderclap","Headbutt","Replay:Undeath\u0027s Touch+1","Bash+1","theWildCard:Odin","Double Tap","Fire Breathing+1","Flex","Seeing Red"],"relics":["Burning Blood","LagranYue:RandomDrawCardRelic","infinitespire:BottledMercury","Blue Candle","StuffTheSpire:Mouthbags","infinitespire:WardingShard","Tiny House","PrismaticShard","Omamori"],"acts_visited":["Exordium","TheCity"],"potions_floor_usage":[16,24],"damage_taken":[{"damage":5,"enemies":"Cultist","floor":1,"turns":4},{"damage":11,"enemies":"infinitespire:Voidling","floor":3,"turns":4},{"damage":1,"enemies":"Small Slimes","floor":4,"turns":3},{"damage":0,"enemies":"3 Louse","floor":5,"turns":1},{"damage":10,"enemies":"Looter","floor":7,"turns":3},{"damage":23,"enemies":"Replay:BlueRogue","floor":8,"turns":6},{"damage":7,"enemies":"Hexaghost","floor":16,"turns":6},{"damage":9,"enemies":"Chosen","floor":18,"turns":5},{"damage":0,"enemies":"Spheric Guardian","floor":19,"turns":2},{"damage":22,"enemies":"Snecko","floor":21,"turns":5},{"damage":68,"enemies":"Replay:Snechameleon","floor":24,"turns":8}],"seed_played":"-7536781043057884845","potions_obtained":[{"floor":1,"key":"Venom Potion"},{"floor":4,"key":"PowerPotion"},{"floor":8,"key":"SpeedPotion"},{"floor":16,"key":"BlessingOfTheForge"},{"floor":17,"key":"SkillPotion"}],"is_trial":false,"path_per_floor":["M","T","M","M","M","R","M","E","T","R","?","R","?","T","R","B",null,"M","M","?","M","T","R","E"],"character_chosen":"IRONCLAD","items_purchased":[],"campfire_rested":1,"item_purchase_floors":[],"current_hp_per_floor":[80,80,75,80,80,80,76,59,59,59,59,59,59,59,80,79,85,82,85,77,61,61,61,0,0],"gold":392,"neow_bonus":"ONE_RANDOM_RARE_CARD","is_daily":false,"chose_seed":false,"campfire_upgraded":4,"win_rate":0.0,"timestamp":1610726516,"path_taken":["M","?","?","M","M","R","?","E","T","R","?","R","?","?","R","BOSS","M","M","?","M","?","R","E"],"items_purchased_type":[],"build_version":"2020-12-22","purchased_purges":0,"victory":false,"max_hp_per_floor":[80,80,80,80,80,80,80,80,80,80,80,80,80,80,80,80,85,85,85,85,85,85,85,85,85],"card_choices":[{"not_picked":["StuffTheSpire:Incineration","Clothesline"],"picked":"hubris:SharpeningStone","floor":1},{"not_picked":["Disarm","Clash"],"picked":"Whirlwind","floor":3},{"not_picked":["StuffTheSpire:Pyroclast","Replay:Undeath\u0027s Touch"],"picked":"Warcry","floor":4},{"not_picked":["Clash","Power Through"],"picked":"Thunderclap","floor":5},{"not_picked":["True Grit","StuffTheSpire:RockThrow"],"picked":"Headbutt","floor":7},{"not_picked":["Sword Boomerang","Anger"],"picked":"Replay:Undeath\u0027s Touch","floor":8},{"not_picked":["Exhume","Barricade"],"picked":"Double Tap","floor":16},{"not_picked":["True Grit","ReplayTheSpireMod:Corrosion Curse"],"picked":"Fire Breathing","floor":17},{"not_picked":["Battle Trance","StuffTheSpire:Slingshot"],"picked":"Flex","floor":18},{"not_picked":["Exhume","Anger","Shockwave"],"picked":"SKIP","floor":19},{"not_picked":["Havoc","StuffTheSpire:Incineration"],"picked":"Seeing Red","floor":20},{"not_picked":["Provocative","Twin Teeth","hermit:LoneWolf"],"picked":"SKIP","floor":21}],"player_experience":420188,"relics_obtained":[{"floor":2,"key":"infinitespire:BottledMercury"},{"floor":8,"key":"Blue Candle"},{"floor":9,"key":"StuffTheSpire:Mouthbags"},{"floor":14,"key":"infinitespire:WardingShard"},{"floor":20,"key":"PrismaticShard"},{"floor":22,"key":"Omamori"}],"event_choices":[{"damage_healed":0,"gold_gain":0,"player_choice":"Grow","damage_taken":0,"max_hp_gain":0,"max_hp_loss":0,"event_name":"Living Wall","floor":11,"gold_loss":0,"cards_upgraded":["Whirlwind"]}],"is_beta":false,"boss_relics":[{"not_picked":["Coffee Dripper","aspiration:RunesmithSkillbook"],"picked":"Tiny House"}],"items_purged_floors":[],"is_endless":false,"potions_floor_spawned":[1,4,8,16],"killed_by":"Replay:Snechameleon","ascension_level":0}}