{"host":"tq6qmx9nj4kgfpqr","time":1610682524,"event":{"mods":["AchievementEnabler","Bard","BaseMod","Bestiary","Better Match","Better Third Choice","ChefMod","Colored Map","Colored Powertips","Gremlin Skip","Hermit","Minty Spire (QoL Compilation)","Quarter Circle Forward PUNCH!","Quick Restart","READ ME - Guardian Mod","Somnambulant","StSLib","The Bladedancer","The Blue Laboratory","The Construct","The Cursed","The Juggle","The Poker Player","The Sage","themimic"],"gold_per_floor":[115,115,115,128,128,128,159,184,256,282,86,86,121,42,42,137,137,152,169,169,103,131,164,192,224,247,247,247,279,313,348,348,443,443,457,457,477,14,0,25,100,130,157,189,239,259,335,366,366,366],"floor_reached":51,"language":"ENG","playtime":4311,"items_purged":[],"score":1444,"play_id":"1b1de96d-3249-4113-8ed7-3083bfa1222d","local_time":"20210114224844","daily_mods":["SealedDeck","Heirloom","Time Dilation","Flight","DeadlyEvents","Elite Swarm"],"is_ascension_mode":false,"campfire_choices":[{"data":"Terror","floor":6.0,"key":"SMITH"},{"data":"Venomology","floor":12.0,"key":"SMITH"},{"data":"Adrenaline","floor":15.0,"key":"SMITH"},{"data":"Adrenaline","floor":27.0,"key":"SMITH"},{"data":"Adrenaline","floor":32.0,"key":"SMITH"},{"data":"Venomology","floor":49,"key":"SMITH"}],"circlet_count":0,"master_deck":["PiercingWail","Prepared","Dodge and Roll","Terror+1","Slice","Infinite Blades","Footwork","Well Laid Plans","Accuracy","PiercingWail+1","Deflect","Phantasmal Killer","Storm of Steel","Venomology+1","Prepared","Adrenaline+1","Backstab","Venomology+1","Cloak And Dagger+1","Adrenaline+1","Adrenaline+1","Accuracy+1","Infinite Blades+1","Storm of Steel","After Image+1"],"relics":["Ring of the Snake","qcfpunch:Special_Ops_Insignia","Ornamental Fan","Boot","Dead Branch","sagemod:Singing_Vial","Nunchaku","Pen Nib","Vajra","qcfpunch:Dark_Gi","Nilry\u0027s Codex","PreservedInsect","Strawberry","Centennial Puzzle","Molten Egg 2","qcfpunch:Broken_Tusk","qcfpunch:Not_Strongest_Fighting_Style_Guidebook","Gremlin Horn","Tiny Chest","Peace Pipe","SlaversCollar","Frozen Egg 2","Strange Spoon","Red Mask","Blood Vial","Bottled Lightning","qcfpunch:Red_Headband","Bag of Marbles","qcfpunch:Wrestler\u0027s_Cloak","Bird Faced Urn","qcfpunch:Chain_With_Nametags","War Paint"],"acts_visited":["Exordium","TheCity","TheBeyond"],"potions_floor_usage":[42,50,50,50,50,50,50,50],"damage_taken":[{"damage":0.0,"enemies":"2 Louse","floor":1.0,"turns":3.0},{"damage":0.0,"enemies":"Cultist","floor":4.0,"turns":3.0},{"damage":5.0,"enemies":"3 Sentries","floor":7.0,"turns":3.0},{"damage":12.0,"enemies":"Gremlin Nob","floor":8.0,"turns":3.0},{"damage":0.0,"enemies":"Lagavulin","floor":10.0,"turns":3.0},{"damage":0.0,"enemies":"Gremlin Nob","floor":13.0,"turns":3.0},{"damage":20.0,"enemies":"Hexaghost","floor":16.0,"turns":3.0},{"damage":0.0,"enemies":"2 Thieves","floor":18.0,"turns":1.0},{"damage":0.0,"enemies":"Spheric Guardian","floor":19.0,"turns":1.0},{"damage":0.0,"enemies":"Book of Stabbing","floor":22.0,"turns":1.0},{"damage":0.0,"enemies":"Slavers","floor":23.0,"turns":1.0},{"damage":0.0,"enemies":"Gremlin Leader","floor":24.0,"turns":1.0},{"damage":0.0,"enemies":"Book of Stabbing","floor":25.0,"turns":1.0},{"damage":0.0,"enemies":"Slavers","floor":29.0,"turns":1.0},{"damage":0.0,"enemies":"Gremlin Leader","floor":30.0,"turns":1.0},{"damage":0.0,"enemies":"Book of Stabbing","floor":31.0,"turns":1.0},{"damage":0.0,"enemies":"Automaton","floor":33.0,"turns":2.0},{"damage":0.0,"enemies":"3 Darklings","floor":35.0,"turns":1.0},{"damage":0.0,"enemies":"3 Shapes","floor":37.0,"turns":1.0},{"damage":0,"enemies":"Giant Head","floor":40,"turns":1},{"damage":0,"enemies":"Nemesis","floor":42,"turns":1},{"damage":0,"enemies":"Reptomancer","floor":44,"turns":2},{"damage":0,"enemies":"2 Orb Walkers","floor":45,"turns":1},{"damage":0,"enemies":"Maw","floor":46,"turns":2},{"damage":0,"enemies":"Nemesis","floor":48,"turns":1},{"damage":0,"enemies":"Awakened One","floor":50,"turns":2}],"seed_played":"8894850860847442984","potions_obtained":[{"floor":4.0,"key":"blueLaboratory:NullPotion"},{"floor":7.0,"key":"Energy Potion"},{"floor":16.0,"key":"blueLaboratory:EnvenomedCoating"},{"floor":18.0,"key":"GamblersBrew"},{"floor":19.0,"key":"blueLaboratory:BottledHope"},{"floor":40,"key":"ColorlessPotion"}],"is_trial":true,"path_per_floor":["M","?","?","M","T","R","E","E","T","E","$","R","E","$","R","B",null,"M","M","?","?","E","E","E","E","T","R","T","E","E","E","R","B",null,"M","?","M","$","?","E","T","E","T","E","?","M","T","E","R","B",null],"character_chosen":"THE_SILENT","items_purchased":["Pen Nib","Prepared","Backstab","Frozen Egg 2","Infinite Blades+1","Strange Spoon"],"campfire_rested":0,"item_purchase_floors":[11,11,14,38,38,38],"current_hp_per_floor":[70,70,70,70,70,70,65,53,53,53,53,53,53,53,53,33,46,46,46,30,46,46,53,53,53,53,53,53,53,53,53,53,55,55,55,55,55,55,55,55,55,55,55,55,55,55,55,55,55,55],"gold":366,"neow_bonus":"","is_daily":false,"chose_seed":false,"campfire_upgraded":6,"win_rate":0.0,"timestamp":1610682524,"path_taken":["M","?","?","?","?","R","E","?","T","E","$","R","E","$","R","BOSS","M","?","?","?","?","E","E","E","T","R","?","E","E","E","R","BOSS","M","?","?","$","?","E","?","E","T","?","?","?","?","E","R","BOSS"],"items_purchased_type":["Relic","Card","Card","Relic","Card","Relic"],"build_version":"2020-12-22","purchased_purges":0,"victory":true,"max_hp_per_floor":[70,70,70,70,70,70,70,70,70,70,70,70,70,70,70,70,46,46,46,46,46,46,53,53,53,53,53,53,53,53,53,53,55,55,55,55,55,55,55,55,55,55,55,55,55,55,55,55,55,55],"card_choices":[{"not_picked":["Slice","Prepared"],"picked":"Accuracy","floor":1.0},{"not_picked":["Bane","Catalyst"],"picked":"Deflect","floor":4.0},{"not_picked":["Glass Knife","Grand Finale"],"picked":"Phantasmal Killer","floor":7.0},{"not_picked":["Tools of the Trade","Bullet Time"],"picked":"Storm of Steel","floor":8.0},{"not_picked":["Burst","A Thousand Cuts"],"picked":"Venomology","floor":10.0},{"not_picked":["Corpse Explosion","Storm of Steel"],"picked":"Adrenaline","floor":13.0},{"not_picked":["Night Terror","Tools of the Trade"],"picked":"Venomology","floor":16.0},{"not_picked":["All Out Attack","Prepared","Eviscerate"],"picked":"Singing Bowl","floor":18.0},{"not_picked":["Deadly Poison","Backflip"],"picked":"Cloak And Dagger","floor":19.0},{"not_picked":["Doppelganger","Corpse Explosion","A Thousand Cuts"],"picked":"Singing Bowl","floor":22.0},{"not_picked":["Envenom","Wraith Form v2"],"picked":"Adrenaline","floor":23.0},{"not_picked":["Phantasmal Killer","Unload","Die Die Die"],"picked":"Singing Bowl","floor":24.0},{"not_picked":["Venomology","Unload+1","Night Terror"],"picked":"SKIP","floor":25.0},{"not_picked":["Tools of the Trade","Burst","Phantasmal Killer"],"picked":"SKIP","floor":29.0},{"not_picked":["Wraith Form v2","Night Terror","Malaise"],"picked":"SKIP","floor":30.0},{"not_picked":["Doppelganger","A Thousand Cuts"],"picked":"Adrenaline","floor":31.0},{"not_picked":["Dodge and Roll+1","Acrobatics","Deadly Poison+1"],"picked":"Singing Bowl","floor":35.0},{"not_picked":["Flying Knee+1","Underhanded Strike+1"],"picked":"Accuracy+1","floor":37.0},{"not_picked":["Die Die Die+1","A Thousand Cuts+1"],"picked":"Storm of Steel","floor":40},{"not_picked":["Glass Knife+1","Burst"],"picked":"After Image+1","floor":42},{"not_picked":["Adrenaline","Corpse Explosion","Terror"],"picked":"Singing Bowl","floor":44},{"not_picked":["Tools of the Trade+1","Doppelganger","A Thousand Cuts+1"],"picked":"SKIP","floor":44},{"not_picked":["Deflect","Dagger Throw+1","Terror"],"picked":"SKIP","floor":46},{"not_picked":["Venomology","Malaise","Phantasmal Killer"],"picked":"SKIP","floor":48}],"player_experience":218426,"relics_obtained":[{"floor":5.0,"key":"Ornamental Fan"},{"floor":7.0,"key":"Boot"},{"floor":8.0,"key":"Dead Branch"},{"floor":9.0,"key":"sagemod:Singing_Vial"},{"floor":10.0,"key":"Nunchaku"},{"floor":13.0,"key":"Vajra"},{"floor":20.0,"key":"Nilry\u0027s Codex"},{"floor":22.0,"key":"PreservedInsect"},{"floor":23.0,"key":"Strawberry"},{"floor":24.0,"key":"Centennial Puzzle"},{"floor":25.0,"key":"Molten Egg 2"},{"floor":26.0,"key":"qcfpunch:Broken_Tusk"},{"floor":28.0,"key":"qcfpunch:Not_Strongest_Fighting_Style_Guidebook"},{"floor":29.0,"key":"Gremlin Horn"},{"floor":30.0,"key":"Tiny Chest"},{"floor":31.0,"key":"Peace Pipe"},{"floor":40,"key":"Blood Vial"},{"floor":41,"key":"Bottled Lightning"},{"floor":42,"key":"qcfpunch:Red_Headband"},{"floor":43,"key":"Bag of Marbles"},{"floor":44,"key":"qcfpunch:Wrestler\u0027s_Cloak"},{"floor":45,"key":"Bird Faced Urn"},{"floor":47,"key":"qcfpunch:Chain_With_Nametags"},{"floor":48,"key":"War Paint"}],"event_choices":[{"damage_healed":0.0,"max_hp_gain":0.0,"max_hp_loss":0.0,"gold_gain":0.0,"event_name":"The Cleric","player_choice":"Leave","floor":2.0,"gold_loss":0.0,"damage_taken":0.0},{"damage_healed":0.0,"max_hp_gain":0.0,"max_hp_loss":0.0,"gold_gain":0.0,"cards_transformed":["Outmaneuver"],"event_name":"Transmorgrifier","player_choice":"Transformed","floor":3.0,"gold_loss":0.0,"damage_taken":0.0,"cards_obtained":["PiercingWail"]},{"damage_healed":0.0,"max_hp_gain":0.0,"max_hp_loss":0.0,"gold_gain":0.0,"event_name":"Cursed Tome","player_choice":"Obtained Book","floor":20.0,"gold_loss":0.0,"damage_taken":16.0},{"cards_removed":["Underhanded Strike"],"damage_healed":0.0,"max_hp_gain":0.0,"max_hp_loss":0.0,"gold_gain":0.0,"event_name":"Falling","player_choice":"Removed Attack","floor":36.0,"gold_loss":0.0,"damage_taken":0.0},{"damage_healed":0,"gold_gain":0,"player_choice":"Paid","damage_taken":0,"relics_obtained":["Red Mask"],"max_hp_gain":0,"max_hp_loss":0,"event_name":"Tomb of Lord Red Mask","floor":39,"gold_loss":14},{"damage_healed":0,"gold_gain":0,"player_choice":"Fight","damage_taken":0,"max_hp_gain":0,"max_hp_loss":0,"event_name":"Mysterious Sphere","floor":45,"gold_loss":0}],"is_beta":false,"boss_relics":[{"not_picked":["Fusion Hammer","Busted Crown"],"picked":"qcfpunch:Dark_Gi"},{"not_picked":["Tiny House","Snecko Eye"],"picked":"SlaversCollar"}],"items_purged_floors":[],"is_endless":false,"potions_floor_spawned":[4,7,16,18,19,23,25,29,40,42,44,45],"ascension_level":0}}