{"host":"p08oqmr389b4tgxi","time":1610671605,"event":{"mods":["Act Like it!","BaseMod","CapriCore","Colored Powertips","Gensokyo","Hallownest","Luminous","Minty Spire (QoL Compilation)","Quick Restart","Relic Stats","StSLib","The Immortal","UnlockEverythingMod","Yakumo Yukari mod","¡¾ÒÅÎï¿¨ÅÆ¡¿REMEMod"],"gold_per_floor":[118,130,15,15,27,27,27,27,27,27,27],"floor_reached":9,"language":"ZHS","playtime":251,"items_purged":[],"score":51,"play_id":"7f7079ec-f43e-4197-bd7a-a4d15990671a","local_time":"20210115084645","is_ascension_mode":false,"campfire_choices":[{"data":"MokouMod:BurningDraft","floor":6.0,"key":"SMITH"}],"circlet_count":0,"master_deck":["MokouMod:Strike","MokouMod:Strike","MokouMod:Strike","MokouMod:Strike","MokouMod:Defend","MokouMod:Defend","MokouMod:Defend","MokouMod:Defend","MokouMod:HeatSpark","Gensokyo:MorningStar","MokouMod:BurningDraft+1","MokouMod:HeatCyclone"],"relics":["MokouMod:PhoenixFeather","REME_ComplimentaryCards","NeowsBlessing","Odd Mushroom"],"acts_visited":["Exordium"],"potions_floor_usage":[],"damage_taken":[{"damage":0.0,"enemies":"Hallownest:2_Tiktiks_and_1_Crawlid","floor":1.0,"turns":2.0},{"damage":0.0,"enemies":"Hallownest:monsterHuskWarrior","floor":2.0,"turns":1.0},{"damage":0.0,"enemies":"2_ Uuma","floor":5.0,"turns":1.0},{"damage":0,"enemies":"Hallownest:BossBrokenVessel","floor":9,"turns":1}],"seed_played":"-5021941918046602276","potions_obtained":[{"floor":1.0,"key":"REME_GoldPotion"},{"floor":5.0,"key":"Energy Potion"}],"is_trial":false,"path_per_floor":["M","M","?","?","M","R","?","?","B"],"character_chosen":"MKU","items_purchased":[],"campfire_rested":0,"item_purchase_floors":[],"current_hp_per_floor":[75,75,75,75,75,75,75,75,75,75,75],"gold":27,"neow_bonus":"THREE_ENEMY_KILL","is_daily":false,"chose_seed":false,"campfire_upgraded":1,"win_rate":0.0,"timestamp":1610671605,"path_taken":["M","M","?","?","M","R","?","?","BOSS"],"items_purchased_type":[],"build_version":"2020-12-22","purchased_purges":0,"victory":false,"max_hp_per_floor":[75,75,75,75,75,75,75,75,75,75,75],"relic_stats":{"counters":[4,4],"obtain_stats":[{"NeowsBlessing":0,"MokouMod:PhoenixFeather":0,"Odd Mushroom":3,"REME_ComplimentaryCards":0},{"NeowsBlessing":0,"MokouMod:PhoenixFeather":0,"Odd Mushroom":2,"REME_ComplimentaryCards":0},{"NeowsBlessing":0,"MokouMod:PhoenixFeather":0,"Odd Mushroom":3,"REME_ComplimentaryCards":0}]},"card_choices":[{"not_picked":["MokouMod:FusionFlare","MokouMod:IndiscriminateIgnition"],"picked":"MokouMod:BurningDraft","floor":1.0},{"not_picked":["MokouMod:InfernalWave","MokouMod:Trailblazer","MokouMod:CrimsonArmoury"],"picked":"SKIP","floor":2.0},{"not_picked":["MokouMod:IndiscriminateIgnition","MokouMod:FlickeringFlame","MokouMod:RoaringFlare"],"picked":"SKIP","floor":5.0}],"player_experience":53821,"relics_obtained":[],"event_choices":[],"is_beta":false,"boss_relics":[],"items_purged_floors":[],"is_endless":false,"potions_floor_spawned":[1,5],"killed_by":"Hallownest:BossBrokenVessel","ascension_level":0}}