{"host":"h1qktzcccqnez8tx","time":1610713036,"event":{"mods":["BaseMod","Block Reminder","Colored Map","Colored Powertips","Curses Come First","Downfall","Highlight Path","Jorbs\u0027s Wanderer Trilogy","Minty Spire (QoL Compilation)","Permanent Neow","Quick Restart","Relic Stats","Replay The Spire","Say the Spire","Shade Mod","StSLib","The Cursed","The Disciple","The Hierophant","The Marked","The Necromancer","The Servant 0.9.4","TheSwordswoman"],"gold_per_floor":[113,125,141,160,170,170,205,219,219,238,257,276,241,261,261,359,359,377,393,136,151,0,25,39,58,58,58,58,58,71,84,84,84,84],"floor_reached":33,"language":"ENG","playtime":2349,"items_purged":[],"score":299,"play_id":"bfa25785-7aae-445a-90df-f4c59a392eb3","local_time":"20210115131716","is_ascension_mode":false,"campfire_choices":[{"data":"Neutralize","floor":6,"key":"SMITH"},{"floor":15,"key":"REST"},{"floor":27,"key":"REST"},{"floor":32,"key":"REST"}],"circlet_count":0,"master_deck":["Strike_G","Strike_G","Strike_G","Strike_G","Strike_G","Defend_G","Defend_G","Defend_G+1","Defend_G","Defend_G","Survivor","Neutralize+1","Dagger Spray","PiercingWail","Blade Dance","Crippling Poison","Prepared+1","Poisoned Stab","Backstab","Poisoned Stab","Poisoned Stab","PiercingWail","PiercingWail","ReplayTheSpireMod:Speed Training+1","After Image","Dagger Spray","Slice","Blur+1","ReplayTheSpireMod:Speed Training+1"],"relics":["Ring of Chaos","Basket Of Snakes","TungstenRod","Honey Jar","Replay:Wax Seal","War Paint","Pear","Letter Opener"],"acts_visited":["Exordium","TheCity"],"potions_floor_usage":[28,28,31,33],"damage_taken":[{"damage":0,"enemies":"Cultist","floor":1,"turns":4},{"damage":0,"enemies":"2 Louse","floor":2,"turns":2},{"damage":6,"enemies":"Jaw Worm","floor":3,"turns":3},{"damage":10,"enemies":"Exordium Thugs","floor":4,"turns":4},{"damage":0,"enemies":"3 Louse","floor":5,"turns":2},{"damage":28,"enemies":"Lagavulin","floor":7,"turns":9},{"damage":0,"enemies":"Large Slime","floor":8,"turns":5},{"damage":8,"enemies":"Looter","floor":10,"turns":4},{"damage":1,"enemies":"3 Louse","floor":11,"turns":4},{"damage":9,"enemies":"Large Slime","floor":12,"turns":5},{"damage":0,"enemies":"Exordium Thugs","floor":14,"turns":5},{"damage":42,"enemies":"The Guardian","floor":16,"turns":16},{"damage":5,"enemies":"3 Byrds","floor":18,"turns":5},{"damage":0,"enemies":"Chosen","floor":19,"turns":4},{"damage":5,"enemies":"3 Cultists","floor":21,"turns":5},{"damage":25,"enemies":"Book of Stabbing","floor":23,"turns":8},{"damage":23,"enemies":"Sentry and Sphere","floor":24,"turns":7},{"damage":6,"enemies":"Snecko","floor":25,"turns":5},{"damage":0,"enemies":"Slavers","floor":28,"turns":1},{"damage":0,"enemies":"Snake Plant","floor":30,"turns":6},{"damage":29,"enemies":"3 Cultists","floor":31,"turns":6},{"damage":35,"enemies":"Champ","floor":33,"turns":21}],"seed_played":"457092633269632117","potions_obtained":[{"floor":1,"key":"Swift Potion"},{"floor":7,"key":"Weak Potion"},{"floor":8,"key":"Languid Potion"},{"floor":10,"key":"Dexterity Potion"},{"floor":21,"key":"Block Potion"},{"floor":23,"key":"DuplicationPotion"},{"floor":25,"key":"SmokeBomb"}],"is_trial":false,"path_per_floor":["M","M","M","M","M","R","E","M","T","M","M","M","?","M","R","B",null,"M","M","$","M","?","E","M","M","T","R","E","$","M","M","R","B"],"character_chosen":"THE_SILENT","items_purchased":["Replay:Wax Seal","War Paint","PiercingWail"],"campfire_rested":3,"item_purchase_floors":[20,20,20],"current_hp_per_floor":[70,70,64,54,54,54,26,26,26,18,17,8,25,25,46,4,70,65,65,65,60,60,45,22,16,16,40,40,40,40,11,35,0,0],"gold":84,"neow_bonus":"BOSS_RELIC","is_daily":false,"chose_seed":false,"campfire_upgraded":1,"win_rate":0.0,"timestamp":1610713036,"path_taken":["M","M","M","M","?","R","E","M","T","M","M","M","?","M","R","BOSS","M","M","$","M","?","E","M","M","T","R","E","$","M","M","R","BOSS"],"items_purchased_type":["Relic","Relic","Card"],"build_version":"2020-12-22","purchased_purges":0,"victory":false,"max_hp_per_floor":[70,70,70,70,70,70,70,70,70,70,70,70,70,70,70,70,70,70,70,70,70,70,80,80,80,80,80,80,80,80,80,80,80,80],"relic_stats":{"counters":[22,131],"Letter Opener":[41],"War Paint":["Defend_G","Prepared"],"obtain_stats":[{"Pear":23,"Basket Of Snakes":7,"Honey Jar":17,"Ring of Chaos":0,"Letter Opener":26,"Replay:Wax Seal":20,"War Paint":20,"TungstenRod":9,"Ring of the Snake":0},{"Pear":16,"Basket Of Snakes":6,"Honey Jar":12,"Ring of Chaos":0,"Letter Opener":18,"Replay:Wax Seal":14,"War Paint":14,"TungstenRod":7,"Ring of the Snake":0},{"Pear":85,"Basket Of Snakes":24,"Honey Jar":63,"Ring of Chaos":0,"Letter Opener":97,"Replay:Wax Seal":72,"War Paint":72,"TungstenRod":29,"Ring of the Snake":0}],"TungstenRod":52},"card_choices":[{"not_picked":["Eviscerate","PiercingWail"],"picked":"Dagger Spray","floor":1},{"not_picked":["Blur","Outmaneuver"],"picked":"PiercingWail","floor":2},{"not_picked":["Deflect","Prepared"],"picked":"Blade Dance","floor":3},{"not_picked":["Dodge and Roll","Distraction"],"picked":"Crippling Poison","floor":4},{"not_picked":["Outmaneuver","Dodge and Roll","Deflect"],"picked":"SKIP","floor":5},{"not_picked":["Outmaneuver","Dodge and Roll","Deflect"],"picked":"SKIP","floor":5},{"not_picked":["Caltrops","ReplayTheSpireMod:Exploit Weakness"],"picked":"Prepared","floor":7},{"not_picked":["Escape Plan","Dodge and Roll"],"picked":"Poisoned Stab","floor":8},{"not_picked":["Sucker Punch","Dagger Throw","Hidden Blade"],"picked":"SKIP","floor":10},{"not_picked":["Skewer","ReplayTheSpireMod:Shiv Toss","Tactician"],"picked":"SKIP","floor":11},{"not_picked":["Noxious Fumes","Escape Plan"],"picked":"Backstab","floor":12},{"not_picked":["Choke","Expertise"],"picked":"Poisoned Stab","floor":14},{"not_picked":["Acrobatics+1","Predator","Dodge and Roll"],"picked":"Poisoned Stab","floor":18},{"not_picked":["Prepared","Deadly Poison","Underhanded Strike"],"picked":"PiercingWail","floor":19},{"not_picked":["Adrenaline","Quick Slash","Flying Knee"],"picked":"ReplayTheSpireMod:Speed Training+1","floor":21},{"not_picked":["Dagger Spray","ReplayTheSpireMod:Speed Training","Acrobatics+1"],"picked":"After Image","floor":23},{"not_picked":["Reflex","ReplayTheSpireMod:Exploit Weakness","Heel Hook+1"],"picked":"Dagger Spray","floor":24},{"not_picked":["PiercingWail+1","Poisoned Stab+1","Acrobatics"],"picked":"Slice","floor":25},{"not_picked":["Outmaneuver","Catalyst","Phantasmal Killer"],"picked":"Blur+1","floor":30},{"not_picked":["Terror","Flying Knee","Draining Mist"],"picked":"ReplayTheSpireMod:Speed Training+1","floor":31}],"player_experience":56197,"relics_obtained":[{"floor":7,"key":"Basket Of Snakes"},{"floor":9,"key":"TungstenRod"},{"floor":23,"key":"Pear"},{"floor":26,"key":"Letter Opener"}],"event_choices":[{"damage_healed":17,"gold_gain":0,"player_choice":"Healed","damage_taken":0,"max_hp_gain":0,"max_hp_loss":0,"event_name":"The Cleric","floor":13,"gold_loss":35},{"damage_healed":0,"gold_gain":0,"player_choice":"Paid Fearfully","damage_taken":0,"max_hp_gain":0,"max_hp_loss":0,"event_name":"Masked Bandits","floor":22,"gold_loss":151}],"is_beta":false,"boss_relics":[{"not_picked":["Replay:Wanted Poster","Replay:Grab Bag"],"picked":"Honey Jar"}],"items_purged_floors":[],"is_endless":false,"potions_floor_spawned":[1,7,8,10,11,12,14,21,23,25,28],"killed_by":"Champ","ascension_level":0}}