{"host":"b7j598ve05halrwk","time":1610693032,"event":{"mods":["2.2 Compatiblity","BaseMod","Block Reminder","DeckTracker","Minty Spire (QoL Compilation)","Relic Stats","Slay the Relics Exporter","StSLib","ojb\u0027s Better Paths Mod","ojb\u0027s Info Mod"],"gold_per_floor":[119,133,57,57,71,71,97,115,115,115,166,194,204,232,232,311,311,328,361,443,149,160,190,190,216,243,269,269,303,40,40,40,112,162,175,199,213,226,61,89,89,136,136,167,183,183,210,222,222,222,222,222],"floor_reached":51,"language":"ENG","playtime":4820,"items_purged":["Strike_B","Strike_B","Writhe"],"score":1658,"play_id":"b70029e1-f004-4185-b3b4-796ca74fa9dd","local_time":"20210115014352","is_ascension_mode":true,"campfire_choices":[{"data":"Doom and Gloom","floor":6.0,"key":"SMITH"},{"data":"Go for the Eyes","floor":10.0,"key":"SMITH"},{"data":"Conserve Battery","floor":15.0,"key":"SMITH"},{"data":"Consume","floor":24,"key":"SMITH"},{"floor":32,"key":"REST"},{"floor":41,"key":"REST"},{"floor":49,"key":"RECALL"}],"circlet_count":0,"master_deck":["AscendersBane","Strike_B","Strike_B","Defend_B","Defend_B","Defend_B","Zap","Dualcast","Sweeping Beam","Cold Snap","Doom and Gloom+1","Ball Lightning","Electrodynamics+1","Go for the Eyes+1","Conserve Battery+1","Electrodynamics","Leap","Buffer","Auto Shields","Conserve Battery+1","Consume+1","Chill+1","Lockon","Reinforced Body","Echo Form+1","Compile Driver+1","BootSequence","Auto Shields+1","Buffer+1","White Noise","Heatsinks+1"],"relics":["Cracked Core","HornCleat","Bronze Scales","Darkstone Periapt","Lantern","White Beast Statue","Runic Dome","Red Mask","Eternal Feather","Lee\u0027s Waffle","Tiny Chest","Blood Vial","Oddly Smooth Stone","War Paint","Gremlin Horn","Dream Catcher","Frozen Egg 2","Tiny House","Thread and Needle","CaptainsWheel","InkBottle","Toy Ornithopter","Calipers"],"acts_visited":["Exordium","TheCity","TheBeyond"],"potions_floor_usage":[23,25,27,27,29,33,35,38,40,40,42,45,47,47,50,50],"damage_taken":[{"damage":2.0,"enemies":"Cultist","floor":1.0,"turns":4.0},{"damage":7.0,"enemies":"Small Slimes","floor":2.0,"turns":3.0},{"damage":7.0,"enemies":"Jaw Worm","floor":5.0,"turns":3.0},{"damage":9.0,"enemies":"Lagavulin","floor":7.0,"turns":5.0},{"damage":1.0,"enemies":"2 Fungi Beasts","floor":8.0,"turns":3.0},{"damage":11.0,"enemies":"3 Sentries","floor":12.0,"turns":3.0},{"damage":0.0,"enemies":"Exordium Thugs","floor":13.0,"turns":3.0},{"damage":11.0,"enemies":"Gremlin Nob","floor":14.0,"turns":4.0},{"damage":11.0,"enemies":"The Guardian","floor":16.0,"turns":11.0},{"damage":11.0,"enemies":"2 Thieves","floor":18.0,"turns":2.0},{"damage":0.0,"enemies":"Masked Bandits","floor":19.0,"turns":3.0},{"damage":11.0,"enemies":"Spheric Guardian","floor":22.0,"turns":4.0},{"damage":24,"enemies":"Book of Stabbing","floor":23,"turns":5},{"damage":21,"enemies":"Slavers","floor":25,"turns":2},{"damage":16,"enemies":"Book of Stabbing","floor":27,"turns":5},{"damage":13,"enemies":"Gremlin Leader","floor":29,"turns":5},{"damage":51,"enemies":"Automaton","floor":33,"turns":12},{"damage":0,"enemies":"Orb Walker","floor":35,"turns":4},{"damage":48,"enemies":"3 Darklings","floor":37,"turns":4},{"damage":0,"enemies":"Sphere and 2 Shapes","floor":38,"turns":4},{"damage":10,"enemies":"Nemesis","floor":40,"turns":11},{"damage":4,"enemies":"2 Orb Walkers","floor":42,"turns":3},{"damage":0,"enemies":"Reptomancer","floor":44,"turns":5},{"damage":17,"enemies":"Transient","floor":45,"turns":6},{"damage":50,"enemies":"Giant Head","floor":47,"turns":11},{"damage":0,"enemies":"4 Shapes","floor":48,"turns":5},{"damage":62,"enemies":"Awakened One","floor":50,"turns":19},{"damage":17,"enemies":"Time Eater","floor":51,"turns":20}],"seed_played":"-2013814576415331437","potions_obtained":[{"floor":2.0,"key":"LiquidMemories"},{"floor":8.0,"key":"FocusPotion"},{"floor":16.0,"key":"Strength Potion"},{"floor":18.0,"key":"PotionOfCapacity"},{"floor":19.0,"key":"Swift Potion"},{"floor":22.0,"key":"DistilledChaos"},{"floor":23,"key":"Swift Potion"},{"floor":25,"key":"SkillPotion"},{"floor":27,"key":"GamblersBrew"},{"floor":29,"key":"GamblersBrew"},{"floor":33,"key":"FearPotion"},{"floor":34,"key":"PowerPotion"},{"floor":35,"key":"Explosive Potion"},{"floor":37,"key":"Fruit Juice"},{"floor":38,"key":"SkillPotion"},{"floor":40,"key":"ColorlessPotion"},{"floor":42,"key":"Regen Potion"},{"floor":44,"key":"SkillPotion"},{"floor":45,"key":"EntropicBrew"}],"is_trial":false,"path_per_floor":["M","M","$","T","M","R","E","M","T","R","?","E","M","E","R","B",null,"M","?","T","$","M","E","R","E","T","E","?","E","$","?","R","B",null,"M","T","M","M","$","E","R","?","T","E","M","?","E","M","R","B","B"],"character_chosen":"DEFECT","items_purchased":["Doom and Gloom","Lee\u0027s Waffle","Conserve Battery","Dream Catcher","BootSequence"],"campfire_rested":2,"item_purchase_floors":[3,21,21,30,39],"current_hp_per_floor":[69,62,62,62,55,55,46,45,45,45,45,34,34,23,23,12,62,51,51,51,85,74,50,62,41,41,27,27,16,16,22,64,15,77,79,79,33,40,40,32,77,75,75,77,82,82,44,46,64,14,0,0],"gold":222,"neow_bonus":"TEN_PERCENT_HP_BONUS","is_daily":false,"chose_seed":false,"campfire_upgraded":4,"win_rate":0.0,"timestamp":1610693032,"path_taken":["M","M","?","?","M","R","E","M","T","R","?","E","?","E","R","BOSS","M","?","?","$","M","E","R","E","T","E","?","E","?","?","R","BOSS","M","?","M","M","$","E","R","?","T","E","M","?","E","M","R","BOSS","BOSS"],"items_purchased_type":["Card","Relic","Card","Relic","Card"],"build_version":"2020-12-22","purchased_purges":3,"victory":false,"max_hp_per_floor":[78,78,78,78,78,78,78,78,78,78,78,78,78,78,78,78,78,78,78,78,85,85,85,85,85,85,85,85,85,85,91,91,91,96,96,96,96,101,101,101,101,101,101,101,101,101,101,101,101,101,101,101],"relic_stats":{"Darkstone Periapt":6,"Lee\u0027s Waffle":34,"Gremlin Horn":[16,16],"counters":[28,169],"Eternal Feather":60,"War Paint":["Conserve Battery","Defend_B"],"Blood Vial":28,"Dream Catcher":2,"Bronze Scales":[571],"Tiny Chest":1,"obtain_stats":[{"Darkstone Periapt":9,"Lantern":12,"Lee\u0027s Waffle":21,"Tiny House":34,"Calipers":47,"Gremlin Horn":29,"Oddly Smooth Stone":26,"Eternal Feather":20,"Thread and Needle":40,"War Paint":27,"Frozen Egg 2":31,"White Beast Statue":14,"Blood Vial":25,"Runic Dome":17,"Dream Catcher":30,"CaptainsWheel":42,"HornCleat":4,"Bronze Scales":7,"Tiny Chest":23,"Red Mask":19,"Cracked Core":0,"InkBottle":43,"Toy Ornithopter":44},{"Darkstone Periapt":5,"Lantern":6,"Lee\u0027s Waffle":11,"Tiny House":17,"Calipers":25,"Gremlin Horn":16,"Oddly Smooth Stone":14,"Eternal Feather":11,"Thread and Needle":21,"War Paint":15,"Frozen Egg 2":16,"White Beast Statue":8,"Blood Vial":14,"Runic Dome":9,"Dream Catcher":16,"CaptainsWheel":22,"HornCleat":2,"Bronze Scales":4,"Tiny Chest":13,"Red Mask":11,"Cracked Core":0,"InkBottle":22,"Toy Ornithopter":23},{"Darkstone Periapt":18,"Lantern":21,"Lee\u0027s Waffle":44,"Tiny House":77,"Calipers":125,"Gremlin Horn":65,"Oddly Smooth Stone":55,"Eternal Feather":44,"Thread and Needle":100,"War Paint":60,"Frozen Egg 2":65,"White Beast Statue":28,"Blood Vial":55,"Runic Dome":39,"Dream Catcher":65,"CaptainsWheel":103,"HornCleat":7,"Bronze Scales":15,"Tiny Chest":53,"Red Mask":44,"Cracked Core":0,"InkBottle":103,"Toy Ornithopter":108}],"InkBottle":[25],"Toy Ornithopter":25},"card_choices":[{"not_picked":["Stack","Hologram"],"picked":"Sweeping Beam","floor":1.0},{"not_picked":["Beam Cell","Go for the Eyes"],"picked":"Cold Snap","floor":2.0},{"not_picked":["Double Energy","Barrage"],"picked":"Ball Lightning","floor":5.0},{"not_picked":["Barrage","Coolheaded"],"picked":"Electrodynamics","floor":7.0},{"not_picked":["Stack","Barrage"],"picked":"Go for the Eyes","floor":8.0},{"not_picked":["Coolheaded","Loop"],"picked":"Conserve Battery","floor":12.0},{"not_picked":["Recycle","Doom and Gloom"],"picked":"Electrodynamics","floor":13.0},{"not_picked":["Reprogram","Tempest"],"picked":"Leap","floor":14.0},{"not_picked":["Hyperbeam","Machine Learning"],"picked":"Buffer","floor":16.0},{"not_picked":["Compile Driver","Fusion","Rebound"],"picked":"SKIP","floor":18.0},{"not_picked":["Redo","Cold Snap"],"picked":"Auto Shields","floor":19.0},{"not_picked":["Hologram","Ball Lightning"],"picked":"Consume","floor":22.0},{"not_picked":["Leap","Ball Lightning","Turbo"],"picked":"SKIP","floor":23},{"not_picked":["Steam","Rebound","Amplify"],"picked":"SKIP","floor":25},{"not_picked":["Redo","Reinforced Body"],"picked":"Chill+1","floor":27},{"not_picked":["Skim","Go for the Eyes"],"picked":"Lockon","floor":29},{"not_picked":["Reprogram","Hologram"],"picked":"Reinforced Body","floor":32},{"not_picked":["Rainbow","Machine Learning+1"],"picked":"Echo Form+1","floor":33},{"not_picked":["Storm+1","Go for the Eyes"],"picked":"Compile Driver+1","floor":34},{"not_picked":["Compile Driver","Gash","Redo"],"picked":"SKIP","floor":35},{"not_picked":["Redo","Turbo+1","Gash+1"],"picked":"SKIP","floor":37},{"not_picked":["Go for the Eyes","Coolheaded","Ball Lightning"],"picked":"SKIP","floor":38},{"not_picked":["Compile Driver+1","Recycle+1"],"picked":"Auto Shields+1","floor":40},{"not_picked":["Conserve Battery","BootSequence"],"picked":"Buffer+1","floor":42},{"not_picked":["Streamline","Gash+1","Barrage+1"],"picked":"SKIP","floor":44},{"not_picked":["Rebound","Streamline"],"picked":"White Noise","floor":45},{"not_picked":["Redo","Barrage+1"],"picked":"Heatsinks+1","floor":47},{"not_picked":["Consume","Beam Cell","Ball Lightning"],"picked":"SKIP","floor":48}],"player_experience":965893,"relics_obtained":[{"floor":4.0,"key":"HornCleat"},{"floor":7.0,"key":"Bronze Scales"},{"floor":9.0,"key":"Darkstone Periapt"},{"floor":12.0,"key":"Lantern"},{"floor":14.0,"key":"White Beast Statue"},{"floor":19.0,"key":"Red Mask"},{"floor":20.0,"key":"Eternal Feather"},{"floor":23,"key":"Tiny Chest"},{"floor":25,"key":"Blood Vial"},{"floor":26,"key":"Oddly Smooth Stone"},{"floor":27,"key":"War Paint"},{"floor":29,"key":"Gremlin Horn"},{"floor":40,"key":"Thread and Needle"},{"floor":42,"key":"CaptainsWheel"},{"floor":43,"key":"InkBottle"},{"floor":44,"key":"Toy Ornithopter"},{"floor":47,"key":"Calipers"}],"event_choices":[{"damage_healed":0.0,"max_hp_gain":0.0,"max_hp_loss":0.0,"gold_gain":51.0,"event_name":"Golden Wing","player_choice":"Gained Gold","floor":11.0,"gold_loss":0.0,"damage_taken":0.0},{"damage_healed":0.0,"max_hp_gain":0.0,"max_hp_loss":0.0,"gold_gain":0.0,"event_name":"Masked Bandits","player_choice":"Fought Bandits","floor":19.0,"gold_loss":0.0,"damage_taken":0.0},{"damage_healed":0,"gold_gain":0,"player_choice":"Ignored","damage_taken":0,"max_hp_gain":0,"max_hp_loss":0,"event_name":"Cursed Tome","floor":28,"gold_loss":0},{"damage_healed":0,"gold_gain":0,"player_choice":"Opened","damage_taken":0,"relics_obtained":["Frozen Egg 2"],"max_hp_gain":0,"max_hp_loss":0,"event_name":"The Mausoleum","floor":31,"gold_loss":0,"cards_obtained":["Writhe"]},{"damage_healed":0,"gold_gain":0,"player_choice":"Fight","damage_taken":0,"max_hp_gain":0,"max_hp_loss":0,"event_name":"Mysterious Sphere","floor":42,"gold_loss":0},{"cards_removed":["Defend_B"],"damage_healed":0,"gold_gain":0,"player_choice":"Removed Skill","damage_taken":0,"max_hp_gain":0,"max_hp_loss":0,"event_name":"Falling","floor":46,"gold_loss":0}],"is_beta":false,"boss_relics":[{"not_picked":["Nuclear Battery","SlaversCollar"],"picked":"Runic Dome"},{"not_picked":["Sozu","FrozenCore"],"picked":"Tiny House"}],"items_purged_floors":[21,30,39],"is_endless":false,"potions_floor_spawned":[2,8,12,13,16,18,19,22,23,25,27,29,33,35,37,38,40,42,44,45,47,48],"killed_by":"Time Eater","ascension_level":20}}