{"host":"qa029bqsloh3rj2z","time":1610682597,"event":{"mods":["AchievementEnabler","BaseMod","Colored Map","Colored Powertips","DeckTracker","Fox Events","Minty Spire (QoL Compilation)","Permanent Neow","StSLib","Waifu the Spire","篝火指南"],"gold_per_floor":[114,133,145,70,70,145,161,61,61,86,86,119,119,137,12,12,12],"floor_reached":16,"language":"ENG","playtime":904,"items_purged":["Defend_R","Strike_R","Defend_R"],"score":150,"play_id":"c690e5c9-5fb0-4e3b-929b-5bb61900bfcb","local_time":"20210114224957","is_ascension_mode":false,"campfire_choices":[{"floor":11,"key":"REST"}],"circlet_count":0,"master_deck":["Strike_R","Strike_R","Strike_R","Strike_R","Defend_R+1","Defend_R+1","Bash","Thunderclap","Shrug It Off","Limit Break"],"relics":["Runic Pyramid","Pocketwatch","Odd Mushroom","Lizard Tail"],"acts_visited":["Exordium"],"potions_floor_usage":[14,16,16],"damage_taken":[{"damage":5,"enemies":"Cultist","floor":1,"turns":4},{"damage":7,"enemies":"2 Louse","floor":2,"turns":2},{"damage":0,"enemies":"Small Slimes","floor":3,"turns":3},{"damage":12,"enemies":"Looter","floor":7,"turns":3},{"damage":11,"enemies":"The Mushroom Lair","floor":10,"turns":4},{"damage":31,"enemies":"3 Sentries","floor":12,"turns":7},{"damage":9,"enemies":"Large Slime","floor":14,"turns":7},{"damage":82,"enemies":"Slime Boss","floor":16,"turns":9}],"seed_played":"8349445925883447178","potions_obtained":[{"floor":2,"key":"SpeedPotion"},{"floor":7,"key":"FearPotion"},{"floor":12,"key":"Dexterity Potion"}],"is_trial":false,"path_per_floor":["M","M","M","$","?","?","M","$","T","?","R","E","?","M","R","B"],"character_chosen":"IRONCLAD","items_purchased":[],"campfire_rested":1,"item_purchase_floors":[],"current_hp_per_floor":[75,68,68,68,52,41,29,29,29,18,42,11,11,2,2,0,0],"gold":12,"neow_bonus":"BOSS_RELIC","is_daily":false,"chose_seed":false,"campfire_upgraded":0,"win_rate":0.0,"timestamp":1610682597,"path_taken":["M","M","?","$","?","?","M","$","T","?","R","E","?","M","R","BOSS"],"items_purchased_type":[],"build_version":"2020-12-22","purchased_purges":3,"victory":false,"max_hp_per_floor":[80,80,80,80,80,80,80,80,80,80,80,80,80,80,80,80,80],"card_choices":[{"not_picked":["Warcry","Evolve","True Grit"],"picked":"SKIP","floor":1},{"not_picked":["True Grit","Rupture","Sword Boomerang"],"picked":"SKIP","floor":2},{"not_picked":["Heavy Blade","Perfected Strike"],"picked":"Thunderclap","floor":3},{"not_picked":["True Grit","Fire Breathing"],"picked":"Shrug It Off","floor":7},{"not_picked":["Cleave","Clothesline"],"picked":"Limit Break","floor":12},{"not_picked":["Armaments","Burning Pact","Headbutt"],"picked":"SKIP","floor":14}],"player_experience":45678,"relics_obtained":[{"floor":9,"key":"Pocketwatch"},{"floor":10,"key":"Odd Mushroom"},{"floor":12,"key":"Lizard Tail"}],"event_choices":[{"damage_healed":0,"gold_gain":0,"player_choice":"Entered Light","damage_taken":16,"max_hp_gain":0,"max_hp_loss":0,"event_name":"Shining Light","floor":5,"gold_loss":0,"cards_upgraded":["Defend_R","Defend_R"]},{"damage_healed":0,"gold_gain":75,"player_choice":"Gather Gold","damage_taken":11,"max_hp_gain":0,"max_hp_loss":0,"event_name":"World of Goop","floor":6,"gold_loss":0},{"damage_healed":0,"gold_gain":0,"player_choice":"Fought Mushrooms","damage_taken":0,"max_hp_gain":0,"max_hp_loss":0,"event_name":"Mushrooms","floor":10,"gold_loss":0},{"damage_healed":0,"gold_gain":0,"player_choice":"Ignored","damage_taken":0,"max_hp_gain":0,"max_hp_loss":0,"event_name":"Liars Game","floor":13,"gold_loss":0}],"is_beta":false,"boss_relics":[],"items_purged_floors":[4,8,15],"is_endless":false,"potions_floor_spawned":[2,7,12],"killed_by":"Slime Boss","ascension_level":0}}