{"host":"mitik7wjjpoqy3i6","time":1610722324,"event":{"mods":["AchievementEnabler","AlwaysNeverKeys","Aspiration","BaseMod","BetterRewards","Conspire","Custom Start","Dota2Spire","Evolution","Force Act Four","Gold Saver","Hubris","Hyrulean Relics","Minty Spire (QoL Compilation)","Rare Cards Sparkle","Remove Card Discount Mod","Replay The Spire","SacredBarkPlus","Small Relic Pack","Spicy Shops","StSLib","The Animator","The Sage","Trackpad","Transform Curses","Treasure Hunter","??????REMEMod"],"gold_per_floor":[1622,1641,1203,1219,1219,1214,702,718,745,745,736,753,686,686,740,558,558,554,629,619,331,306,300,300,95,95,95,95,47,61,51,51,158,158,175,81,81,98,98,105,105,121,121],"floor_reached":42,"language":"ENG","playtime":6513,"items_purged":[],"score":1141,"play_id":"f5d48648-c208-4ad4-8067-d1fa103dfbe6","local_time":"20210115155204","is_ascension_mode":true,"campfire_choices":[{"floor":10.0,"key":"RECALL"},{"data":"REME_CopyPotion","floor":24.0,"key":"SMITH"},{"data":"REME_GreenPollution","floor":27.0,"key":"SMITH"},{"data":"Envenom","floor":32.0,"key":"SMITH"}],"circlet_count":0,"master_deck":["Strike_G","Strike_G","Strike_G","Strike_G","Strike_G","Defend_G","Defend_G","Defend_G","Defend_G","Defend_G","Survivor","Neutralize","Skim","Choke+1","Caltrops+1","Deadly Poison","TH:CursedSword+1","Underhanded Strike","Pride","Prepared","Poisoned Stab","TH:EnergyPotion+1","Poison Darts","Dagger Spray","Acrobatics","Leg Sweep+1","TH:ArmorSpikes+1","Envenom+1","Poisoned Stab","Pot Of Greed","Pot Of Greed","Pot Of Greed","conspire:PoisonWeapons+1","TH:ElvenBoots+1","REME_CopyPotion+1","REME_GreenPollution+1","TH:EnergyPotion+1","TH:CursedSword+1","Acrobatics","Pot Of Greed","ReplayTheSpireMod:Scrap Shanks","TH:BikiniMail+1","Sucker Punch","TH:CopperCoins+1","REME_CopyPotion","Dodge and Roll+1","Panache","Flying Knee","TH:TreasureMap+1","Poisoned Stab","Flechettes+1"],"relics":["Ring of the Snake","EVO:Axolotl","REME_ComplimentaryCards","hubris:EmptyBottle","conspire:BottledYoYo","REME_PuzzleBoxRelic","Dota2Spire:BattleFury","Eternal Feather","Pen Nib","REME_OnlineShoppingPlatform","trackpad:AncestralArmaments","TH:Anvil","Snake Skull","trackpad:BiPhaseBiplane","Replay:Bottled Eggs","Busted Crown","Grinning Jar","Chemical X","Girya","Membership Card","Mummified Hand","Peace Pipe","Anchor","Honey Jar","relicPack:AllForOne","trackpad:AdjectivePendant"],"acts_visited":["Exordium","TheCity","TheBeyond"],"potions_floor_usage":[],"damage_taken":[{"damage":0.0,"enemies":"Cultist","floor":1.0,"turns":2.0},{"damage":3.0,"enemies":"conspire:RoseBush","floor":2.0,"turns":2.0},{"damage":0.0,"enemies":"2 Louse","floor":4.0,"turns":1.0},{"damage":0.0,"enemies":"Replay:BlueRogue","floor":6.0,"turns":2.0},{"damage":2.0,"enemies":"Red Slaver","floor":8.0,"turns":3.0},{"damage":0.0,"enemies":"Blue Slaver","floor":11.0,"turns":1.0},{"damage":0.0,"enemies":"2 Fungi Beasts","floor":12.0,"turns":2.0},{"damage":0.0,"enemies":"Exordium Thugs","floor":13.0,"turns":1.0},{"damage":7.0,"enemies":"Fading Forest","floor":16.0,"turns":5.0},{"damage":4.0,"enemies":"Shell Parasite","floor":18.0,"turns":3.0},{"damage":6.0,"enemies":"Spheric Guardian","floor":20.0,"turns":3.0},{"damage":5.0,"enemies":"Snecko","floor":22.0,"turns":3.0},{"damage":12.0,"enemies":"Slavers","floor":23.0,"turns":2.0},{"damage":2.0,"enemies":"Gremlin Leader","floor":29.0,"turns":3.0},{"damage":7.0,"enemies":"Cultist and Chosen","floor":30.0,"turns":3.0},{"damage":8.0,"enemies":"Slavers","floor":31.0,"turns":5.0},{"damage":11.0,"enemies":"hubris:MusketHawk","floor":33.0,"turns":4.0},{"damage":0.0,"enemies":"3 Darklings","floor":35.0,"turns":2.0},{"damage":44.0,"enemies":"3 Shapes","floor":38.0,"turns":2.0},{"damage":20.0,"enemies":"R_Hoarder","floor":40.0,"turns":4.0},{"damage":10,"enemies":"Sphere and 2 Shapes","floor":42,"turns":3}],"seed_played":"3949196991810728266","potions_obtained":[{"floor":2.0,"key":"DistilledChaos"},{"floor":35.0,"key":"Venom Potion"}],"is_trial":false,"path_per_floor":["M","M","$","M","?","E","$","M","T","R","M","M","M","?","R","B",null,"M","?","M","$","M","E","R","$","T","R","$","E","M","E","R","B",null,"M","$","?","M","?","E","$","M"],"character_chosen":"THE_SILENT","items_purchased":["hubris:EmptyBottle","conspire:BottledYoYo","REME_PuzzleBoxRelic","Dota2Spire:BattleFury","Eternal Feather","Pen Nib","REME_OnlineShoppingPlatform","trackpad:AncestralArmaments","Caltrops","Snake Skull","Prepared","trackpad:BiPhaseBiplane","Replay:Bottled Eggs","Grinning Jar","Chemical X","Membership Card","REME_GreenPollution","Panache"],"campfire_rested":0,"item_purchase_floors":[0,0,0,0,0,0,3,3,3,7,7,7,7,21,21,25,25,36],"current_hp_per_floor":[29,26,26,26,26,26,26,24,24,36,36,36,36,36,51,62,68,64,57,51,51,46,34,55,55,55,70,70,68,61,53,70,59,67,67,67,67,23,70,50,50,40,40],"gold":121,"neow_bonus":"","is_daily":false,"chose_seed":false,"campfire_upgraded":3,"win_rate":0.0,"timestamp":1610722324,"path_taken":["M","?","$","M","?","E","$","?","T","R","M","M","M","?","R","BOSS","M","?","?","$","M","E","R","$","T","R","$","E","M","E","R","BOSS","M","$","?","M","?","E","?","M"],"items_purchased_type":["Relic","Relic","Relic","Relic","Relic","Relic","Relic","Relic","Card","Relic","Card","Relic","Relic","Relic","Relic","Relic","Card","Card"],"build_version":"2020-12-22","purchased_purges":0,"victory":false,"max_hp_per_floor":[70,70,70,70,70,70,70,70,70,70,70,70,70,70,70,70,70,70,70,70,70,70,70,70,70,70,70,70,70,70,70,70,70,70,70,70,70,70,70,70,70,70,70],"card_choices":[{"not_picked":["Deflect","Deadly Poison"],"picked":"Prepared","floor":1.0},{"not_picked":["Reflex","Replay:Poison Smokescreen"],"picked":"Choke","floor":2.0},{"not_picked":["Hidden Blade","Dodge and Roll"],"picked":"Deadly Poison","floor":4.0},{"not_picked":["TH:TreasureMap"],"picked":"TH:CursedSword","floor":6.0},{"not_picked":["Bane","Well Laid Plans"],"picked":"Underhanded Strike","floor":6.0},{"not_picked":["Dodge and Roll","Well Laid Plans"],"picked":"Poisoned Stab","floor":8.0},{"not_picked":["TH:DeckOfManyThings"],"picked":"TH:EnergyPotion","floor":9.0},{"not_picked":["Eviscerate","Dagger Throw"],"picked":"Poison Darts","floor":11.0},{"not_picked":["Sucker Punch","Deadly Poison"],"picked":"Dagger Spray","floor":12.0},{"not_picked":["Deadly Poison","hubris:Counter"],"picked":"Acrobatics","floor":13.0},{"not_picked":["TH:PixieDust"],"picked":"TH:ArmorSpikes","floor":16.0},{"not_picked":["aspiration:Lunge","Wraith Form v2"],"picked":"Envenom","floor":16.0},{"not_picked":["Blade Dance"],"picked":"SKIP","floor":18.0},{"not_picked":[],"picked":"Poisoned Stab","floor":20.0},{"not_picked":[],"picked":"conspire:PoisonWeapons+1","floor":22.0},{"not_picked":[],"picked":"TH:ElvenBoots","floor":23.0},{"not_picked":[],"picked":"REME_CopyPotion","floor":23.0},{"not_picked":[],"picked":"TH:EnergyPotion","floor":26.0},{"not_picked":[],"picked":"TH:CursedSword","floor":29.0},{"not_picked":[],"picked":"Acrobatics","floor":29.0},{"not_picked":[],"picked":"ReplayTheSpireMod:Scrap Shanks","floor":30.0},{"not_picked":[],"picked":"TH:BikiniMail","floor":31.0},{"not_picked":[],"picked":"Sucker Punch","floor":31.0},{"not_picked":[],"picked":"TH:CopperCoins","floor":33.0},{"not_picked":[],"picked":"REME_CopyPotion","floor":33.0},{"not_picked":["Reflex"],"picked":"Dodge and Roll+1","floor":35.0},{"not_picked":["All Out Attack"],"picked":"Flying Knee","floor":38.0},{"not_picked":[],"picked":"TH:TreasureMap","floor":40},{"not_picked":["Slice"],"picked":"Poisoned Stab","floor":40},{"not_picked":["Cloak And Dagger+1"],"picked":"Flechettes+1","floor":42}],"player_experience":205538,"relics_obtained":[{"floor":6.0,"key":"TH:Anvil"},{"floor":23.0,"key":"Girya"},{"floor":26.0,"key":"Mummified Hand"},{"floor":29.0,"key":"Peace Pipe"},{"floor":31.0,"key":"Anchor"},{"floor":40,"key":"trackpad:AdjectivePendant"}],"event_choices":[{"damage_healed":0.0,"max_hp_gain":0.0,"max_hp_loss":0.0,"gold_gain":0.0,"event_name":"Upgrade Shrine","player_choice":"Upgraded","floor":5.0,"gold_loss":0.0,"damage_taken":0.0,"cards_upgraded":["Choke"]},{"damage_healed":0.0,"max_hp_gain":0.0,"max_hp_loss":0.0,"gold_gain":75.0,"event_name":"FaceTrader","player_choice":"Touch","floor":19.0,"gold_loss":0.0,"damage_taken":7.0},{"damage_healed":47.0,"max_hp_gain":0.0,"max_hp_loss":0.0,"gold_gain":0.0,"event_name":"Wheel of Change","player_choice":"Full Heal","floor":39.0,"gold_loss":0.0,"damage_taken":0.0}],"is_beta":false,"boss_relics":[{"not_picked":["hubris:BlackHole","trackpad:Trackpad"],"picked":"Busted Crown"},{"not_picked":["conspire:RunicOctahedron","Replay:Bronze Core"],"picked":"Honey Jar"}],"items_purged_floors":[],"is_endless":false,"potions_floor_spawned":[2,11,12,13,18,20,31,33,35,40,42],"killed_by":"Sphere and 2 Shapes","ascension_level":5}}