{"host":"opg65mucj6ra7dr1","time":1610711341,"event":{"mods":["BaseMod","DeckTracker","Keyboard Shortcuts","Minty Spire (QoL Compilation)","Permanent Neow","Quick Restart","everything is the same but u backflip on backflip"],"gold_per_floor":[109,127,137,152,152,152,178,178,201,213,241,253,253],"floor_reached":12,"language":"KOR","playtime":236,"items_purged":[],"score":112,"play_id":"52daa541-ced0-4180-afd4-548f8834139f","local_time":"20210115204901","is_ascension_mode":true,"campfire_choices":[{"data":"Armaments","floor":6.0,"key":"SMITH"},{"data":"Cleave","floor":8.0,"key":"SMITH"}],"circlet_count":0,"master_deck":["Strike_R","Strike_R","Strike_R","Strike_R","Defend_R","Defend_R","Defend_R","Defend_R","Bash","Combust+1","Cleave+1","Evolve","Armaments+1","Shrug It Off"],"relics":["Burning Blood","Centennial Puzzle","MawBank"],"acts_visited":["Exordium"],"potions_floor_usage":[12,12],"damage_taken":[{"damage":4.0,"enemies":"Cultist","floor":1.0,"turns":3.0},{"damage":14.0,"enemies":"Jaw Worm","floor":2.0,"turns":2.0},{"damage":1.0,"enemies":"Small Slimes","floor":3.0,"turns":3.0},{"damage":22.0,"enemies":"3 Louse","floor":4.0,"turns":3.0},{"damage":55.0,"enemies":"Lagavulin","floor":7.0,"turns":7.0},{"damage":11.0,"enemies":"Looter","floor":11.0,"turns":3.0},{"damage":13,"enemies":"Gremlin Nob","floor":12,"turns":4}],"seed_played":"-731674294290784286","potions_obtained":[{"floor":2.0,"key":"Swift Potion"},{"floor":3.0,"key":"EntropicBrew"},{"floor":4.0,"key":"BloodPotion"}],"is_trial":false,"path_per_floor":["M","M","M","M","?","R","E","R","T","$","M","E"],"character_chosen":"IRONCLAD","items_purchased":[],"campfire_rested":0,"item_purchase_floors":[],"current_hp_per_floor":[74,66,71,55,55,55,22,22,22,22,17,4,4],"gold":253,"neow_bonus":"TRANSFORM_CARD","is_daily":false,"chose_seed":false,"campfire_upgraded":2,"win_rate":0.0,"timestamp":1610711341,"path_taken":["M","M","?","M","?","R","E","R","T","$","M","E"],"items_purchased_type":[],"build_version":"2020-12-22","purchased_purges":0,"victory":false,"max_hp_per_floor":[80,80,80,80,80,80,80,80,80,80,80,80,80],"card_choices":[{"not_picked":["Havoc","Power Through"],"picked":"Cleave","floor":1.0},{"not_picked":["Twin Strike","Sever Soul"],"picked":"Evolve","floor":2.0},{"not_picked":["Inflame","Flex","Blood for Blood"],"picked":"SKIP","floor":3.0},{"not_picked":["Spot Weakness","Carnage"],"picked":"Armaments","floor":4.0},{"not_picked":["Entrench","Warcry","Perfected Strike"],"picked":"SKIP","floor":7.0},{"not_picked":["Flex","Rampage"],"picked":"Shrug It Off","floor":11.0}],"player_experience":125012,"relics_obtained":[{"floor":7.0,"key":"Centennial Puzzle"},{"floor":9.0,"key":"MawBank"}],"event_choices":[{"damage_healed":0.0,"max_hp_gain":0.0,"max_hp_loss":0.0,"gold_gain":0.0,"event_name":"Living Wall","player_choice":"Grow","floor":5.0,"gold_loss":0.0,"damage_taken":0.0,"cards_upgraded":["Combust"]}],"is_beta":false,"boss_relics":[],"items_purged_floors":[],"is_endless":false,"potions_floor_spawned":[2,3,4],"killed_by":"Gremlin Nob","ascension_level":8}}