{"host":"jscggscbx0p7706o","time":1610705262,"event":{"mods":["AchievementEnabler","BaseMod","Block Reminder","Colored Powertips","Minty Spire (QoL Compilation)","Permanent Neow","Quick Restart","StSLib"],"gold_per_floor":[119,134,134,147,46,46,85,85,156,156,194,194,16,68,68,188,188,188,16,16,16,0,0,0,0,0,0,0,0,0,0,0,0,0,0,0,0,0,0,0,0,0,0,0,0,0,0,0,0,0],"floor_reached":51,"language":"ENG","playtime":1837,"items_purged":["Strike_R","Strike_R","Strike_R"],"score":1153,"play_id":"f9baf35d-6b38-4158-8954-6b6928aed751","local_time":"20210115180742","is_ascension_mode":true,"campfire_choices":[{"data":"Feed","floor":6.0,"key":"SMITH"},{"floor":8.0,"key":"REST"},{"data":"Bash","floor":10.0,"key":"SMITH"},{"floor":15.0,"key":"REST"},{"floor":23.0,"key":"REST"},{"floor":25.0,"key":"REST"},{"data":"Inflame","floor":32.0,"key":"SMITH"},{"data":"Double Tap","floor":41.0,"key":"SMITH"},{"floor":44.0,"key":"REST"},{"floor":46.0,"key":"REST"},{"data":"Limit Break","floor":49.0,"key":"SMITH"}],"circlet_count":0,"master_deck":["Defend_R+1","Defend_R+1","Defend_R+1","Bash+1","Cleave","Shrug It Off","Feed+1","Shrug It Off","Sword Boomerang","Dropkick","Limit Break+1","Twin Strike","Headbutt","Uppercut+1","Dropkick","Inflame+1","Double Tap+1","Dropkick+1","Battle Trance","Inflame+1","Madness","Madness","Iron Wave+1"],"relics":["Burning Blood","Oddly Smooth Stone","Golden Idol","Bag of Preparation","Singing Bowl","Happy Flower","Ectoplasm","Juzu Bracelet","Boot","Dream Catcher","MutagenicStrength","Empty Cage","Meat on the Bone","Potion Belt","Charon\u0027s Ashes","Mercury Hourglass"],"acts_visited":["Exordium","TheCity","TheBeyond"],"potions_floor_usage":[50,50],"damage_taken":[{"damage":5.0,"enemies":"Jaw Worm","floor":1.0,"turns":5.0},{"damage":4.0,"enemies":"Small Slimes","floor":2.0,"turns":3.0},{"damage":0.0,"enemies":"2 Louse","floor":4.0,"turns":2.0},{"damage":42.0,"enemies":"Lagavulin","floor":7.0,"turns":10.0},{"damage":46.0,"enemies":"3 Sentries","floor":11.0,"turns":8.0},{"damage":52.0,"enemies":"Slime Boss","floor":16.0,"turns":14.0},{"damage":21.0,"enemies":"Shell Parasite","floor":18.0,"turns":5.0},{"damage":28.0,"enemies":"2 Thieves","floor":22.0,"turns":4.0},{"damage":49.0,"enemies":"Slavers","floor":24.0,"turns":6.0},{"damage":9.0,"enemies":"Cultist and Chosen","floor":27.0,"turns":6.0},{"damage":6.0,"enemies":"Snake Plant","floor":31.0,"turns":2.0},{"damage":0.0,"enemies":"Champ","floor":33.0,"turns":7.0},{"damage":0.0,"enemies":"Orb Walker","floor":35.0,"turns":3.0},{"damage":1.0,"enemies":"3 Shapes","floor":36.0,"turns":6.0},{"damage":15.0,"enemies":"Jaw Worm Horde","floor":37.0,"turns":4.0},{"damage":18.0,"enemies":"Nemesis","floor":40.0,"turns":5.0},{"damage":48.0,"enemies":"Reptomancer","floor":45.0,"turns":5.0},{"damage":10.0,"enemies":"Nemesis","floor":48.0,"turns":6.0},{"damage":97,"enemies":"Awakened One","floor":50,"turns":6}],"seed_played":"1368834331698679925","potions_obtained":[{"floor":1.0,"key":"LiquidBronze"},{"floor":11.0,"key":"BloodPotion"},{"floor":16.0,"key":"CultistPotion"},{"floor":22.0,"key":"SpeedPotion"},{"floor":33.0,"key":"PowerPotion"},{"floor":48.0,"key":"Swift Potion"}],"is_trial":false,"path_per_floor":["M","M","?","M","$","R","E","R","T","R","E","?","$","?","R","B",null,"M","$","?","?","M","R","E","R","T","M","?","?","?","M","R","B",null,"M","M","M","?","$","E","R","?","T","R","E","R","?","E","R","B",null],"character_chosen":"IRONCLAD","items_purchased":["Shrug It Off","Dropkick","Headbutt"],"campfire_rested":6,"item_purchase_floors":[5,13,19],"current_hp_per_floor":[73,75,55,61,61,61,25,49,49,49,13,13,13,13,38,8,65,50,50,50,50,32,58,21,49,49,46,77,77,77,81,81,87,95,98,102,95,95,95,85,85,72,72,105,69,103,103,101,101,22],"gold":0,"neow_bonus":"RANDOM_COMMON_RELIC","is_daily":false,"chose_seed":false,"campfire_upgraded":5,"win_rate":0.0,"timestamp":1610705262,"path_taken":["M","M","?","M","?","R","E","R","T","R","E","?","$","?","R","BOSS","M","$","?","?","M","R","E","R","T","M","?","?","?","M","R","BOSS","M","M","M","?","?","E","R","?","T","R","E","R","?","E","R","BOSS"],"items_purchased_type":["Card","Card","Card"],"build_version":"2020-12-22","purchased_purges":3,"victory":true,"max_hp_per_floor":[80,80,80,80,80,80,80,80,80,80,84,84,84,84,84,84,84,84,84,84,84,88,88,94,94,94,94,94,94,94,98,98,98,98,98,102,104,104,104,106,106,106,106,108,114,114,114,116,116,116],"card_choices":[{"not_picked":["Entrench","Warcry"],"picked":"Cleave","floor":1.0},{"not_picked":["Clothesline","Havoc"],"picked":"Shrug It Off","floor":2.0},{"not_picked":["Bloodletting","Flex"],"picked":"Feed","floor":4.0},{"not_picked":["Thunderclap","Feel No Pain"],"picked":"Sword Boomerang","floor":7.0},{"not_picked":["Clash","Pommel Strike"],"picked":"Twin Strike","floor":11.0},{"not_picked":["Juggernaut","Bludgeon"],"picked":"Limit Break","floor":16.0},{"not_picked":["Body Slam","Heavy Blade+1"],"picked":"Twin Strike","floor":18.0},{"not_picked":["Shrug It Off","Seeing Red"],"picked":"Uppercut+1","floor":22.0},{"not_picked":["True Grit","Clothesline","Corruption"],"picked":"Singing Bowl","floor":24.0},{"not_picked":["True Grit","Feel No Pain+1"],"picked":"Dropkick","floor":27.0},{"not_picked":["Battle Trance+1","Flex+1"],"picked":"Inflame","floor":31.0},{"not_picked":["Brutality","Immolate"],"picked":"Double Tap","floor":33.0},{"not_picked":["Clothesline+1","Sword Boomerang"],"picked":"Dropkick+1","floor":35.0},{"not_picked":["Wild Strike","Flame Barrier"],"picked":"Battle Trance","floor":36.0},{"not_picked":["Rupture+1","Perfected Strike","Clothesline"],"picked":"Singing Bowl","floor":37.0},{"not_picked":["Rupture","Pommel Strike","Metallicize"],"picked":"Singing Bowl","floor":40.0},{"not_picked":["Warcry+1","True Grit","Reckless Charge"],"picked":"Singing Bowl","floor":44.0},{"not_picked":["Anger+1","True Grit","Corruption"],"picked":"Singing Bowl","floor":45.0},{"not_picked":["Whirlwind","Havoc"],"picked":"Iron Wave+1","floor":46.0},{"not_picked":["Wild Strike+1","Clothesline","Perfected Strike"],"picked":"Singing Bowl","floor":48.0}],"player_experience":265077,"relics_obtained":[{"floor":7.0,"key":"Bag of Preparation"},{"floor":9.0,"key":"Singing Bowl"},{"floor":11.0,"key":"Happy Flower"},{"floor":24.0,"key":"Boot"},{"floor":26.0,"key":"Dream Catcher"},{"floor":40.0,"key":"Meat on the Bone"},{"floor":43.0,"key":"Potion Belt"},{"floor":45.0,"key":"Charon\u0027s Ashes"},{"floor":48.0,"key":"Mercury Hourglass"}],"event_choices":[{"damage_healed":0.0,"max_hp_gain":0.0,"max_hp_loss":0.0,"gold_gain":0.0,"event_name":"Golden Idol","player_choice":"Take Damage","floor":3.0,"gold_loss":0.0,"damage_taken":20.0,"relics_obtained":["Golden Idol"]},{"damage_healed":0.0,"max_hp_gain":0.0,"max_hp_loss":0.0,"gold_gain":0.0,"event_name":"Scrap Ooze","player_choice":"Fled","floor":12.0,"gold_loss":0.0,"damage_taken":0.0},{"damage_healed":0.0,"max_hp_gain":0.0,"max_hp_loss":0.0,"gold_gain":52.0,"event_name":"Golden Wing","player_choice":"Gained Gold","floor":14.0,"gold_loss":0.0,"damage_taken":0.0},{"damage_healed":0.0,"max_hp_gain":0.0,"max_hp_loss":0.0,"gold_gain":0.0,"event_name":"The Mausoleum","player_choice":"Opened","floor":20.0,"gold_loss":0.0,"damage_taken":0.0,"relics_obtained":["Juzu Bracelet"]},{"cards_removed":["Strike_R"],"damage_healed":0.0,"max_hp_gain":0.0,"max_hp_loss":0.0,"gold_gain":0.0,"event_name":"Purifier","player_choice":"Purged","floor":21.0,"gold_loss":0.0,"damage_taken":0.0},{"damage_healed":31.0,"max_hp_gain":0.0,"max_hp_loss":0.0,"gold_gain":0.0,"event_name":"The Library","player_choice":"Heal","floor":28.0,"gold_loss":0.0,"damage_taken":0.0},{"damage_healed":0.0,"max_hp_gain":0.0,"max_hp_loss":0.0,"gold_gain":0.0,"event_name":"Back to Basics","player_choice":"Simplicity","floor":29.0,"gold_loss":0.0,"damage_taken":0.0,"cards_upgraded":["Strike_R","Defend_R","Defend_R","Defend_R","Defend_R"]},{"damage_healed":0.0,"max_hp_gain":0.0,"max_hp_loss":0.0,"gold_gain":0.0,"event_name":"Drug Dealer","player_choice":"Inject Mutagens","floor":30.0,"gold_loss":0.0,"damage_taken":0.0,"relics_obtained":["MutagenicStrength"]},{"damage_healed":0.0,"max_hp_gain":0.0,"max_hp_loss":0.0,"gold_gain":0.0,"event_name":"Duplicator","player_choice":"Copied","floor":38.0,"gold_loss":0.0,"damage_taken":0.0,"cards_obtained":["Inflame"]},{"damage_healed":0.0,"max_hp_gain":0.0,"max_hp_loss":0.0,"gold_gain":0.0,"event_name":"Winding Halls","player_choice":"Embrace Madness","floor":42.0,"gold_loss":0.0,"damage_taken":13.0,"cards_obtained":["Madness","Madness"]},{"cards_removed":["Defend_R"],"damage_healed":0.0,"max_hp_gain":0.0,"max_hp_loss":0.0,"gold_gain":0.0,"event_name":"Falling","player_choice":"Removed Skill","floor":47.0,"gold_loss":0.0,"damage_taken":0.0}],"is_beta":false,"boss_relics":[{"not_picked":["Busted Crown","Black Star"],"picked":"Ectoplasm"},{"not_picked":["Runic Cube","Astrolabe"],"picked":"Empty Cage"}],"items_purged_floors":[5,13,19],"is_endless":false,"potions_floor_spawned":[1,11,16,22,27,33,35,36,48],"ascension_level":7}}