{"host":"px2oznrenyeljk7o","time":1610748787,"event":{"mods":["A Magickal Journey","AchievementEnabler","Arknights The Spire","BaseMod","Better Altar","Better Match","Better Note","Better Sensory Stone","Better Third Choice","Conspire","Curses Come First","GifTheSpireLib","GungeonMod","Hermit","Koishi","Lobotomy","LobotomyExtend","Minty Spire (QoL Compilation)","Nova Terra(??·??)","Potionbrewer","Reimu??????","Replay The Spire","Robot Space Explorer","Small Relic Pack","Somnambulant","Spicy Shops","StSLib","Stuff the Spire","The Administrix","The Alterego","The Blackbeard","The Blue Laboratory","The Bug Knight","The Construct","The Cursed","The Disciple","The Gatherer","The Hayseed","The Hierophant","The Jungle","The Marked","The Poker Player","The Runesmith","Yakumo Yukari mod","Yuri Mod","everything is the same but u backflip on backflip","slay the spire mod where everything is the same but ironclad has a cowboy hat"],"gold_per_floor":[112,129,13,27,42,42,60,60,60,52,68,68,68,86,86,185,235,235,11,26,39,39,39,74,74,74,74,99,112,142,152,172,182,182,182,182],"floor_reached":35,"language":"ENG","playtime":3005,"items_purged":[],"score":323,"play_id":"e8ce2e60-3224-42ce-9f6b-9edb114cbe2a","local_time":"20210115231307","is_ascension_mode":false,"campfire_choices":[{"data":"Enlightenment","floor":6,"key":"SMITH"},{"floor":12,"key":"REST"},{"floor":15,"key":"REST"},{"floor":23,"key":"REST"},{"floor":25,"key":"REST"},{"floor":34,"key":"REST"}],"circlet_count":0,"master_deck":["Koishi:BasicStrike","Koishi:BasicStrike+1","Koishi:BasicStrike","Koishi:BasicStrike","Koishi:BasicDefend","Koishi:BasicDefend+1","Koishi:BasicDefend","Koishi:BasicDefend","Koishi:Provoke","Koishi:HauntingSlash+1","Enlightenment+1","Koishi:SpiritedAway+1","Koishi:PhantomStrike+1","Koishi:DanmakuParanoia","Koishi:RuptureMind","Koishi:UnconsciousUrges","Koishi:VengefulSpirit","conspire:Banana+1","Koishi:BramblyRoseGarden","Koishi:BloodcurdlingScream","Koishi:SilentAndRestless","Koishi:MassHysteria","Koishi:Untouchable+1","Koishi:StrangeCloudFist","Koishi:SpiritedAway","Koishi:RacingHeart+1","Koishi:StingingMind+1","Koishi:FreudianInstinct","Koishi:LastRemote+1","Koishi:RacingHeart+1","Koishi:JumpScare+1"],"relics":["Koishi:ImaginaryFriend","LetterFromLob","HollowMod:StagPassRelic","Tiny House","Replay:Baseball","DemoMod:VorpalBullet","Ancient Tea Set","Whetstone"],"acts_visited":["Exordium","TheCity"],"potions_floor_usage":[4,11,16,20,21,30,30,32],"damage_taken":[{"damage":1,"enemies":"Cultist","floor":1,"turns":4},{"damage":2,"enemies":"2 Louse","floor":2,"turns":4},{"damage":0,"enemies":"Small Slimes","floor":4,"turns":3},{"damage":0,"enemies":"Red Slaver","floor":5,"turns":5},{"damage":14,"enemies":"Lots of Slimes","floor":7,"turns":9},{"damage":10,"enemies":"Large Slime","floor":11,"turns":5},{"damage":6,"enemies":"Looter","floor":14,"turns":4},{"damage":22,"enemies":"Hexaghost","floor":16,"turns":14},{"damage":4,"enemies":"Chosen","floor":20,"turns":7},{"damage":21,"enemies":"Spheric Guardian","floor":21,"turns":4},{"damage":26,"enemies":"Book of Stabbing","floor":24,"turns":6},{"damage":26,"enemies":"Snake Plant","floor":29,"turns":4},{"damage":23,"enemies":"Centurion and Healer","floor":30,"turns":5},{"damage":4,"enemies":"Cultist and Chosen","floor":31,"turns":4},{"damage":11,"enemies":"Shelled Parasite and Fungi","floor":32,"turns":6},{"damage":7,"enemies":"Chosen and Byrds","floor":33,"turns":2},{"damage":40,"enemies":"Collector","floor":35,"turns":3}],"seed_played":"-2584662812424052381","potions_obtained":[{"floor":2,"key":"ColorlessPotion"},{"floor":7,"key":"Block Potion"},{"floor":14,"key":"Swift Potion"},{"floor":16,"key":"blueLaboratory:BottleOfVodka"},{"floor":17,"key":"potionbrewer:MidasPotion"},{"floor":20,"key":"AttackPotion"},{"floor":29,"key":"ColorlessPotion"},{"floor":30,"key":"potionbrewer:BarricadePotion"},{"floor":33,"key":"Swift Potion"}],"is_trial":false,"path_per_floor":["M","M","$","M","M","R","M","?","T","$","M","R","?","M","R","B",null,"M","$","M","M","T","R","E","R","PTL","PTL","T","M","M","M","M","M","R","B"],"character_chosen":"KOISHI","items_purchased":["Koishi:PhantomStrike+1","Koishi:DanmakuParanoia","conspire:Banana","Koishi:Untouchable","Replay:Baseball"],"campfire_rested":5,"item_purchase_floors":[3,3,10,19,19],"current_hp_per_floor":[60,60,60,60,60,60,49,49,49,49,42,60,62,59,64,46,71,71,71,70,49,49,70,47,69,69,69,69,45,24,27,20,13,37,0,0],"gold":182,"neow_bonus":"RANDOM_COLORLESS","is_daily":false,"chose_seed":false,"campfire_upgraded":1,"win_rate":0.0,"timestamp":1610748787,"path_taken":["M","M","$","M","M","R","?","?","T","$","M","R","?","?","R","BOSS","M","$","M","M","?","R","E","R","PTL","PTL","T","?","M","M","?","M","R","BOSS"],"items_purchased_type":["Card","Card","Card","Card","Relic"],"build_version":"2020-12-22","purchased_purges":0,"victory":false,"max_hp_per_floor":[60,60,60,60,60,60,60,60,60,60,62,62,62,64,64,66,71,71,71,73,73,73,73,75,75,75,75,75,77,77,79,81,81,81,83,83],"card_choices":[{"not_picked":["Blind","DemoMod:Spice"],"picked":"Enlightenment","floor":0},{"not_picked":["Koishi:EmbersOfLove","Koishi:Whimsy"],"picked":"Koishi:SpiritedAway","floor":1},{"not_picked":["Koishi:FleetingPhantom","Koishi:JumpScare"],"picked":"Koishi:GhostParty","floor":2},{"not_picked":["Koishi:ReflexRadar","Koishi:UnansweredLove"],"picked":"Koishi:RuptureMind","floor":4},{"not_picked":["Koishi:PhilosophyOfTheDespised","Koishi:MindNumbingTerror"],"picked":"Koishi:UnconsciousUrges","floor":5},{"not_picked":["Koishi:UnconsciousUrges","Koishi:FleetingPhantom"],"picked":"Koishi:VengefulSpirit","floor":7},{"not_picked":["Koishi:PhantomBarrier","Koishi:UnansweredLove"],"picked":"Koishi:BramblyRoseGarden","floor":11},{"not_picked":["Koishi:ParalyzingFear","Koishi:MindStellarRelief"],"picked":"Koishi:BloodcurdlingScream","floor":14},{"not_picked":["Koishi:HeartStoppingHorror","Koishi:RollingInRichesHeart"],"picked":"Koishi:SilentAndRestless","floor":16},{"not_picked":["Koishi:SpiritedAway","Koishi:YoukaiPolygraph"],"picked":"Koishi:MassHysteria","floor":17},{"not_picked":["Koishi:ReflexRadar","Koishi:FreudianInstinct"],"picked":"Koishi:StrangeCloudFist","floor":20},{"not_picked":["Koishi:ReflexRadar","Koishi:IdleWhim"],"picked":"Koishi:SpiritedAway","floor":21},{"not_picked":["Koishi:IdleWhim","Koishi:DanmakuParanoia+1"],"picked":"Koishi:RacingHeart+1","floor":24},{"not_picked":["Koishi:BloodcurdlingScream","Koishi:FleetingPhantom"],"picked":"Koishi:StingingMind+1","floor":29},{"not_picked":["Koishi:PhantomStrike+1","Koishi:Possession"],"picked":"Koishi:FreudianInstinct","floor":30},{"not_picked":["Koishi:MindNumbingTerror+1","Koishi:Catatonia+1"],"picked":"Koishi:LastRemote+1","floor":31},{"not_picked":["Koishi:BloodcurdlingScream","Koishi:FleetingPhantom"],"picked":"Koishi:RacingHeart+1","floor":32},{"not_picked":["Koishi:Jaunt","Koishi:ParalyzingFear"],"picked":"Koishi:JumpScare+1","floor":33}],"player_experience":469626,"relics_obtained":[{"floor":1,"key":"LetterFromLob"},{"floor":9,"key":"HollowMod:StagPassRelic"},{"floor":22,"key":"DemoMod:VorpalBullet"},{"floor":24,"key":"Ancient Tea Set"},{"floor":28,"key":"Whetstone"}],"event_choices":[{"cards_removed":["Koishi:GhostParty"],"damage_healed":2,"gold_gain":0,"player_choice":"Offered Uncommon","damage_taken":0,"max_hp_gain":0,"max_hp_loss":0,"event_name":"Bonfire Elementals","floor":13,"gold_loss":0}],"is_beta":false,"boss_relics":[{"not_picked":["Koishi:ColorfulDays","Ectoplasm"],"picked":"Tiny House"}],"items_purged_floors":[],"is_endless":false,"potions_floor_spawned":[2,7,14,16,20,29,30,33],"killed_by":"Collector","ascension_level":0}}