{"host":"8d3fefv2347kqkpz","time":1610669272,"event":{"mods":["100% Spire Juice","BaseMod","Better Vampires","Colored Map","Downfall","Minty Spire (QoL Compilation)","Quick Restart","Replay The Spire","StSLib","The Gatherer","Waifu the Spire"],"gold_per_floor":[117,136,136,136,136,136,136,136,136,171,187,205,217,232,232,336,336,350,365,464,33,33,33,33],"floor_reached":23,"language":"ZHS","playtime":1133,"items_purged":["Strike_R"],"score":191,"play_id":"9af29e05-f1dc-4347-ad08-96ddb508658e","local_time":"20210115080752","is_ascension_mode":false,"campfire_choices":[{"data":"Spot Weakness","floor":6,"key":"SMITH"},{"data":"Combust","floor":8,"key":"SMITH"},{"data":"Armaments","floor":15,"key":"SMITH"}],"circlet_count":0,"master_deck":["Strike_R","Strike_R","Strike_R","Defend_R","Defend_R","Defend_R","Defend_R","Combust+1","Spot Weakness+1","Survivor","Neutralize","Rampage","Armaments+1","Offering","Twin Strike","Spot Weakness","Limit Break","Inflame","Replay:Undeath\u0027s Touch","Rupture","ReplayTheSpireMod:LeadingStrike","Flex"],"relics":["Burning Blood","Tiny Chest","ReplayTheSpireMod:Ring of Addiction","Toy Ornithopter","Gremlin Food","Runic Cube","Membership Card","Bottled Flame","Replay:Bottled Flurry"],"acts_visited":["Exordium","TheCity"],"potions_floor_usage":[19,23,23],"damage_taken":[{"damage":3,"enemies":"Small Slimes","floor":1,"turns":4},{"damage":12,"enemies":"2 Louse","floor":2,"turns":3},{"damage":11,"enemies":"Lagavulin","floor":10,"turns":7},{"damage":4,"enemies":"Jaw Worm","floor":11,"turns":3},{"damage":1,"enemies":"3 Louse","floor":12,"turns":4},{"damage":7,"enemies":"Large Slime","floor":13,"turns":3},{"damage":8,"enemies":"2 Fungi Beasts","floor":14,"turns":3},{"damage":34,"enemies":"Fading Forest","floor":16,"turns":11},{"damage":33,"enemies":"2 Thieves","floor":18,"turns":3},{"damage":15,"enemies":"Spheric Guardian","floor":19,"turns":5},{"damage":77,"enemies":"Slavers","floor":23,"turns":4}],"seed_played":"4656868393420155083","potions_obtained":[{"floor":2,"key":"BloodPotion"},{"floor":11,"key":"Block Potion"},{"floor":12,"key":"Ancient Potion"},{"floor":16,"key":"Explosive Potion"}],"is_trial":false,"path_per_floor":["M","M","?","?","?","R","?","R","T","E","M","M","M","M","R","B",null,"M","M","?","$","T","E"],"character_chosen":"IRONCLAD","items_purchased":["Rupture","Membership Card","Bottled Flame","ReplayTheSpireMod:LeadingStrike","Flex"],"campfire_rested":0,"item_purchase_floors":[21,21,21,21,21],"current_hp_per_floor":[88,82,75,63,63,63,63,63,63,58,60,65,64,62,62,62,82,55,51,51,51,51,0,0],"gold":33,"neow_bonus":"TEN_PERCENT_HP_BONUS","is_daily":false,"chose_seed":false,"campfire_upgraded":3,"win_rate":0.0,"timestamp":1610669272,"path_taken":["M","M","?","?","?","R","?","R","T","E","M","M","M","M","R","BOSS","M","M","?","$","?","E"],"items_purchased_type":["Card","Relic","Relic","Card","Card"],"build_version":"2020-12-22","purchased_purges":1,"victory":false,"max_hp_per_floor":[88,88,88,88,88,88,88,88,88,88,86,86,86,84,84,84,82,82,82,82,82,82,80,80],"card_choices":[{"not_picked":["True Grit","Armaments"],"picked":"Combust","floor":1},{"not_picked":["Replay:Undeath\u0027s Touch","Run Through"],"picked":"Spot Weakness","floor":2},{"not_picked":["Clash","Disarm"],"picked":"Rampage","floor":10},{"not_picked":["Clothesline","Iron Wave"],"picked":"Armaments","floor":11},{"not_picked":["Twin Strike","Battle Trance"],"picked":"Offering","floor":12},{"not_picked":["Iron Wave","Blood for Blood"],"picked":"Twin Strike","floor":13},{"not_picked":["Havoc","Massacre"],"picked":"Spot Weakness","floor":14},{"not_picked":["Brutality","Double Tap"],"picked":"Limit Break","floor":16},{"not_picked":["Blood for Blood","Rampage+1"],"picked":"Inflame","floor":18},{"not_picked":["Uppercut+1","ReplayTheSpireMod:Limb From Limb"],"picked":"Replay:Undeath\u0027s Touch","floor":19}],"player_experience":69236,"relics_obtained":[{"floor":7,"key":"ReplayTheSpireMod:Ring of Addiction"},{"floor":9,"key":"Toy Ornithopter"},{"floor":10,"key":"Gremlin Food"},{"floor":22,"key":"Replay:Bottled Flurry"}],"event_choices":[{"cards_removed":["Strike_R"],"damage_healed":0,"gold_gain":0,"player_choice":"Card Removal","damage_taken":7,"max_hp_gain":0,"max_hp_loss":0,"event_name":"Golden Wing","floor":3,"gold_loss":0},{"damage_healed":0,"gold_gain":0,"player_choice":"Success","damage_taken":12,"relics_obtained":["Tiny Chest"],"max_hp_gain":0,"max_hp_loss":0,"event_name":"Scrap Ooze","floor":4,"gold_loss":0},{"damage_healed":0,"gold_gain":99,"player_choice":"Stole From Cult","damage_taken":0,"max_hp_gain":0,"max_hp_loss":0,"event_name":"Nest","floor":20,"gold_loss":0}],"is_beta":false,"boss_relics":[{"not_picked":["Coffee Dripper","Fusion Hammer"],"picked":"Runic Cube"}],"items_purged_floors":[21],"is_endless":false,"potions_floor_spawned":[2,11,12,16,18],"killed_by":"Slavers","ascension_level":0}}