{"host":"1bf4lopb4xlrny0j","time":1610709286,"event":{"mods":["100% Spire Juice","Act Like it!","Astrologer","BaseMod","CapriCore","Chen","Colored Powertips","Gensokyo","Hubris","Koishi","Marisa£®ÏF”Í°°ƒß¿Ì…≥£©","Minty Spire (QoL Compilation)","Reimu£®≤©¿ˆ¡È√Œ£©","Remilia£®¿Ÿ√◊¿Ú—«£©","Replay The Spire","Spicy Shops","StSLib","The Administrix","The Gatherer","The Immortal","The Mystic","The Runesmith","The Servant 0.9.4","Yakumo Yukari mod","Youmu£®ªÍ∆«—˝√Œ£©","Yuyuko"],"gold_per_floor":[114,114,114,114,132,132,161,161,161,161,173,187,187,205,205,205,205],"floor_reached":16,"language":"ZHS","playtime":462,"items_purged":[],"score":125,"play_id":"9f2adbc9-bde3-4302-be27-fa6a615bb8ce","local_time":"20210115191446","is_ascension_mode":false,"campfire_choices":[{"data":"UpSweep","floor":6.0,"key":"SMITH"},{"data":"NonDirectionalLaser","floor":8.0,"key":"SMITH"},{"data":"ShootingEcho","floor":13.0,"key":"SMITH"},{"data":"Gensokyo:MarisaTwilightSpark","floor":15,"key":"PURGE"}],"circlet_count":0,"master_deck":["Strike_MRS","Strike_MRS","Strike_MRS","Strike_MRS","Defend_MRS","Defend_MRS","Defend_MRS","Defend_MRS","MasterSpark","UpSweep+1","NonDirectionalLaser+1","AlicesGift+1","MagicChant","ShootingEcho+1","SporeBomb"],"relics":["MiniHakkero","NeowsBlessing","hubris:SlimyHat","MagicBroom"],"acts_visited":["Gensokyo:Gensokyo"],"potions_floor_usage":[],"damage_taken":[{"damage":0.0,"enemies":"Gensokyo:Python","floor":1.0,"turns":1.0},{"damage":0.0,"enemies":"Gensokyo:Gryphon","floor":5.0,"turns":1.0},{"damage":0.0,"enemies":"Gensokyo:Aya","floor":7.0,"turns":1.0},{"damage":0.0,"enemies":"Gensokyo:2_Kodama","floor":11.0,"turns":2.0},{"damage":0.0,"enemies":"Gensokyo:5_Fairies","floor":12.0,"turns":4.0},{"damage":8.0,"enemies":"Gensokyo:VengefulSpirit","floor":14.0,"turns":3.0},{"damage":66,"enemies":"Gensokyo:Yukari","floor":16,"turns":8}],"seed_played":"337847968769305846","potions_obtained":[{"floor":1.0,"key":"SteroidPotion"},{"floor":11.0,"key":"SkillPotion"}],"is_trial":false,"path_per_floor":["M","?","?","?","M","R","E","R","T","?","M","M","R","M","R","B"],"character_chosen":"MARISA","items_purchased":[],"campfire_rested":0,"item_purchase_floors":[],"current_hp_per_floor":[75,68,68,68,68,68,68,68,68,68,68,68,68,60,60,0,0],"gold":205,"neow_bonus":"THREE_ENEMY_KILL","is_daily":false,"chose_seed":false,"campfire_upgraded":3,"win_rate":0.0,"timestamp":1610709286,"path_taken":["M","?","?","?","M","R","E","R","T","?","M","M","R","M","R","BOSS"],"items_purchased_type":[],"build_version":"2020-12-22","purchased_purges":0,"victory":false,"max_hp_per_floor":[75,75,75,75,75,75,75,75,75,75,75,75,75,75,75,75,75],"card_choices":[{"not_picked":["DarkMatter","MilkyWay"],"picked":"NonDirectionalLaser","floor":1.0},{"not_picked":["WitchLeyline","Robbery","Acceleration"],"picked":"SKIP","floor":5.0},{"not_picked":["OortCloud","ChargeUpSpray"],"picked":"AlicesGift","floor":7.0},{"not_picked":["GrandCross","AsteroidBelt"],"picked":"MagicChant","floor":11.0},{"not_picked":["DarkSpark","6A"],"picked":"ShootingEcho","floor":12.0},{"not_picked":["ManaRampage","Singularity"],"picked":"SporeBomb","floor":14.0}],"player_experience":258906,"relics_obtained":[{"floor":7.0,"key":"hubris:SlimyHat"},{"floor":9.0,"key":"MagicBroom"}],"event_choices":[],"is_beta":false,"boss_relics":[],"items_purged_floors":[],"is_endless":false,"potions_floor_spawned":[1,11],"killed_by":"Gensokyo:Yukari","ascension_level":0}}