{"host":"y3h3n3f7seyagppx","time":1610741768,"event":{"mods":["AlwaysNeverKeys","BaseMod","Better Vampires","Colored Powertips","DeckTracker","Emptier Cage","Minty Spire (QoL Compilation)","Permanent Neow","Quick Restart","Rare Cards Sparkle","Relic Sorter","Relic Stats","StSLib","Transform Curses"],"gold_per_floor":[112,122,397,414,7,7,38,38,38,38,51,51,79,90,90,164,164,181,71,87,0,11,11,27,56,56,56,56,91,91,91,91,169,169,179,193,218,238,255,288,288,318,318,337,371,725,741,741,741,741,741,741,741,50,81,81],"floor_reached":57,"language":"ENG","playtime":10506,"items_purged":["Regret","Injury"],"score":2880,"play_id":"5c30c9a1-4369-473b-b984-89c5083f8bf9","local_time":"20210115151608","is_ascension_mode":true,"campfire_choices":[{"data":"Defragment","floor":6.0,"key":"SMITH"},{"data":"Loop","floor":8.0,"key":"SMITH"},{"data":"Defragment","floor":12.0,"key":"SMITH"},{"data":"Doom and Gloom","floor":15.0,"key":"SMITH"},{"data":"Loop","floor":23.0,"key":"SMITH"},{"data":"Undo","floor":27.0,"key":"SMITH"},{"data":"Dualcast","floor":30.0,"key":"SMITH"},{"data":"Zap","floor":32.0,"key":"SMITH"},{"floor":49,"key":"REST"},{"floor":53,"key":"REST"}],"circlet_count":0,"master_deck":["AscendersBane","Strike_B","Strike_B+1","Strike_B","Defend_B","Defend_B+1","Defend_B","Defend_B","Zap+1","Dualcast+1","CurseOfTheBell","Undo+1","Cold Snap","Loop+1","Defragment+1","Defragment+1","Ball Lightning","Coolheaded+1","Aggregate","Doom and Gloom+1","Echo Form","Heatsinks+1","Loop+1","Self Repair","Stack+1","Buffer","Compile Driver","Force Field","Steam Power+1","Loop+1","Undo+1","Darkness+1","Go for the Eyes+1","Machine Learning+1","Cold Snap","Rainbow","Echo Form+1","Reinforced Body","Echo Form+1"],"relics":["Calling Bell","Potion Belt","Pantograph","Incense Burner","Orrery","Symbiotic Virus","Toy Ornithopter","Strawberry","Cursed Key","PreservedInsect","Lizard Tail","Fusion Hammer","CaptainsWheel","Blue Candle","Frozen Egg 2","Letter Opener","Smiling Mask","Old Coin","Runic Capacitor","Lantern","Unceasing Top"],"acts_visited":["Exordium","TheCity","TheBeyond","TheEnding"],"potions_floor_usage":[46,56,56,56,56],"damage_taken":[{"damage":7.0,"enemies":"Small Slimes","floor":1.0,"turns":4.0},{"damage":9.0,"enemies":"Cultist","floor":2.0,"turns":6.0},{"damage":11.0,"enemies":"2 Louse","floor":4.0,"turns":5.0},{"damage":0.0,"enemies":"Lagavulin","floor":7.0,"turns":6.0},{"damage":0.0,"enemies":"Blue Slaver","floor":11.0,"turns":4.0},{"damage":16.0,"enemies":"3 Sentries","floor":13.0,"turns":9.0},{"damage":15.0,"enemies":"Gremlin Gang","floor":14.0,"turns":3.0},{"damage":27.0,"enemies":"Slime Boss","floor":16.0,"turns":4.0},{"damage":9.0,"enemies":"2 Thieves","floor":18.0,"turns":5.0},{"damage":2.0,"enemies":"3 Byrds","floor":20.0,"turns":4.0},{"damage":41.0,"enemies":"Shelled Parasite and Fungi","floor":22.0,"turns":9.0},{"damage":17.0,"enemies":"Chosen and Byrds","floor":24.0,"turns":11.0},{"damage":0.0,"enemies":"Book of Stabbing","floor":25.0,"turns":4.0},{"damage":22.0,"enemies":"Slavers","floor":29.0,"turns":9.0},{"damage":10.0,"enemies":"Champ","floor":33.0,"turns":9.0},{"damage":20.0,"enemies":"3 Darklings","floor":35.0,"turns":8.0},{"damage":39.0,"enemies":"3 Shapes","floor":36.0,"turns":7.0},{"damage":0.0,"enemies":"Mind Bloom Boss Battle","floor":37.0,"turns":6.0},{"damage":14.0,"enemies":"Maw","floor":38.0,"turns":8.0},{"damage":0.0,"enemies":"Spire Growth","floor":39.0,"turns":7.0},{"damage":2.0,"enemies":"Nemesis","floor":40.0,"turns":7.0},{"damage":3.0,"enemies":"Giant Head","floor":42.0,"turns":6.0},{"damage":39,"enemies":"Jaw Worm Horde","floor":44,"turns":7},{"damage":10,"enemies":"Reptomancer","floor":45,"turns":6},{"damage":20,"enemies":"2 Orb Walkers","floor":46,"turns":6},{"damage":0,"enemies":"Writhing Mass","floor":47,"turns":7},{"damage":27,"enemies":"Donu and Deca","floor":50,"turns":22},{"damage":72,"enemies":"Awakened One","floor":51,"turns":25},{"damage":18,"enemies":"Shield and Spear","floor":55,"turns":12},{"damage":50,"enemies":"The Heart","floor":56,"turns":9}],"seed_played":"-5481918547508827478","potions_obtained":[{"floor":1.0,"key":"DistilledChaos"},{"floor":11.0,"key":"SpeedPotion"},{"floor":13.0,"key":"PotionOfCapacity"},{"floor":14.0,"key":"SteroidPotion"},{"floor":24.0,"key":"Swift Potion"},{"floor":25.0,"key":"AttackPotion"},{"floor":33.0,"key":"EssenceOfSteel"},{"floor":36.0,"key":"LiquidBronze"},{"floor":37.0,"key":"SkillPotion"},{"floor":44,"key":"PotionOfCapacity"},{"floor":45,"key":"Swift Potion"},{"floor":46,"key":"Strength Potion"}],"is_trial":false,"path_per_floor":["M","M","?","M","$","R","E","R","T","?","M","R","E","M","R","B",null,"M","?","M","$","M","R","M","E","T","R","?","E","R","?","R","B",null,"M","M","?","M","M","E","T","E","T","M","E","?","M","?","R","B","B",null,"R","$","E","B",null],"character_chosen":"DEFECT","items_purchased":["Orrery","EntropicBrew","SkillPotion","Self Repair","Runic Capacitor","Lantern","Echo Form+1","PowerPotion","Reinforced Body"],"campfire_rested":2,"item_purchase_floors":[5,5,5,21,54,54,54,54,54],"current_hp_per_floor":[57,48,48,37,37,37,37,37,37,16,21,21,12,17,17,15,62,53,53,56,56,27,27,24,31,31,31,31,26,26,78,78,78,78,72,40,78,71,78,78,78,78,78,46,43,35,49,49,71,61,9,58,74,74,70,49],"gold":81,"neow_bonus":"BOSS_RELIC","is_daily":false,"chose_seed":false,"campfire_upgraded":8,"win_rate":0.0,"timestamp":1610741768,"path_taken":["M","M","?","?","$","R","E","R","T","?","M","R","E","M","R","BOSS","M","?","?","?","M","R","M","E","T","R","?","E","R","?","R","BOSS","M","?","?","M","M","E","?","E","T","M","E","?","M","?","R","BOSS","BOSS","R","$","E","BOSS"],"items_purchased_type":["Relic","Potion","Potion","Card","Relic","Relic","Card","Potion","Card"],"build_version":"2020-12-22","purchased_purges":2,"victory":true,"max_hp_per_floor":[71,71,71,71,71,71,71,71,71,71,71,71,78,78,78,78,78,78,78,78,78,78,78,78,78,78,78,78,78,78,78,78,78,78,78,78,78,78,78,78,78,78,78,78,78,78,78,74,74,74,74,74,74,74,74,74],"relic_stats":{"Lizard Tail":0,"counters":[30,233],"Pantograph":70,"Blue Candle":[8],"PreservedInsect":362,"Letter Opener":[125],"Cursed Key":1,"Smiling Mask":50,"obtain_stats":[{"Potion Belt":0,"Lantern":54,"Blue Candle":40,"PreservedInsect":25,"Incense Burner":0,"Runic Capacitor":54,"Letter Opener":42,"Frozen Egg 2":41,"Cursed Key":17,"Smiling Mask":45,"Old Coin":46,"Calling Bell":0,"Lizard Tail":29,"CaptainsWheel":37,"Pantograph":0,"Strawberry":13,"Orrery":5,"Fusion Hammer":34,"Cracked Core":0,"Symbiotic Virus":7,"Toy Ornithopter":9,"Unceasing Top":55},{"Potion Belt":0,"Lantern":28,"Blue Candle":21,"PreservedInsect":13,"Incense Burner":0,"Runic Capacitor":28,"Letter Opener":22,"Frozen Egg 2":21,"Cursed Key":8,"Smiling Mask":24,"Old Coin":25,"Calling Bell":0,"Lizard Tail":14,"CaptainsWheel":18,"Pantograph":0,"Strawberry":6,"Orrery":3,"Fusion Hammer":15,"Cracked Core":0,"Symbiotic Virus":4,"Toy Ornithopter":4,"Unceasing Top":29},{"Potion Belt":0,"Lantern":212,"Blue Candle":134,"PreservedInsect":74,"Incense Burner":0,"Runic Capacitor":212,"Letter Opener":140,"Frozen Egg 2":134,"Cursed Key":41,"Smiling Mask":153,"Old Coin":158,"Calling Bell":0,"Lizard Tail":83,"CaptainsWheel":113,"Pantograph":0,"Strawberry":34,"Orrery":15,"Fusion Hammer":92,"Cracked Core":0,"Symbiotic Virus":21,"Toy Ornithopter":21,"Unceasing Top":224}],"Toy Ornithopter":66,"Unceasing Top":[0]},"card_choices":[{"not_picked":["Turbo","Redo"],"picked":"Undo","floor":1.0},{"not_picked":["Barrage","Hologram"],"picked":"Lockon","floor":2.0},{"not_picked":["Sweeping Beam","Static Discharge"],"picked":"Cold Snap","floor":4.0},{"not_picked":["Go for the Eyes","Stack"],"picked":"Loop","floor":5.0},{"not_picked":["Stack","BootSequence"],"picked":"Defragment","floor":5.0},{"not_picked":["Ball Lightning","Capacitor"],"picked":"Defragment","floor":5.0},{"not_picked":["Reprogram","Multi-Cast"],"picked":"Ball Lightning","floor":5.0},{"not_picked":["Steam","Beam Cell"],"picked":"Coolheaded","floor":7.0},{"not_picked":["Ball Lightning","Gash","Hologram"],"picked":"SKIP","floor":11.0},{"not_picked":["Hyperbeam","Conserve Battery"],"picked":"Aggregate","floor":13.0},{"not_picked":["Hello World","Tempest"],"picked":"Doom and Gloom","floor":14.0},{"not_picked":["All For One","Thunder Strike"],"picked":"Echo Form","floor":16.0},{"not_picked":["Coolheaded","Cold Snap"],"picked":"Heatsinks+1","floor":18.0},{"not_picked":["Lockon","Stack"],"picked":"Loop","floor":20.0},{"not_picked":["White Noise","Steam Power","Beam Cell"],"picked":"SKIP","floor":22.0},{"not_picked":["Ball Lightning","Double Energy","Hello World"],"picked":"SKIP","floor":24.0},{"not_picked":["Tempest","Blizzard","Chaos"],"picked":"SKIP","floor":25.0},{"not_picked":["Fusion","Loop"],"picked":"Stack+1","floor":29.0},{"not_picked":["Meteor Strike","Reboot"],"picked":"Buffer","floor":33.0},{"not_picked":["Compile Driver","Chaos+1","Hello World+1"],"picked":"SKIP","floor":35.0},{"not_picked":["Chaos+1","Hello World+1"],"picked":"Compile Driver","floor":35.0},{"not_picked":["Ball Lightning","Rebound"],"picked":"Force Field","floor":36.0},{"not_picked":["Storm+1","Leap"],"picked":"Steam Power+1","floor":38.0},{"not_picked":["Force Field","Reinforced Body"],"picked":"Loop+1","floor":39.0},{"not_picked":["Gash","Hologram"],"picked":"Undo+1","floor":40.0},{"not_picked":["Ball Lightning","Steam Power"],"picked":"Darkness+1","floor":42.0},{"not_picked":["Doom and Gloom","Beam Cell+1"],"picked":"Go for the Eyes+1","floor":44},{"not_picked":["Ball Lightning","Barrage"],"picked":"Machine Learning+1","floor":45},{"not_picked":["Sweeping Beam","Barrage"],"picked":"Cold Snap","floor":46},{"not_picked":["Rainbow","Ball Lightning","Cold Snap"],"picked":"SKIP","floor":47},{"not_picked":["Ball Lightning","Cold Snap"],"picked":"Rainbow","floor":47},{"not_picked":["Streamline","Stack"],"picked":"Echo Form+1","floor":55}],"player_experience":20998740,"relics_obtained":[{"floor":0.0,"key":"Potion Belt"},{"floor":0.0,"key":"Pantograph"},{"floor":0.0,"key":"Incense Burner"},{"floor":7.0,"key":"Symbiotic Virus"},{"floor":9.0,"key":"Toy Ornithopter"},{"floor":13.0,"key":"Strawberry"},{"floor":25.0,"key":"PreservedInsect"},{"floor":29.0,"key":"Lizard Tail"},{"floor":37.0,"key":"CaptainsWheel"},{"floor":40.0,"key":"Blue Candle"},{"floor":41.0,"key":"Frozen Egg 2"},{"floor":42.0,"key":"Letter Opener"},{"floor":45,"key":"Smiling Mask"},{"floor":46,"key":"Old Coin"},{"floor":55,"key":"Unceasing Top"}],"event_choices":[{"damage_healed":0.0,"max_hp_gain":0.0,"max_hp_loss":0.0,"gold_gain":275.0,"event_name":"Golden Shrine","player_choice":"Desecrate","floor":3.0,"gold_loss":0.0,"damage_taken":0.0,"cards_obtained":["Regret"]},{"damage_healed":0.0,"max_hp_gain":0.0,"max_hp_loss":0.0,"gold_gain":0.0,"event_name":"Shining Light","player_choice":"Entered Light","floor":10.0,"gold_loss":0.0,"damage_taken":21.0,"cards_upgraded":["Strike_B","Defend_B"]},{"cards_removed":["Strike_B"],"damage_healed":0.0,"max_hp_gain":0.0,"max_hp_loss":0.0,"gold_gain":0.0,"event_name":"Designer","player_choice":"Upgrade and Remove","floor":19.0,"gold_loss":110.0,"damage_taken":0.0,"cards_upgraded":["Coolheaded"]},{"cards_removed":["Lockon"],"damage_healed":52.0,"max_hp_gain":0.0,"max_hp_loss":0.0,"gold_gain":0.0,"event_name":"Bonfire Elementals","player_choice":"Offered Uncommon","floor":31.0,"gold_loss":0.0,"damage_taken":0.0},{"damage_healed":0.0,"max_hp_gain":0.0,"max_hp_loss":0.0,"gold_gain":0.0,"event_name":"MindBloom","player_choice":"Fight","floor":37.0,"gold_loss":0.0,"damage_taken":0.0},{"damage_healed":0,"gold_gain":0,"player_choice":"Fight","damage_taken":0,"max_hp_gain":0,"max_hp_loss":0,"event_name":"Mysterious Sphere","floor":46,"gold_loss":0},{"damage_healed":0,"gold_gain":0,"player_choice":"Max HP","damage_taken":0,"max_hp_gain":0,"max_hp_loss":4,"event_name":"Winding Halls","floor":48,"gold_loss":0}],"is_beta":false,"boss_relics":[{"not_picked":["Philosopher\u0027s Stone","Ectoplasm"],"picked":"Cursed Key"},{"not_picked":["Runic Dome","Runic Pyramid"],"picked":"Fusion Hammer"}],"items_purged_floors":[5,54],"is_endless":false,"potions_floor_spawned":[1,11,13,14,18,24,25,33,36,37,44,45,46],"ascension_level":20}}