{"host":"oiw60b5ins9fyx34","time":1610689744,"event":{"mods":["BaseMod","Colored Map","Colored Powertips","Minty Spire (QoL Compilation)","Permanent Neow","Quick Restart","Rare Cards Sparkle","Relic Stats","StSLib","The Cursed"],"gold_per_floor":[109,126,226,246,264,296,296,326,398,430,430,441,324,357,357,455,455,475,494,110,139,158,158,158,158],"floor_reached":24,"language":"JPN","playtime":1156,"items_purged":["Strike_B","Strike_B"],"score":237,"play_id":"d6fc7c83-d912-4208-90ed-2d2cc7d7a28b","local_time":"20210115144904","is_ascension_mode":true,"campfire_choices":[{"data":"Chaos","floor":7,"key":"SMITH"},{"data":"Biased Cognition","floor":11,"key":"SMITH"},{"floor":15,"key":"REST"},{"data":"Defragment","floor":23,"key":"SMITH"}],"circlet_count":0,"master_deck":["Strike_B","Strike_B","Defend_B","Defend_B","Defend_B","Defend_B","Zap","Dualcast","Go for the Eyes","Beam Cell","Glacier","Leap","Chaos+1","Biased Cognition+1","Go for the Eyes","Doom and Gloom","Biased Cognition","Hologram","Leap","Defragment+1","Cold Snap","Cold Snap+1"],"relics":["Nuclear Battery","Ancient Tea Set","Emotion Chip","Smiling Mask","Regal Pillow","Inserter","Molten Egg 2","Red Mask"],"acts_visited":["Exordium","TheCity"],"potions_floor_usage":[10],"damage_taken":[{"damage":2,"enemies":"Small Slimes","floor":1,"turns":4},{"damage":1,"enemies":"Cultist","floor":2,"turns":4},{"damage":3,"enemies":"2 Louse","floor":4,"turns":3},{"damage":17,"enemies":"Large Slime","floor":5,"turns":7},{"damage":11,"enemies":"Gremlin Nob","floor":6,"turns":5},{"damage":7,"enemies":"3 Sentries","floor":8,"turns":10},{"damage":12,"enemies":"Gremlin Nob","floor":10,"turns":4},{"damage":0,"enemies":"Exordium Wildlife","floor":12,"turns":2},{"damage":8,"enemies":"Lagavulin","floor":14,"turns":5},{"damage":39,"enemies":"The Guardian","floor":16,"turns":13},{"damage":4,"enemies":"Chosen","floor":18,"turns":6},{"damage":6,"enemies":"2 Thieves","floor":19,"turns":4},{"damage":12,"enemies":"Masked Bandits","floor":21,"turns":7},{"damage":12,"enemies":"Snake Plant","floor":22,"turns":5},{"damage":46,"enemies":"Cultist and Chosen","floor":24,"turns":14}],"seed_played":"8242660073440181468","potions_obtained":[{"floor":1,"key":"Weak Potion"},{"floor":5,"key":"PotionOfCapacity"},{"floor":8,"key":"Swift Potion"},{"floor":12,"key":"LiquidMemories"}],"is_trial":false,"path_per_floor":["M","M","?","M","M","E","R","E","T","E","R","M","$","E","R","B",null,"M","M","$","?","M","R","M"],"character_chosen":"DEFECT","items_purchased":["Doom and Gloom","Defragment","Cold Snap","Molten Egg 2"],"campfire_rested":1,"item_purchase_floors":[13,20,20,20],"current_hp_per_floor":[73,72,72,69,52,41,41,34,34,22,22,22,22,14,51,12,75,71,65,65,53,41,41,0,0],"gold":158,"neow_bonus":"BOSS_RELIC","is_daily":false,"chose_seed":false,"campfire_upgraded":3,"win_rate":0.0,"timestamp":1610689744,"path_taken":["M","M","?","?","?","E","R","E","T","E","R","M","$","E","R","BOSS","M","M","$","?","M","R","M"],"items_purchased_type":["Card","Card","Card","Relic"],"build_version":"2020-12-22","purchased_purges":2,"victory":false,"max_hp_per_floor":[75,75,75,75,75,75,75,75,75,75,75,75,75,75,75,75,75,75,75,75,75,75,75,75,75],"relic_stats":{"Emotion Chip":[54,8,27,10,9],"Regal Pillow":15,"Inserter":[18],"counters":[15,93],"Smiling Mask":75,"obtain_stats":[{"Emotion Chip":8,"Regal Pillow":14,"Inserter":17,"Molten Egg 2":20,"Red Mask":21,"Cracked Core":0,"Ancient Tea Set":6,"Smiling Mask":10,"Nuclear Battery":0},{"Emotion Chip":6,"Regal Pillow":9,"Inserter":10,"Molten Egg 2":12,"Red Mask":13,"Cracked Core":0,"Ancient Tea Set":5,"Smiling Mask":7,"Nuclear Battery":0},{"Emotion Chip":33,"Regal Pillow":44,"Inserter":57,"Molten Egg 2":67,"Red Mask":74,"Cracked Core":0,"Ancient Tea Set":23,"Smiling Mask":37,"Nuclear Battery":0}]},"card_choices":[{"not_picked":["Coolheaded","Steam"],"picked":"Go for the Eyes","floor":1},{"not_picked":["Turbo","Hologram"],"picked":"Beam Cell","floor":2},{"not_picked":["Hello World","Gash"],"picked":"Glacier","floor":4},{"not_picked":["Hologram","Rebound"],"picked":"Leap","floor":5},{"not_picked":["Conserve Battery","Steam"],"picked":"Chaos","floor":6},{"not_picked":["Scrape","Conserve Battery","Storm"],"picked":"SKIP","floor":8},{"not_picked":["Steam","Rainbow"],"picked":"Biased Cognition","floor":10},{"not_picked":["Steam","Coolheaded"],"picked":"Go for the Eyes","floor":12},{"not_picked":["Stack","Go for the Eyes","Scrape"],"picked":"SKIP","floor":14},{"not_picked":["Thunder Strike","Hyperbeam"],"picked":"Biased Cognition","floor":16},{"not_picked":["Coolheaded","Sweeping Beam"],"picked":"Hologram","floor":18},{"not_picked":["Steam Power","Turbo"],"picked":"Leap","floor":19},{"not_picked":["Capacitor","BootSequence"],"picked":"Cold Snap+1","floor":21},{"not_picked":["Turbo","Force Field","Steam+1"],"picked":"SKIP","floor":22}],"player_experience":680855,"relics_obtained":[{"floor":6,"key":"Ancient Tea Set"},{"floor":8,"key":"Emotion Chip"},{"floor":10,"key":"Smiling Mask"},{"floor":14,"key":"Regal Pillow"},{"floor":21,"key":"Red Mask"}],"event_choices":[{"damage_healed":0,"gold_gain":100,"player_choice":"Pray","damage_taken":0,"max_hp_gain":0,"max_hp_loss":0,"event_name":"Golden Shrine","floor":3,"gold_loss":0},{"damage_healed":0,"gold_gain":0,"player_choice":"Fought Bandits","damage_taken":0,"max_hp_gain":0,"max_hp_loss":0,"event_name":"Masked Bandits","floor":21,"gold_loss":0}],"is_beta":false,"boss_relics":[{"not_picked":["Tiny House","Coffee Dripper"],"picked":"Inserter"}],"items_purged_floors":[13,20],"is_endless":false,"potions_floor_spawned":[1,5,8,12,19],"killed_by":"Cultist and Chosen","ascension_level":1}}