{"host":"52lujqhsyicpcskq","time":1610713025,"event":{"mods":["BaseMod","Colored Map","Minty Spire (QoL Compilation)","Permanent Neow","StSLib","SuperFastMode","everything is the same but u backflip on backflip"],"gold_per_floor":[113,123,140,151,171,199,199,199,199],"floor_reached":8,"language":"KOR","playtime":349,"items_purged":[],"score":66,"play_id":"019de3bd-cf82-4483-befc-df16347f9a1f","local_time":"20210115211705","is_ascension_mode":true,"campfire_choices":[{"floor":7,"key":"REST"}],"circlet_count":0,"master_deck":["Strike_P","Strike_P","Strike_P","Strike_P","Defend_P","Defend_P","Defend_P","Defend_P","Eruption+1","Vigilance","BowlingBash","FollowUp","Crescendo","FlyingSleeves","Vengeance"],"relics":["PureWater","Toy Ornithopter"],"acts_visited":["Exordium"],"potions_floor_usage":[],"damage_taken":[{"damage":0.0,"enemies":"Cultist","floor":1.0,"turns":2.0},{"damage":0.0,"enemies":"Jaw Worm","floor":2.0,"turns":1.0},{"damage":2.0,"enemies":"2 Louse","floor":3.0,"turns":4.0},{"damage":1,"enemies":"Exordium Thugs","floor":4,"turns":3},{"damage":8,"enemies":"Blue Slaver","floor":5,"turns":4},{"damage":36,"enemies":"Lagavulin","floor":6,"turns":4},{"damage":33,"enemies":"Gremlin Nob","floor":8,"turns":4}],"seed_played":"-1003878585176861976","potions_obtained":[{"floor":1.0,"key":"BlessingOfTheForge"},{"floor":2.0,"key":"SneckoOil"}],"is_trial":false,"path_per_floor":["M","M","M","M","M","E","R","E"],"character_chosen":"WATCHER","items_purchased":[],"campfire_rested":1,"item_purchase_floors":[],"current_hp_per_floor":[72,72,70,69,61,25,46,13,13],"gold":199,"neow_bonus":"UPGRADE_CARD","is_daily":false,"chose_seed":false,"campfire_upgraded":0,"win_rate":0.0,"timestamp":1610713025,"path_taken":["M","M","M","M","M","E","R","E"],"items_purchased_type":[],"build_version":"2020-12-22","purchased_purges":0,"victory":false,"max_hp_per_floor":[72,72,72,72,72,72,72,72,72],"card_choices":[{"not_picked":["WindmillStrike","Protect"],"picked":"BowlingBash","floor":1.0},{"not_picked":["SashWhip","InnerPeace"],"picked":"FollowUp","floor":2.0},{"not_picked":["Study","Protect"],"picked":"Crescendo","floor":3},{"not_picked":["JustLucky","CutThroughFate","ThirdEye"],"picked":"SKIP","floor":4},{"not_picked":["Prostrate","FollowUp"],"picked":"FlyingSleeves","floor":5},{"not_picked":["BowlingBash","FollowUp"],"picked":"Vengeance","floor":6}],"player_experience":735539,"relics_obtained":[{"floor":6,"key":"Toy Ornithopter"}],"event_choices":[],"is_beta":false,"boss_relics":[],"items_purged_floors":[],"is_endless":false,"potions_floor_spawned":[1,2],"killed_by":"Gremlin Nob","ascension_level":2}}