{"host":"J","time":1610735830,"event":{"mods":["BaseMod","Better Third Choice","Minty Spire (QoL Compilation)","StSLib"],"gold_per_floor":[118,118,118,131,281,281,296,329,329,329,54,54,54,117,117,117,117],"floor_reached":16,"language":"ENG","playtime":308,"items_purged":["Doubt"],"score":262,"play_id":"d3fa594c-4571-486e-add9-7d21fded00ff","local_time":"20210115193710","is_ascension_mode":true,"campfire_choices":[{"data":"Eruption","floor":6,"key":"SMITH"},{"floor":10,"key":"REST"},{"data":"CrushJoints","floor":12,"key":"SMITH"},{"data":"HandOfGreed","floor":15,"key":"SMITH"}],"circlet_count":0,"master_deck":["AscendersBane","Strike_P","Strike_P+1","Strike_P+1","Strike_P","Defend_P","Defend_P","Defend_P","Defend_P","Eruption+1","Vigilance","FlyingSleeves","BowlingBash","Wireheading","CrushJoints+1","HandOfGreed+1","EmptyBody"],"relics":["PureWater","Nunchaku","Golden Idol","Ornamental Fan","Gremlin Horn","Regal Pillow"],"acts_visited":["Exordium"],"potions_floor_usage":[14],"damage_taken":[{"damage":11,"enemies":"Jaw Worm","floor":1,"turns":4},{"damage":0,"enemies":"2 Louse","floor":4,"turns":1},{"damage":0,"enemies":"Small Slimes","floor":7,"turns":2},{"damage":22,"enemies":"Gremlin Nob","floor":8,"turns":3},{"damage":0,"enemies":"Lagavulin","floor":14,"turns":4},{"damage":39,"enemies":"Hexaghost","floor":16,"turns":9}],"seed_played":"-6235355998133374828","potions_obtained":[{"floor":4,"key":"Ancient Potion"},{"floor":8,"key":"Regen Potion"}],"is_trial":false,"path_per_floor":["M","?","?","M","?","R","M","E","T","R","$","R","$","E","R","B"],"character_chosen":"WATCHER","items_purchased":["HandOfGreed"],"campfire_rested":1,"item_purchase_floors":[11],"current_hp_per_floor":[50,30,30,30,30,30,30,8,8,26,26,26,26,38,38,0,0],"gold":117,"neow_bonus":"RANDOM_COMMON_RELIC","is_daily":false,"chose_seed":false,"campfire_upgraded":3,"win_rate":0.0,"timestamp":1610735830,"path_taken":["M","?","?","M","?","R","M","E","T","R","$","R","?","E","R","BOSS"],"items_purchased_type":["Card"],"build_version":"2020-12-18","purchased_purges":1,"victory":false,"max_hp_per_floor":[68,68,62,62,62,62,62,62,62,62,62,62,62,62,62,62,62],"card_choices":[{"not_picked":["ClearTheMind","PathToVictory"],"picked":"FlyingSleeves","floor":1},{"not_picked":["Meditate","FollowUp"],"picked":"BowlingBash","floor":4},{"not_picked":["Protect","Evaluate"],"picked":"Wireheading","floor":7},{"not_picked":["InnerPeace","Wireheading"],"picked":"CrushJoints","floor":8},{"not_picked":["Prostrate","CutThroughFate"],"picked":"EmptyBody","floor":14}],"player_experience":1097433,"relics_obtained":[{"floor":8,"key":"Ornamental Fan"},{"floor":9,"key":"Gremlin Horn"},{"floor":14,"key":"Regal Pillow"}],"event_choices":[{"damage_healed":50,"gold_gain":0,"player_choice":"Upgrade","damage_taken":20,"max_hp_gain":0,"max_hp_loss":68,"event_name":"betterThird:BetterShining","floor":2,"gold_loss":0,"cards_upgraded":["Strike_P","Strike_P"]},{"damage_healed":0,"gold_gain":0,"player_choice":"Lose Max HP","damage_taken":0,"relics_obtained":["Golden Idol"],"max_hp_gain":0,"max_hp_loss":6,"event_name":"Golden Idol","floor":3,"gold_loss":0},{"damage_healed":0,"gold_gain":150,"player_choice":"AGREE","damage_taken":131,"max_hp_gain":0,"max_hp_loss":0,"event_name":"betterThird:BetterSerpent","floor":5,"gold_loss":0}],"is_beta":true,"boss_relics":[],"items_purged_floors":[11],"is_endless":false,"potions_floor_spawned":[4,8],"killed_by":"Hexaghost","ascension_level":20}}92,"relics_obtained":[{"floor":6.0,"key":"Art of War"},{"floor":8.0,"key":"Lantern"},{"floor":12.0,"key":"Singing Bowl"}],"event_choices":[{"damage_healed":0.0,"max_hp_gain":0.0,"max_hp_loss":0.0,"gold_gain":0.0,"event_name":"Lab","player_choice":"Got Potions","floor":5.0,"gold_loss":0.0,"damage_taken":0.0},{"damage_healed":0.0,"max_hp_gain":5.0,"max_hp_loss":0.0,"gold_gain":0.0,"event_name":"Big Fish","player_choice":"Donut","floor":14.0,"gold_loss":0.0,"damage_taken":0.0}],"is_beta":false,"boss_relics":[],"items_purged_floors":[],"is_endless":false,"potions_floor_spawned":[1,3,10,11],"killed_by":"Hexaghost","ascension_level":2}}