{"host":"s7f8yj5urueb7fy1","time":1610684137,"event":{"mods":["Act Like it!","Bard","BaseMod","Better Third Choice","Conspire","Downfall","Hallownest","Minty Spire (QoL Compilation)","Replay The Spire","Shop Mod","Somnambulant","StSLib","The Bug Knight","The Cursed","The Factory","The Hierophant","The Jungle","TheFirefly","Wandering Minibosses"],"gold_per_floor":[99,115,134,309,329,347,373,401,12,31,41,71,71,84,102,102,102,102],"floor_reached":16,"language":"ENG","playtime":1637,"items_purged":["Doubt"],"score":199,"play_id":"5cec9fa4-dd44-4634-9816-c68c958bbef2","local_time":"20210114201537","is_ascension_mode":true,"campfire_choices":[],"circlet_count":0,"master_deck":["Slimebound:Strike_Slimebound","Slimebound:Strike_Slimebound","Slimebound:Tackle","Slimebound:Defend_Slimebound","Slimebound:Defend_Slimebound","Slimebound:Defend_Slimebound","Slimebound:Defend_Slimebound","Slimebound:Split","Slimebound:CorrosiveSpit","Slimebound:SlimeSpikes","Slimebound:SamplingLick","Slimebound:SplitAcid","Slimebound:HungryTackle","Slimebound:LivingWall","Slimebound:GrowthPunch","Slimebound:PrepareCrush","expansioncontent:Corrupt+1","Slimebound:GrowthPunch","Slimebound:Grow","Slimebound:Nibble","Slimebound:Equalize","Slimebound:SplitBruiser","Slimebound:LevelUp+1"],"relics":["Black Star","Boot","Blue Doll","MawBank","Oddly Smooth Stone","Frozen Egg 2","Replay:Kaleidoscope"],"acts_visited":["Exordium"],"potions_floor_usage":[16,16,16],"damage_taken":[{"damage":18,"enemies":"Jaw Worm","floor":2,"turns":5},{"damage":4,"enemies":"Small Slimes","floor":3,"turns":4},{"damage":8,"enemies":"Cultist","floor":5,"turns":3},{"damage":14,"enemies":"2 Fungi Beasts","floor":6,"turns":3},{"damage":16,"enemies":"HollowMod:MossKnight","floor":8,"turns":12},{"damage":12,"enemies":"downfall:FleeingMerchant","floor":9,"turns":4},{"damage":10,"enemies":"Gremlin Gang","floor":10,"turns":3},{"damage":18,"enemies":"Large Slime","floor":11,"turns":4},{"damage":16,"enemies":"Lagavulin","floor":12,"turns":5},{"damage":7,"enemies":"conspire:2 RoseBushes","floor":14,"turns":3},{"damage":17,"enemies":"Blue Slaver","floor":15,"turns":3},{"damage":16,"enemies":"downfall:Silent","floor":16,"turns":2}],"seed_played":"-2320674389738503367","potions_obtained":[{"floor":3,"key":"Slimebound:SlimedPotion"},{"floor":11,"key":"EssenceOfSteel"},{"floor":14,"key":"EssenceOfSteel"}],"is_trial":false,"path_per_floor":["R","M","M","?","M","M","T","E","$","M","M","E","?","M","M","B"],"character_chosen":"SLIMEBOUND","items_purchased":["expansioncontent:Corrupt+1","Slimebound:GrowthPunch","Slimebound:Grow","Slimebound:Nibble"],"campfire_rested":0,"item_purchase_floors":[9,9,9,9],"current_hp_per_floor":[60,46,46,46,46,40,40,40,40,38,20,24,24,21,16,0,0,0],"gold":102,"neow_bonus":"BOSS_RELIC","is_daily":false,"chose_seed":false,"campfire_upgraded":0,"win_rate":0.0,"timestamp":1610684137,"path_taken":["R","M","M","?","M","M","T","E","$","M","M","E","?","?","M","BOSS"],"items_purchased_type":["Card","Card","Card","Card"],"build_version":"2020-12-22","purchased_purges":1,"victory":false,"max_hp_per_floor":[60,60,60,60,60,60,60,60,60,60,60,60,60,60,60,60,60,60],"card_choices":[{"not_picked":["Slimebound:MegaLick","Slimebound:LeechingTouch"],"picked":"Slimebound:SamplingLick","floor":2},{"not_picked":["Slimebound:FinishingTackle","Slimebound:ProtectTheBoss"],"picked":"Slimebound:SplitAcid","floor":3},{"not_picked":["Slimebound:FinishingTackle","Slimebound:LeechingTouch"],"picked":"Slimebound:HungryTackle","floor":5},{"not_picked":["Slimebound:ViciousTackle","Slimebound:LeechingTouch"],"picked":"Slimebound:LivingWall","floor":6},{"not_picked":["Slimebound:HauntingLick","Slimebound:TongueLash"],"picked":"Slimebound:GrowthPunch","floor":8},{"not_picked":["Slimebound:GoopSpray","Slimebound:LevelUp"],"picked":"Slimebound:PrepareCrush","floor":9},{"not_picked":["Slimebound:ComboTackle","Slimebound:Schlurp"],"picked":"Slimebound:Equalize","floor":10},{"not_picked":["Slimebound:SlimeBrawl","Slimebound:FinishingTackle"],"picked":"Slimebound:SplitBruiser","floor":11},{"not_picked":["Slimebound:ComboTackle","Slimebound:ItLooksTasty","Slimebound:SplitLeeching"],"picked":"SKIP","floor":12},{"not_picked":["Slimebound:ViciousTackle","Slimebound:SlimeSpikes"],"picked":"Slimebound:LevelUp+1","floor":14},{"not_picked":["Slimebound:GoopSpray","Slimebound:SplitAcid","Slimebound:LeechEnergy"],"picked":"SKIP","floor":15}],"player_experience":394659,"relics_obtained":[{"floor":7,"key":"Boot"},{"floor":8,"key":"Blue Doll"},{"floor":8,"key":"MawBank"},{"floor":12,"key":"Oddly Smooth Stone"},{"floor":12,"key":"Frozen Egg 2"},{"floor":13,"key":"Replay:Kaleidoscope"}],"event_choices":[{"damage_healed":0,"gold_gain":0,"player_choice":"Relic","damage_taken":0,"max_hp_gain":0,"max_hp_loss":0,"event_name":"Wheel of Change","floor":13,"gold_loss":0}],"is_beta":false,"boss_relics":[],"items_purged_floors":[9],"is_endless":false,"potions_floor_spawned":[3,11,14],"killed_by":"downfall:Silent","ascension_level":4}}