{"host":"aj6dldabq8s02zuz","time":1610692045,"event":{"mods":["AchievementEnabler","BaseMod","Better Note","Better Third Choice","Block Reminder","Colored Map","Custom Start","Downfall","Hermit","Highlight Path","Hubris","Mimic Mod","Minty Spire (QoL Compilation)","Permanent Neow","Quick Restart","Relic Sorter","Replay The Spire","StSLib","The Blue Laboratory","The Jungle","TheArtist","Wandering Minibosses"],"gold_per_floor":[99,119,130,130,142,161,161,161,261,91,16,16,29,14,33,133,183,108,126,136,136,136,150,150,150,150,150],"floor_reached":25,"language":"ENG","playtime":1596,"items_purged":[],"score":218,"play_id":"2e56ab0b-d52f-45b1-ab4a-3a20541ee955","local_time":"20210115002725","is_ascension_mode":false,"campfire_choices":[{"floor":1,"key":"RECALL"},{"data":"Guardian:Orbwalk","floor":11,"key":"SMITH"},{"data":"Guardian:Harden","floor":18,"key":"SMITH"}],"circlet_count":0,"master_deck":["Guardian:Strike_Guardian","Guardian:Strike_Guardian+1","Guardian:Strike_Guardian+1","Guardian:Strike_Guardian","Guardian:Defend_Guardian","Guardian:Defend_Guardian","Guardian:Defend_Guardian","Guardian:Defend_Guardian+1","Guardian:CurlUp+1","Guardian:TwinSlam+1","Guardian:Incinerate","Guardian:Reroute+1","Guardian:Orbwalk+1","Regret","Guardian:Harden+1","Guardian:PiercingHide","Guardian:ExploitGems","Guardian:HyperBeam_Guardian","Guardian:ChargeUp","Guardian:BronzeArmor","Guardian:Gem_Blue","Guardian:Gem_Fragmented","Anger","Guardian:DecasProtection"],"relics":["Guardian:ModeShifter","Blood Vial","downfall:HeartBlessingBlue","Tiny House","downfall:HeartBlessingRed","Vajra"],"acts_visited":["Exordium","TheCity"],"potions_floor_usage":[],"damage_taken":[{"damage":2,"enemies":"2 Louse","floor":2,"turns":3},{"damage":1,"enemies":"Jaw Worm","floor":3,"turns":4},{"damage":0,"enemies":"Small Slimes","floor":5,"turns":4},{"damage":0,"enemies":"3 Louse","floor":6,"turns":4},{"damage":10,"enemies":"downfall:FleeingMerchant","floor":10,"turns":4},{"damage":8,"enemies":"Blue Slaver","floor":13,"turns":3},{"damage":6,"enemies":"downfall:FleeingMerchant","floor":14,"turns":4},{"damage":19,"enemies":"Lots of Slimes","floor":15,"turns":5},{"damage":30,"enemies":"downfall:Watcher","floor":16,"turns":11},{"damage":0,"enemies":"3 Byrds","floor":19,"turns":2},{"damage":22,"enemies":"Shell Parasite","floor":20,"turns":5},{"damage":39,"enemies":"Shelled Parasite and Fungi","floor":23,"turns":7},{"damage":27,"enemies":"downfall:Augmenter","floor":25,"turns":4}],"seed_played":"-8979087459634332520","potions_obtained":[{"floor":3,"key":"blueLaboratory:FrostheartPotion"},{"floor":5,"key":"blueLaboratory:FrostheartPotion"},{"floor":6,"key":"Cursed Concoction"}],"is_trial":false,"path_per_floor":["R","M","M","?","M","M","T","?","?","$","R","?","M","$","M","B",null,"R","M","M","?","?","M","T","?"],"character_chosen":"GUARDIAN","items_purchased":["Blood Vial"],"campfire_rested":0,"item_purchase_floors":[10],"current_hp_per_floor":[80,78,77,77,77,77,77,77,77,67,77,77,71,67,50,60,95,95,95,73,73,73,36,36,11,11,11],"gold":150,"neow_bonus":"UPGRADE_CARD","is_daily":false,"chose_seed":false,"campfire_upgraded":2,"win_rate":0.0,"timestamp":1610692045,"path_taken":["R","M","M","?","M","M","T","?","?","$","R","?","M","?","M","BOSS","R","M","M","?","?","M","T","?"],"items_purchased_type":["Relic"],"build_version":"2020-12-22","purchased_purges":0,"victory":false,"max_hp_per_floor":[80,80,80,80,80,80,80,80,80,80,90,90,90,90,90,90,95,95,95,95,95,95,95,95,95,95,95],"card_choices":[{"not_picked":["Guardian:TemporalShield","Guardian:MultiBeam"],"picked":"Guardian:Incinerate","floor":2},{"not_picked":["Guardian:Planning","Guardian:PiercingHide"],"picked":"Guardian:Gem_Purple","floor":3},{"not_picked":["Guardian:Gem_Green","Guardian:TemporalStrike"],"picked":"Guardian:Gem_White","floor":5},{"not_picked":["Guardian:ChargeCore","Guardian:TimeBomb"],"picked":"Guardian:Reroute","floor":6},{"not_picked":["Guardian:TemporalStrike","Guardian:ShieldSpikes"],"picked":"Guardian:Orbwalk","floor":10},{"not_picked":["Guardian:CrystalBeam","Guardian:PrismaticBeam"],"picked":"Guardian:Harden","floor":13},{"not_picked":["Guardian:RefractedBeam","Guardian:Reroute"],"picked":"Guardian:PiercingHide","floor":14},{"not_picked":["Guardian:FloatingOrbs","Guardian:TemporalStrike"],"picked":"Guardian:ExploitGems","floor":15},{"not_picked":["Guardian:GemFire","Guardian:SphericShield"],"picked":"Guardian:HyperBeam_Guardian","floor":16},{"not_picked":["Guardian:Gem_Green","Guardian:Incinerate+1"],"picked":"Guardian:ChargeUp","floor":19},{"not_picked":["Guardian:FloatingOrbs","Guardian:TemporalShield"],"picked":"Guardian:BronzeArmor","floor":20},{"not_picked":["Guardian:TemporalShield","Guardian:PrismaticBeam"],"picked":"Guardian:DecasProtection","floor":23}],"player_experience":34525,"relics_obtained":[{"floor":24,"key":"Vajra"}],"event_choices":[{"cards_removed":["Guardian:Incinerate"],"damage_healed":0,"gold_gain":0,"player_choice":"Take \u0026 Give","damage_taken":0,"max_hp_gain":0,"max_hp_loss":0,"event_name":"betterNote:BetterNote","floor":22,"gold_loss":0,"cards_obtained":["Anger"]}],"is_beta":false,"boss_relics":[{"not_picked":["Runic Dome","SacredBark"],"picked":"Tiny House"}],"items_purged_floors":[],"is_endless":false,"potions_floor_spawned":[3,5,6,15,19,23],"killed_by":"downfall:Augmenter","ascension_level":0}}