{"host":"jfbo3eu2ui08ej1u","time":1610746233,"event":{"mods":["2.2 Compatiblity","AchievementEnabler","Act Like it!","Aspiration","BaseMod","Better Altar","Better Match","Better Note","Better Sensory Stone","Better Skull","Better Third Choice","Block Reminder","Colored Map","Colored Powertips","Conspire","DeckTracker","Displayed Cursed Tome","Downfall","Energized Spire","Fox Events","GifTheSpireLib","Hubris","Infinite Spire","Marked Mod","Minty Spire (QoL Compilation)","Pale of the Ancients","Poor People Problems","Quick Restart","Relic Filter","Reorder Act Four","Replay The Spire","Shop Mod","Spicy Shops","StSLib","Stuff the Spire","The Blue Laboratory","The Disciple","The Forsaken","The Hierophant","The Marked","Uncapped","Unceasing Turn Reminder","Wandering Minibosses"],"gold_per_floor":[110,128,148,148,223,223,223,238,238,238,265,265,265,277,277,277,277],"floor_reached":16,"language":"ENG","playtime":413,"items_purged":[],"score":190,"play_id":"d8c7e9eb-5f38-4a91-884a-a86b2ad5e110","local_time":"20210115163033","is_ascension_mode":true,"campfire_choices":[{"data":"rorgmod:Critical Section","floor":6.0,"key":"SMITH"},{"data":"Zap","floor":10,"key":"SMITH"},{"data":"Lockon","floor":12,"key":"SMITH"},{"floor":15,"key":"REST"}],"circlet_count":0,"master_deck":["AscendersBane","Strike_B","Strike_B","Strike_B","Defend_B","Defend_B","Defend_B","Defend_B","Zap+1","Dualcast","hubris:SpecializedCircuitry","Stack","Madness+1","Hologram","Lockon+1","Injury","Tempest+1"],"relics":["Cracked Core","Lizard Tail","Art of War","Toxic Egg 2"],"acts_visited":["Exordium"],"potions_floor_usage":[16],"damage_taken":[{"damage":0.0,"enemies":"conspire:RoseBush","floor":1.0,"turns":2.0},{"damage":7.0,"enemies":"Jaw Worm","floor":2.0,"turns":2.0},{"damage":5.0,"enemies":"Small Slimes","floor":3.0,"turns":4.0},{"damage":19,"enemies":"conspire:2 RoseBushes","floor":8,"turns":7},{"damage":27,"enemies":"Replay:BlueRogue","floor":11,"turns":8},{"damage":13,"enemies":"Blue Slaver","floor":14,"turns":3},{"damage":100,"enemies":"Fading Forest","floor":16,"turns":9}],"seed_played":"-580967221861285178","potions_obtained":[{"floor":1.0,"key":"blueLaboratory:HorrorPotion"},{"floor":11,"key":"infinitespire:BlackPotion"}],"is_trial":false,"path_per_floor":["M","M","M","?","?","R","?","M","T","R","E","R","?","M","R","B"],"character_chosen":"DEFECT","items_purchased":[],"campfire_rested":1,"item_purchase_floors":[],"current_hp_per_floor":[64,57,52,57,46,46,46,27,27,27,38,38,38,25,47,0,0],"gold":277,"neow_bonus":"ONE_RANDOM_RARE_CARD","is_daily":false,"chose_seed":false,"campfire_upgraded":3,"win_rate":0.0,"timestamp":1610746233,"path_taken":["M","M","M","?","?","R","?","M","T","R","E","R","?","?","R","BOSS"],"items_purchased_type":[],"build_version":"2020-12-22","purchased_purges":0,"victory":false,"max_hp_per_floor":[71,71,71,76,76,76,76,76,76,76,76,76,76,76,76,76,76],"card_choices":[{"not_picked":["ReplaySort","Sweeping Beam","conspire:SharedLibrary"],"picked":"SKIP","floor":1.0},{"not_picked":["rorgmod:Overcurrent","Turbo"],"picked":"Stack","floor":2.0},{"not_picked":["conspire:SharedLibrary","Conserve Battery"],"picked":"rorgmod:Critical Section","floor":3.0},{"not_picked":["Stack","Compile Driver"],"picked":"Hologram","floor":8},{"not_picked":["Coolheaded","Rebound"],"picked":"Lockon","floor":11},{"not_picked":["Gash","ReplaySort+1"],"picked":"Tempest+1","floor":14}],"player_experience":1233370,"relics_obtained":[{"floor":9,"key":"Lizard Tail"},{"floor":11,"key":"Art of War"}],"event_choices":[{"damage_healed":0.0,"max_hp_gain":5.0,"max_hp_loss":0.0,"gold_gain":0.0,"event_name":"Big Fish","player_choice":"Donut","floor":4.0,"gold_loss":0.0,"damage_taken":0.0},{"damage_healed":0.0,"max_hp_gain":0.0,"max_hp_loss":0.0,"gold_gain":75.0,"event_name":"betterThird:BetterGoop","player_choice":"Gold","floor":5.0,"gold_loss":0.0,"damage_taken":11.0},{"cards_removed":["Strike_B"],"damage_healed":0,"gold_gain":0,"player_choice":"Offered Basic","damage_taken":0,"max_hp_gain":0,"max_hp_loss":0,"event_name":"Bonfire Elementals","floor":7,"gold_loss":0}],"is_beta":false,"boss_relics":[],"items_purged_floors":[],"is_endless":false,"potions_floor_spawned":[1,11,14],"killed_by":"Fading Forest","ascension_level":18}}