{"host":"9d9dhukr2jywmy0f","time":1610698090,"event":{"mods":["2.2 Compatiblity","Alarm Clock","BaseMod","Bestiary","Block Reminder","Clockwork Mod","Colored Map","Colored Powertips","Curses Come First","DeckTracker","Highlight Path","Key Reminder","Minty Spire (QoL Compilation)","Quick Restart","Rare Cards Sparkle","Relic Sorter","Relic Stats","Spire Birthday Party","StSLib","SuperFastMode","Synergy Search","Unceasing Turn Reminder","Unknown Chances"],"gold_per_floor":[362,287,287,287,300,300,55,55,124,124,134,144,144,144,144,248,248,265,113,168,168,86,86,102,201,249,249,262,293,312,149,149,248,248,266,266,281,291,305,305,334,334,357,389,409,409,439,458,458,458,458,458,71,106,106],"floor_reached":56,"language":"ZHS","playtime":3457,"items_purged":["Clockwork:Strike","Clockwork:Shield"],"score":1822,"play_id":"a9860ad8-d40c-487e-9906-8149e3a03cb9","local_time":"20210115160810","is_ascension_mode":true,"campfire_choices":[{"data":"Clockwork:Tinker","floor":6.0,"key":"SMITH"},{"data":"Clockwork:Roundhouse","floor":8.0,"key":"SMITH"},{"data":"Clockwork:WarmUp","floor":10.0,"key":"SMITH"},{"data":"Clockwork:Roundhouse","floor":13.0,"key":"SMITH"},{"floor":15.0,"key":"RECALL"},{"data":"Clockwork:OccamsRazor","floor":23.0,"key":"SMITH"},{"floor":32,"key":"REST"},{"floor":40,"key":"REST"},{"floor":42,"key":"REST"},{"floor":49,"key":"REST"},{"floor":52,"key":"REST"}],"circlet_count":0,"master_deck":["Clockwork:Shield+1","Clockwork:Tinker+1","Clockwork:WarmUp+1","Clockwork:Roundhouse+1","Clockwork:Roundhouse+1","Clockwork:OccamsRazor+1","Clockwork:Improve+1","Clockwork:Improve+1","Clockwork:Improve+1","Deep Breath+1"],"relics":["Clockwork:MomentumEngine","Clockwork:SomewhatSmoothStone","Strange Spoon","Toxic Egg 2","Clockwork:CopperScales","Runic Dome","Orrery","Oddly Smooth Stone","Enchiridion","Nunchaku","Kunai","Black Star","Centennial Puzzle","Gremlin Horn","Dream Catcher","Shuriken","Bird Faced Urn","Letter Opener","Juzu Bracelet","Clockwork:BloodPhial","HornCleat","Sling","Ornamental Fan","Anchor","Clockwork:Varja"],"acts_visited":["Exordium","TheCity","TheBeyond","TheEnding"],"potions_floor_usage":[28,55,55],"damage_taken":[{"damage":2.0,"enemies":"Jaw Worm","floor":1.0,"turns":12.0},{"damage":12.0,"enemies":"Cultist","floor":5.0,"turns":9.0},{"damage":0.0,"enemies":"2 Louse","floor":11.0,"turns":5.0},{"damage":0.0,"enemies":"Blue Slaver","floor":12.0,"turns":7.0},{"damage":38.0,"enemies":"Hexaghost","floor":16.0,"turns":10.0},{"damage":7.0,"enemies":"2 Thieves","floor":18.0,"turns":4.0},{"damage":0.0,"enemies":"3 Byrds","floor":24.0,"turns":2.0},{"damage":3,"enemies":"Snake Plant","floor":28,"turns":4},{"damage":0,"enemies":"Gremlin Leader","floor":29,"turns":5},{"damage":0,"enemies":"Sentry and Sphere","floor":30,"turns":2},{"damage":0,"enemies":"Collector","floor":33,"turns":3},{"damage":0,"enemies":"3 Darklings","floor":35,"turns":2},{"damage":1,"enemies":"Orb Walker","floor":37,"turns":4},{"damage":0,"enemies":"Sphere and 2 Shapes","floor":38,"turns":3},{"damage":7,"enemies":"4 Shapes","floor":39,"turns":2},{"damage":0,"enemies":"Reptomancer","floor":41,"turns":2},{"damage":0,"enemies":"Nemesis","floor":44,"turns":3},{"damage":0,"enemies":"Maw","floor":45,"turns":3},{"damage":0,"enemies":"Giant Head","floor":47,"turns":2},{"damage":0,"enemies":"3 Darklings","floor":48,"turns":2},{"damage":0,"enemies":"Time Eater","floor":50,"turns":4},{"damage":0,"enemies":"Shield and Spear","floor":54,"turns":2},{"damage":0,"enemies":"The Heart","floor":55,"turns":5}],"seed_played":"-1589608262999806674","potions_obtained":[{"floor":1.0,"key":"AttackPotion"},{"floor":11.0,"key":"GamblersBrew"},{"floor":16.0,"key":"PowerPotion"},{"floor":24.0,"key":"Dexterity Potion"},{"floor":30,"key":"DistilledChaos"},{"floor":38,"key":"DuplicationPotion"}],"is_trial":false,"path_per_floor":["M","$","?","?","M","R","$","R","T","R","M","M","R","T","R","B",null,"M","$","T","?","$","R","M","?","T","?","M","E","M","$","R","B",null,"M","$","M","M","M","R","E","R","T","E","M","?","E","M","R","B",null,"R","$","E","B",null],"character_chosen":"CLOCKWORK","items_purchased":["Strange Spoon","Orrery","Clockwork:OccamsRazor","Clockwork:CraftMomentumEngine+1","Deep Breath+1","HornCleat","Sling"],"campfire_rested":5,"item_purchase_floors":[7,19,22,31,31,53,53],"current_hp_per_floor":[59,59,52,52,40,40,40,40,40,40,40,40,40,40,40,2,85,78,78,78,62,62,62,62,62,62,62,59,59,59,59,84,84,85,85,85,84,84,77,85,85,85,85,85,85,85,85,85,85,85,85,85,85,85,85],"gold":106,"neow_bonus":"TWO_FIFTY_GOLD","is_daily":false,"chose_seed":false,"campfire_upgraded":5,"win_rate":0.0,"timestamp":1610698090,"path_taken":["M","$","?","?","M","R","?","R","T","R","M","M","R","?","R","BOSS","M","$","?","?","?","R","M","?","T","?","?","E","M","$","R","BOSS","M","$","M","M","M","R","E","R","T","E","M","?","E","M","R","BOSS","R","$","E","BOSS"],"items_purchased_type":["Relic","Relic","Card","Card","Card","Relic","Relic"],"build_version":"2020-11-30","purchased_purges":2,"victory":true,"max_hp_per_floor":[85,85,85,85,85,85,85,85,85,85,85,85,85,85,85,85,85,85,85,85,85,85,85,85,85,85,85,85,85,85,85,85,85,85,85,85,85,85,85,85,85,85,85,85,85,85,85,85,85,85,85,85,85,85,85],"relic_stats":{"Gremlin Horn":[3,3],"counters":[23,97],"Juzu Bracelet":0,"Letter Opener":[175],"Strange Spoon":[41],"Nunchaku":[15],"Centennial Puzzle":[0],"Dream Catcher":2,"Shuriken":[14],"Ornamental Fan":[16],"Bird Faced Urn":[0],"Black Star":4,"Kunai":[31],"obtain_stats":[{"Gremlin Horn":41,"Clockwork:BloodPhial":48,"Enchiridion":21,"Clockwork:Varja":55,"Juzu Bracelet":47,"Sling":53,"Nunchaku":26,"Centennial Puzzle":41,"Dream Catcher":43,"HornCleat":53,"Kunai":29,"Toxic Egg 2":9,"Clockwork:CopperScales":16,"Clockwork:SomewhatSmoothStone":5,"Oddly Smooth Stone":20,"Letter Opener":47,"Clockwork:MomentumEngine":0,"keyreminder:keyreminder":14,"Strange Spoon":7,"Runic Dome":17,"Anchor":54,"Shuriken":44,"Ornamental Fan":54,"Bird Faced Urn":44,"Orrery":19,"Black Star":34},{"Gremlin Horn":16,"Clockwork:BloodPhial":20,"Enchiridion":6,"Clockwork:Varja":23,"Juzu Bracelet":19,"Sling":21,"Nunchaku":7,"Centennial Puzzle":16,"Dream Catcher":16,"HornCleat":21,"Kunai":9,"Toxic Egg 2":2,"Clockwork:CopperScales":5,"Clockwork:SomewhatSmoothStone":2,"Oddly Smooth Stone":6,"Letter Opener":19,"Clockwork:MomentumEngine":0,"keyreminder:keyreminder":4,"Strange Spoon":2,"Runic Dome":5,"Anchor":22,"Shuriken":17,"Ornamental Fan":22,"Bird Faced Urn":17,"Orrery":6,"Black Star":11},{"Gremlin Horn":76,"Clockwork:BloodPhial":86,"Enchiridion":47,"Clockwork:Varja":94,"Juzu Bracelet":84,"Sling":90,"Nunchaku":49,"Centennial Puzzle":76,"Dream Catcher":76,"HornCleat":90,"Kunai":58,"Toxic Egg 2":21,"Clockwork:CopperScales":37,"Clockwork:SomewhatSmoothStone":18,"Oddly Smooth Stone":47,"Letter Opener":84,"Clockwork:MomentumEngine":0,"keyreminder:keyreminder":33,"Strange Spoon":21,"Runic Dome":43,"Anchor":92,"Shuriken":79,"Ornamental Fan":92,"Bird Faced Urn":79,"Orrery":47,"Black Star":63}]},"card_choices":[{"not_picked":["Clockwork:Scour","Clockwork:ChargingShield"],"picked":"Clockwork:CraftSomewhatSmoothStone","floor":1.0},{"not_picked":["Clockwork:AdaptiveShield","Clockwork:TestingEnvironment"],"picked":"Clockwork:Roundhouse","floor":5.0},{"not_picked":["Clockwork:SmithsMallet","Clockwork:Minimalism+1"],"picked":"Clockwork:Roundhouse","floor":11.0},{"not_picked":["Clockwork:ElasticNanites","Clockwork:AssemblyLine"],"picked":"Clockwork:CraftCopperScales+1","floor":12.0},{"not_picked":["Clockwork:CogToss","Clockwork:Scour+1","Clockwork:AssemblyLine"],"picked":"SKIP","floor":18.0},{"not_picked":["Clockwork:StasisBreak","Clockwork:ChargingShield+1"],"picked":"Clockwork:CraftCopperScales+1","floor":19.0},{"not_picked":["Clockwork:AdaptiveShield+1","Clockwork:SystemHardening+1"],"picked":"Clockwork:CraftCopperScales+1","floor":19.0},{"not_picked":["Clockwork:SystemScan+1","Clockwork:CogShield+1"],"picked":"Clockwork:Improve+1","floor":24.0},{"not_picked":["Clockwork:SnapKeep","Clockwork:OccamsRazor"],"picked":"Clockwork:Downsize+1","floor":28},{"not_picked":["Clockwork:Pluck","Clockwork:PerfectedStrike","Clockwork:SpringShield+1"],"picked":"SKIP","floor":29},{"not_picked":["Clockwork:SpurOn","Clockwork:ForgeStrike"],"picked":"Clockwork:Improve+1","floor":30},{"not_picked":["Clockwork:StasisBreak","Clockwork:TiltAWhirl+1","Clockwork:MechanicalBulk+1"],"picked":"SKIP","floor":35},{"not_picked":["Clockwork:CogBarrier+1","Clockwork:Enhance+1","Clockwork:CogToss+1"],"picked":"SKIP","floor":37},{"not_picked":["Clockwork:ForgeStrike+1","Clockwork:SystemScan+1","Clockwork:TiltAWhirl+1"],"picked":"SKIP","floor":38},{"not_picked":["Clockwork:ChargingBlade+1","Clockwork:QuantumStrike+1","Clockwork:ForgeStrike"],"picked":"SKIP","floor":39},{"not_picked":["Clockwork:ChargingBlade+1","Clockwork:QuantumStrike+1","Clockwork:ForgeStrike"],"picked":"SKIP","floor":39},{"not_picked":["Clockwork:Improve+1","Clockwork:AdaptiveCannon+1","Clockwork:Efficiency"],"picked":"SKIP","floor":41},{"not_picked":["Clockwork:DefectiveParts","Clockwork:Friction","Clockwork:TiltAWhirl"],"picked":"SKIP","floor":44},{"not_picked":["Clockwork:TestingEnvironment+1","Clockwork:CogToss+1","Clockwork:SnapKeep+1"],"picked":"SKIP","floor":45},{"not_picked":["Clockwork:Redundancy","Clockwork:RevUp"],"picked":"Clockwork:CraftBloodPhial+1","floor":47},{"not_picked":["Clockwork:ChargingBlade+1","Clockwork:SystemHardening+1","Clockwork:Redundancy"],"picked":"SKIP","floor":48},{"not_picked":["Clockwork:AdaptiveCannon","Clockwork:Redundancy"],"picked":"Clockwork:CraftVarja+1","floor":54}],"player_experience":839297,"relics_obtained":[{"floor":9.0,"key":"Toxic Egg 2"},{"floor":20.0,"key":"Oddly Smooth Stone"},{"floor":21.0,"key":"Enchiridion"},{"floor":26.0,"key":"Nunchaku"},{"floor":29,"key":"Kunai"},{"floor":41,"key":"Centennial Puzzle"},{"floor":41,"key":"Gremlin Horn"},{"floor":43,"key":"Dream Catcher"},{"floor":44,"key":"Shuriken"},{"floor":44,"key":"Bird Faced Urn"},{"floor":47,"key":"Letter Opener"},{"floor":47,"key":"Juzu Bracelet"},{"floor":54,"key":"Ornamental Fan"},{"floor":54,"key":"Anchor"}],"event_choices":[{"cards_removed":["Clockwork:Shield"],"damage_healed":0.0,"max_hp_gain":0.0,"max_hp_loss":0.0,"gold_gain":0.0,"event_name":"Golden Wing","player_choice":"Card Removal","floor":3.0,"gold_loss":0.0,"damage_taken":7.0},{"cards_removed":["Clockwork:Strike"],"damage_healed":0.0,"max_hp_gain":0.0,"max_hp_loss":0.0,"gold_gain":0.0,"event_name":"Living Wall","player_choice":"Forget","floor":4.0,"gold_loss":0.0,"damage_taken":0.0},{"damage_healed":0.0,"max_hp_gain":0.0,"max_hp_loss":0.0,"gold_gain":0.0,"event_name":"Cursed Tome","player_choice":"Obtained Book","floor":21.0,"gold_loss":0.0,"damage_taken":16.0},{"damage_healed":0.0,"max_hp_gain":0.0,"max_hp_loss":0.0,"gold_gain":99.0,"event_name":"Nest","player_choice":"Stole From Cult","floor":25.0,"gold_loss":0.0,"damage_taken":0.0},{"damage_healed":0.0,"max_hp_gain":0.0,"max_hp_loss":0.0,"gold_gain":0.0,"event_name":"Duplicator","player_choice":"Copied","floor":27.0,"gold_loss":0.0,"damage_taken":0.0,"cards_obtained":["Clockwork:Improve"]},{"damage_healed":0,"gold_gain":0,"player_choice":"Ignored","damage_taken":0,"max_hp_gain":0,"max_hp_loss":0,"event_name":"Tomb of Lord Red Mask","floor":46,"gold_loss":0}],"is_beta":false,"boss_relics":[{"not_picked":["Astrolabe","Calling Bell"],"picked":"Runic Dome"},{"not_picked":["Runic Pyramid","Velvet Choker"],"picked":"Black Star"}],"items_purged_floors":[2,7],"is_endless":false,"potions_floor_spawned":[1,11,16,24,30,37,38,41,44,47,48],"ascension_level":2}}