{"host":"9kesdg97wkrx2bva","time":1610742025,"event":{"mods":["AchievementEnabler","BaseMod","Colored Map","Downfall","GifTheSpireLib","Infinite Spire","Minty Spire (QoL Compilation)","Replay The Spire","StSLib"],"gold_per_floor":[111,10,160,180,193,193,193,193,193,193,57,57,70,83,83,159,159,175,175,189,6,22,22,22],"floor_reached":23,"language":"ENG","playtime":564,"items_purged":["Strike_B","Doubt","Barrage"],"score":335,"play_id":"13ea2c3d-e0ad-44ad-8cf1-ccd6480f9518","local_time":"20210115152025","is_ascension_mode":true,"campfire_choices":[{"data":"Zap","floor":6,"key":"SMITH"},{"data":"Dualcast","floor":10,"key":"SMITH"},{"data":"Gash","floor":12,"key":"SMITH"},{"data":"Streamline","floor":15,"key":"SMITH"}],"circlet_count":0,"master_deck":["AscendersBane","Defend_B","Defend_B","Defend_B","Defend_B","Zap+1","Dualcast+1","Panic Button","Barrage","Gash+1","Rebound","Go for the Eyes","Go for the Eyes","Streamline+1","Buffer","Heatsinks","Conserve Battery","Beam Cell"],"relics":["Cracked Core","NeowsBlessing","Divine Protection","Replay:Kaleidoscope","Replay:Drink Me","Enchiridion"],"acts_visited":["Exordium","TheCity"],"potions_floor_usage":[16,18,20,22,23],"damage_taken":[{"damage":0,"enemies":"2 Louse","floor":1,"turns":1},{"damage":0,"enemies":"Small Slimes","floor":4,"turns":1},{"damage":0,"enemies":"Jaw Worm","floor":5,"turns":1},{"damage":0,"enemies":"Blue Slaver","floor":13,"turns":5},{"damage":0,"enemies":"Large Slime","floor":14,"turns":4},{"damage":41,"enemies":"Hexaghost","floor":16,"turns":12},{"damage":9,"enemies":"Chosen","floor":18,"turns":4},{"damage":10,"enemies":"2 Thieves","floor":20,"turns":3},{"damage":0,"enemies":"Snecko","floor":22,"turns":6},{"damage":14,"enemies":"Gremlin Leader","floor":23,"turns":2}],"seed_played":"-3541595496462847211","potions_obtained":[{"floor":1,"key":"SpeedPotion"},{"floor":4,"key":"Elixir"},{"floor":13,"key":"Guardian:BlockOnCardUsePotion"},{"floor":16,"key":"Doom Potion"},{"floor":18,"key":"AttackPotion"},{"floor":20,"key":"Elixir"}],"is_trial":false,"path_per_floor":["M","$","?","M","M","R","?","?","T","R","$","R","M","M","R","B",null,"M","?","M","$","M","E"],"character_chosen":"DEFECT","items_purchased":["Barrage","Go for the Eyes","Beam Cell"],"campfire_rested":0,"item_purchase_floors":[2,11,21],"current_hp_per_floor":[64,64,64,64,64,64,69,58,58,58,58,58,58,58,58,17,47,38,17,7,7,7,0,0],"gold":22,"neow_bonus":"THREE_ENEMY_KILL","is_daily":false,"chose_seed":false,"campfire_upgraded":4,"win_rate":0.0,"timestamp":1610742025,"path_taken":["M","$","?","M","M","R","?","?","T","R","$","R","M","M","R","BOSS","M","?","M","$","M","E"],"items_purchased_type":["Card","Card","Card"],"build_version":"2020-12-22","purchased_purges":3,"victory":false,"max_hp_per_floor":[71,71,71,71,71,71,76,76,76,76,76,76,76,76,76,76,57,57,57,57,57,57,57,57],"card_choices":[{"not_picked":["Coolheaded","Glacier"],"picked":"Panic Button","floor":1},{"not_picked":["Machine Learning","Turbo"],"picked":"Gash","floor":4},{"not_picked":["Static Discharge","Go for the Eyes"],"picked":"Rebound","floor":5},{"not_picked":["Cold Snap","Coolheaded"],"picked":"Barrage","floor":13},{"not_picked":["Leap","Auto Shields"],"picked":"Streamline","floor":14},{"not_picked":["Fission","ReplayTheSpireMod:Omega Cannon"],"picked":"Buffer","floor":16},{"not_picked":["Steam","BasicCrystalCard+1"],"picked":"Heatsinks","floor":18},{"not_picked":["Hologram","Sweeping Beam"],"picked":"Conserve Battery","floor":20},{"not_picked":["Streamline","Sweeping Beam+1","Redo"],"picked":"SKIP","floor":22}],"player_experience":949876,"relics_obtained":[{"floor":9,"key":"Replay:Kaleidoscope"},{"floor":19,"key":"Enchiridion"}],"event_choices":[{"damage_healed":0,"gold_gain":150,"player_choice":"AGREE","damage_taken":0,"max_hp_gain":0,"max_hp_loss":0,"event_name":"Liars Game","floor":3,"gold_loss":0,"cards_obtained":["Doubt"]},{"damage_healed":0,"gold_gain":0,"player_choice":"Donut","damage_taken":0,"max_hp_gain":5,"max_hp_loss":0,"event_name":"Big Fish","floor":7,"gold_loss":0},{"damage_healed":0,"gold_gain":0,"player_choice":"Success","damage_taken":11,"relics_obtained":["Divine Protection"],"max_hp_gain":0,"max_hp_loss":0,"event_name":"Scrap Ooze","floor":8,"gold_loss":0},{"damage_healed":0,"gold_gain":0,"player_choice":"Obtained Book","damage_taken":21,"max_hp_gain":0,"max_hp_loss":0,"event_name":"Cursed Tome","floor":19,"gold_loss":0}],"is_beta":false,"boss_relics":[{"not_picked":["Astrolabe","Ectoplasm"],"picked":"Replay:Drink Me"}],"items_purged_floors":[2,11,21],"is_endless":false,"potions_floor_spawned":[1,4,13,16,18,20],"killed_by":"Gremlin Leader","ascension_level":17}}