{"host":"ishme5wb80o83upk","time":1610701790,"event":{"mods":["BaseMod","HololiveMod","Minty Spire (QoL Compilation)","StSLib"],"gold_per_floor":[85,97,171,171,181,181,196,225,225,560,576,331,348,375,375,470,470,483,393,424,424,243,276,276,293,341,371,391,426,442,488,488,595,595,607,626,644,644,655,702,702,702,702,571,602,620,620,678,678,700,700,700,536,577,595],"floor_reached":56,"language":"KOR","playtime":2840,"items_purged":["Hololive_Strike","Hololive_Strike"],"score":2397,"play_id":"857104b4-70dd-4719-bbef-a41d32c3cf91","local_time":"20210115180950","is_ascension_mode":true,"campfire_choices":[{"data":"Hololive_FlareMind","floor":6.0,"key":"SMITH"},{"data":"Apotheosis","floor":15.0,"key":"SMITH"},{"floor":24.0,"key":"RECALL"},{"data":"Hololive_Nanodesu","floor":32.0,"key":"SMITH"},{"data":"Hololive_StarCraft","floor":41,"key":"SMITH"},{"data":"1","floor":49,"key":"LIFT"},{"data":"2","floor":52,"key":"LIFT"}],"circlet_count":0,"master_deck":["Hololive_CallInugamiKorone","Hololive_CallOkamiMio","Hololive_CallMurasakiShion","Hololive_CallAkiRosenthal","Hololive_CallAiraniIofifteen+1","Hololive_FlareMind+1","Hololive_CallMinatoAqua","Hololive_CallShirakamiFubuki","Hololive_CallMoonaHoshinova","Hololive_CallNekomataOkayu","Hololive_CallUsadaPekora","Hololive_Drill","Apotheosis+1","Hololive_CallMinatoAqua","Hololive_Nanodesu+1","Hololive_CallHoushouMarine","Hololive_CallAyundaRisu","Hololive_CallOzoraSubaru+1","Hololive_RevenueBasedLive","Hololive_Rebirth","Hololive_StarCraft+1","Hololive_DurableLive","Hololive_CallNatsuiroMatsuri+1","Hololive_ASMR","Hololive_RevenueBasedLive","Hololive_Nanodesu+1","Hololive_IdolExercise","Hololive_SoulCatcher","Flash of Steel"],"relics":["Hololive_TheStar","Sundial","Pen Nib","Old Coin","Kunai","Coffee Dripper","Bag of Marbles","Vajra","Omamori","Bottled Lightning","Anchor","Happy Flower","Velvet Choker","Dead Branch","MawBank","Medical Kit","Girya","Bag of Preparation","Turnip"],"acts_visited":["Exordium","TheCity","TheBeyond","TheEnding"],"potions_floor_usage":[55],"damage_taken":[{"damage":0.0,"enemies":"Cultist","floor":1.0,"turns":4.0},{"damage":0.0,"enemies":"Jaw Worm","floor":2.0,"turns":3.0},{"damage":0.0,"enemies":"2 Louse","floor":5.0,"turns":2.0},{"damage":0.0,"enemies":"Blue Slaver","floor":7.0,"turns":2.0},{"damage":0.0,"enemies":"Lagavulin","floor":8.0,"turns":6.0},{"damage":0.0,"enemies":"Gremlin Nob","floor":10.0,"turns":4.0},{"damage":0.0,"enemies":"Lots of Slimes","floor":11.0,"turns":3.0},{"damage":0.0,"enemies":"2 Fungi Beasts","floor":13.0,"turns":2.0},{"damage":0.0,"enemies":"3 Sentries","floor":14.0,"turns":5.0},{"damage":0.0,"enemies":"The Guardian","floor":16.0,"turns":6.0},{"damage":0.0,"enemies":"Shell Parasite","floor":18.0,"turns":3.0},{"damage":0.0,"enemies":"Chosen","floor":20.0,"turns":3.0},{"damage":4.0,"enemies":"Slavers","floor":23.0,"turns":5.0},{"damage":0.0,"enemies":"Sentry and Sphere","floor":25.0,"turns":3.0},{"damage":4.0,"enemies":"Gremlin Leader","floor":27.0,"turns":4.0},{"damage":2.0,"enemies":"Snake Plant","floor":28.0,"turns":3.0},{"damage":0.0,"enemies":"Book of Stabbing","floor":29.0,"turns":3.0},{"damage":0.0,"enemies":"Chosen and Byrds","floor":30.0,"turns":4.0},{"damage":0.0,"enemies":"Slavers","floor":31.0,"turns":5.0},{"damage":0,"enemies":"Champ","floor":33,"turns":5},{"damage":0,"enemies":"Orb Walker","floor":35,"turns":2},{"damage":0,"enemies":"3 Darklings","floor":36,"turns":4},{"damage":0,"enemies":"Writhing Mass","floor":37,"turns":3},{"damage":0,"enemies":"Jaw Worm Horde","floor":39,"turns":4},{"damage":0,"enemies":"Reptomancer","floor":40,"turns":5},{"damage":0,"enemies":"Giant Head","floor":45,"turns":7},{"damage":0,"enemies":"4 Shapes","floor":46,"turns":3},{"damage":0,"enemies":"Reptomancer","floor":48,"turns":5},{"damage":0,"enemies":"Awakened One","floor":50,"turns":8},{"damage":10,"enemies":"Shield and Spear","floor":54,"turns":6},{"damage":22,"enemies":"The Heart","floor":55,"turns":7}],"seed_played":"-6974300602276038647","potions_obtained":[{"floor":4.0,"key":"Explosive Potion"},{"floor":4.0,"key":"ColorlessPotion"},{"floor":8.0,"key":"Swift Potion"},{"floor":11.0,"key":"LiquidBronze"}],"is_trial":false,"path_per_floor":["M","M","T","?","M","R","M","E","T","E","M","$","M","E","R","B",null,"M","?","M","T","$","E","R","M","T","E","M","E","M","E","R","B",null,"M","M","M","?","M","E","R","?","T","$","E","M","?","E","R","B",null,"R","$","E","B",null],"character_chosen":"Hololive_HololiveCharacter","items_purchased":["Apotheosis","Hololive_CallAyundaRisu","Medical Kit","Hololive_SoulCatcher","Flash of Steel"],"campfire_rested":0,"item_purchase_floors":[12,22,44,53,53],"current_hp_per_floor":[32,32,32,32,32,32,32,32,32,32,32,32,32,32,32,32,32,32,32,32,32,32,31,31,34,34,33,34,37,40,43,43,46,54,57,60,63,63,66,69,69,69,69,69,72,75,75,78,78,81,83,83,83,76,54],"gold":595,"neow_bonus":"THREE_RARE_CARDS","is_daily":false,"chose_seed":false,"campfire_upgraded":4,"win_rate":0.0,"timestamp":1610701790,"path_taken":["M","M","?","?","?","R","M","E","T","E","M","$","?","E","R","BOSS","M","?","?","?","$","E","R","M","T","E","M","E","M","E","R","BOSS","M","M","M","?","M","E","R","?","T","$","E","?","?","E","R","BOSS","R","$","E","BOSS"],"items_purchased_type":["Card","Card","Relic","Card","Card"],"build_version":"2020-12-22","purchased_purges":2,"victory":true,"max_hp_per_floor":[32,32,32,32,32,32,32,32,32,32,32,32,32,32,32,32,32,32,32,32,32,32,35,35,38,38,41,44,47,50,53,53,56,56,59,62,65,65,68,71,71,71,71,71,74,77,77,80,80,83,83,83,83,86,86],"card_choices":[{"not_picked":["Hololive_BeCareful","Hololive_MaximGun"],"picked":"Hololive_FlareMind","floor":0.0},{"not_picked":["Hololive_CocoNews","Hololive_Rebound","Hololive_LuckPotion"],"picked":"Hololive_CallMinatoAqua","floor":1.0},{"not_picked":["Hololive_RevenueBasedLive","Hololive_Breathe","Hololive_CallOkamiMio"],"picked":"Hololive_CallShirakamiFubuki","floor":2.0},{"not_picked":["Hololive_SummonFox","Hololive_CocoNews","Hololive_CallArtia"],"picked":"Hololive_CallMoonaHoshinova","floor":5.0},{"not_picked":["Hololive_StrengthChampion","Hololive_CallOmaruPolka","Hololive_FlyingPonyTail"],"picked":"Hololive_CallNekomataOkayu","floor":7.0},{"not_picked":["Hololive_StrengthChampion","Hololive_FlyingPonyTail","Hololive_OvertimeWork"],"picked":"Hololive_CallUsadaPekora","floor":8.0},{"not_picked":["Hololive_OvertimeWork","Hololive_WolfAndLamb","Hololive_CallAiraniIofifteen"],"picked":"Hololive_Drill","floor":10.0},{"not_picked":["Hololive_Rebound","Hololive_Sequa","Hololive_Psychosis","Hololive_HuntDinosaur"],"picked":"SKIP","floor":11.0},{"not_picked":["Hololive_Rebound","Hololive_Sequa","Hololive_Psychosis","Hololive_HuntDinosaur"],"picked":"SKIP","floor":11.0},{"not_picked":["Hololive_FlyingPonyTail","Hololive_CallTokinoSora","Hololive_Drill","Hololive_OvertimeWork"],"picked":"SKIP","floor":13.0},{"not_picked":["Hololive_SummonFox","Hololive_Trident","Hololive_HuntDinosaur"],"picked":"Hololive_CallMinatoAqua","floor":14.0},{"not_picked":["Hololive_ScarfAndHalo","Hololive_BeCareful","Hololive_MaximGun"],"picked":"Hololive_Nanodesu","floor":16.0},{"not_picked":["Hololive_StrengthChampion+1","Hololive_RevenueBasedLive+1","Hololive_ManjiGathering"],"picked":"Hololive_CallHoushouMarine","floor":18.0},{"not_picked":["Hololive_CallMoonaHoshinova","Hololive_FlyingPonyTail+1","Hololive_CallInugamiKorone+1","Hololive_CallHimemoriLuna"],"picked":"SKIP","floor":20.0},{"not_picked":["Hololive_WolfAndLamb","Hololive_Recruit","Hololive_CallTokoyamiTowa","Hololive_Rebound+1"],"picked":"SKIP","floor":23.0},{"not_picked":["Hololive_HuntDinosaur","Hololive_LuckPotion","Hololive_Rebound+1"],"picked":"Hololive_CallOzoraSubaru+1","floor":25.0},{"not_picked":["Hololive_Psychosis","Hololive_HuntDinosaur","Hololive_LuckPotion+1","Hololive_CallHoshimachiSuisei+1"],"picked":"SKIP","floor":27.0},{"not_picked":["Hololive_StrengthChampion+1","Hololive_Psychosis","Hololive_CallNekomataOkayu"],"picked":"Hololive_RevenueBasedLive","floor":28.0},{"not_picked":["Hololive_HuntDinosaur","Hololive_CallTokoyamiTowa","Hololive_Sequa","Hololive_FlyingPonyTail"],"picked":"SKIP","floor":29.0},{"not_picked":["Hololive_SoulCatcher+1","Hololive_SummonFox+1","Hololive_FlyingPonyTail"],"picked":"Hololive_Rebirth","floor":30.0},{"not_picked":["Hololive_Psychosis","Hololive_Breathe","Hololive_Sequa","Hololive_CocoNews"],"picked":"SKIP","floor":31.0},{"not_picked":["Hololive_DiamondStrike","Hololive_HighAtkLowDef","Hololive_Recruit"],"picked":"Hololive_StarCraft","floor":33},{"not_picked":["Hololive_StrengthChampion+1","Hololive_CallAyundaRisu","Hololive_FlyingPonyTail+1","Hololive_HuntDinosaur"],"picked":"SKIP","floor":35},{"not_picked":["Hololive_LuckPotion","Hololive_DevilCharm","Hololive_HuntDinosaur","Hololive_Sequa"],"picked":"SKIP","floor":36},{"not_picked":["Hololive_CocoNews+1","Hololive_DevilCharm","Hololive_LuckPotion"],"picked":"Hololive_DurableLive","floor":37},{"not_picked":["Hololive_Drill+1","Hololive_CallDoris","Hololive_CallYukihanaLamy+1","Hololive_Psychosis"],"picked":"SKIP","floor":39},{"not_picked":["Hololive_Sequa","Hololive_OvertimeWork","Hololive_FlyingPonyTail"],"picked":"Hololive_CallNatsuiroMatsuri+1","floor":40},{"not_picked":["Hololive_OvertimeWork+1","Hololive_Trident+1","Hololive_CocoNews"],"picked":"Hololive_ASMR","floor":45},{"not_picked":["Hololive_Sequa+1","Hololive_Drill+1","Hololive_RevenueBasedLive","Hololive_StrengthChampion+1"],"picked":"SKIP","floor":46},{"not_picked":["Hololive_Sequa+1","Hololive_Drill+1","Hololive_StrengthChampion+1"],"picked":"Hololive_RevenueBasedLive","floor":46},{"not_picked":["Hololive_CallNekomataOkayu+1","Hololive_OvertimeWork+1","Hololive_RevenueBasedLive+1"],"picked":"Hololive_IdolExercise","floor":48},{"not_picked":["Hololive_Trident+1","Hololive_Sequa+1","Hololive_BringToTrial","Hololive_CallAZKi"],"picked":"SKIP","floor":54}],"player_experience":1090811,"relics_obtained":[{"floor":8.0,"key":"Sundial"},{"floor":9.0,"key":"Pen Nib"},{"floor":10.0,"key":"Old Coin"},{"floor":14.0,"key":"Kunai"},{"floor":21.0,"key":"Bag of Marbles"},{"floor":23.0,"key":"Vajra"},{"floor":26.0,"key":"Omamori"},{"floor":27.0,"key":"Bottled Lightning"},{"floor":29.0,"key":"Anchor"},{"floor":31.0,"key":"Happy Flower"},{"floor":40,"key":"Dead Branch"},{"floor":43,"key":"MawBank"},{"floor":45,"key":"Girya"},{"floor":48,"key":"Bag of Preparation"},{"floor":54,"key":"Turnip"}],"event_choices":[{"damage_healed":0.0,"max_hp_gain":0.0,"max_hp_loss":0.0,"gold_gain":0.0,"event_name":"Lab","player_choice":"Got Potions","floor":4.0,"gold_loss":0.0,"damage_taken":0.0},{"cards_removed":["Hololive_Defend"],"damage_healed":0.0,"max_hp_gain":0.0,"max_hp_loss":0.0,"gold_gain":0.0,"event_name":"Designer","player_choice":"Upgrade and Remove","floor":19.0,"gold_loss":90.0,"damage_taken":0.0,"cards_upgraded":["Hololive_CallAiraniIofifteen"]},{"cards_removed":["Hololive_Sequa"],"damage_healed":0,"gold_gain":0,"player_choice":"Removed Attack","damage_taken":0,"max_hp_gain":0,"max_hp_loss":0,"event_name":"Falling","floor":38,"gold_loss":0},{"cards_removed":["Hololive_Defend"],"damage_healed":0,"gold_gain":0,"player_choice":"Card Removal","damage_taken":0,"max_hp_gain":0,"max_hp_loss":0,"event_name":"Wheel of Change","floor":42,"gold_loss":0},{"damage_healed":0,"gold_gain":0,"player_choice":"Copied","damage_taken":0,"max_hp_gain":0,"max_hp_loss":0,"event_name":"Duplicator","floor":47,"gold_loss":0,"cards_obtained":["Hololive_Nanodesu"]}],"is_beta":false,"boss_relics":[{"not_picked":["Runic Pyramid","SacredBark"],"picked":"Coffee Dripper"},{"not_picked":["Tiny House","Snecko Eye"],"picked":"Velvet Choker"}],"items_purged_floors":[12,22],"is_endless":false,"potions_floor_spawned":[8,10,11,13,14,16,20,27,28,30,33,35,40,46],"ascension_level":9}}