{"host":"e8rlfedn69rz2s07","time":1610724645,"event":{"mods":["AchievementEnabler","BaseMod","Minty Spire (QoL Compilation)","Permanent Neow","Relic Stats"],"gold_per_floor":[110,123,123,143,293,293,334,176,201,201,220,238,238,261,261,352,352,373,398,39,63,81,81,115,115,163,24,24,24,48,48,48,146,146,162,231,252,252,585,585,619,631,668,691,295,329,329,188,188,188,188,188,188,15,40,40],"floor_reached":57,"language":"ENG","playtime":3359,"items_purged":["Doubt"],"score":2931,"play_id":"4c6f36c0-ec5b-4464-aabf-96b178556408","local_time":"20210115173045","is_ascension_mode":true,"campfire_choices":[{"data":"Envenom","floor":6.0,"key":"SMITH"},{"data":"Tactician","floor":10.0,"key":"SMITH"},{"floor":15.0,"key":"REST"},{"data":"Apotheosis","floor":23.0,"key":"SMITH"},{"data":"Acrobatics","floor":25.0,"key":"SMITH"},{"data":"Ghostly","floor":32.0,"key":"SMITH"},{"data":"Acrobatics","floor":40.0,"key":"SMITH"},{"data":"Night Terror","floor":42.0,"key":"SMITH"},{"floor":47.0,"key":"RECALL"},{"data":"Well Laid Plans","floor":49.0,"key":"SMITH"},{"data":"Ghostly","floor":53.0,"key":"SMITH"}],"circlet_count":0,"master_deck":["AscendersBane","Survivor","Neutralize","Blade Dance","Riddle With Holes","Crippling Poison","Deadly Poison","Calculated Gamble","All Out Attack","Envenom+1","Catalyst","Acrobatics+1","Endless Agony","Tactician+1","Reflex","Acrobatics+1","Noxious Fumes","Tools of the Trade","Backflip","Bouncing Flask","Apotheosis+1","Dodge and Roll","Wraith Form v2","Ghostly+1","Ghostly+1","Ghostly","Predator","Adrenaline","Dodge and Roll","Night Terror+1","Eviscerate+1","Well Laid Plans+1","Calculated Gamble","PiercingWail","Phantasmal Killer","Impatience","Acrobatics","Backflip"],"relics":["Pandora\u0027s Box","Vajra","Strawberry","Coffee Dripper","Bag of Preparation","Kunai","Omamori","Darkstone Periapt","Calling Bell","MealTicket","Mercury Hourglass","Calipers","StoneCalendar","MawBank","Membership Card","HornCleat","StrikeDummy","Lee\u0027s Waffle","Lizard Tail","Oddly Smooth Stone"],"acts_visited":["Exordium","TheCity","TheBeyond","TheEnding"],"potions_floor_usage":[56,56],"damage_taken":[{"damage":0.0,"enemies":"2 Louse","floor":1.0,"turns":2.0},{"damage":10.0,"enemies":"Small Slimes","floor":2.0,"turns":2.0},{"damage":4.0,"enemies":"Cultist","floor":4.0,"turns":3.0},{"damage":22.0,"enemies":"Lagavulin","floor":7.0,"turns":5.0},{"damage":8.0,"enemies":"Exordium Wildlife","floor":11.0,"turns":3.0},{"damage":0.0,"enemies":"Large Slime","floor":12.0,"turns":3.0},{"damage":1.0,"enemies":"Blue Slaver","floor":14.0,"turns":3.0},{"damage":16.0,"enemies":"The Guardian","floor":16.0,"turns":6.0},{"damage":2.0,"enemies":"3 Byrds","floor":18.0,"turns":3.0},{"damage":13.0,"enemies":"Chosen","floor":19.0,"turns":4.0},{"damage":16.0,"enemies":"Centurion and Healer","floor":21.0,"turns":3.0},{"damage":0.0,"enemies":"3 Cultists","floor":22.0,"turns":3.0},{"damage":20.0,"enemies":"Slavers","floor":24.0,"turns":4.0},{"damage":1.0,"enemies":"Snecko","floor":30.0,"turns":4.0},{"damage":0.0,"enemies":"Collector","floor":33.0,"turns":8.0},{"damage":7.0,"enemies":"3 Darklings","floor":35.0,"turns":3.0},{"damage":1.0,"enemies":"2 Orb Walkers","floor":36.0,"turns":5.0},{"damage":9.0,"enemies":"3 Shapes","floor":37.0,"turns":4.0},{"damage":0.0,"enemies":"Giant Head","floor":41.0,"turns":7.0},{"damage":0.0,"enemies":"Sphere and 2 Shapes","floor":44.0,"turns":6.0},{"damage":0.0,"enemies":"Nemesis","floor":46.0,"turns":5.0},{"damage":23.0,"enemies":"Awakened One","floor":50.0,"turns":12.0},{"damage":16.0,"enemies":"Donu and Deca","floor":51.0,"turns":12.0},{"damage":30.0,"enemies":"Shield and Spear","floor":55.0,"turns":8.0},{"damage":22,"enemies":"The Heart","floor":56,"turns":14}],"seed_played":"-3126918330958639502","potions_obtained":[{"floor":1.0,"key":"SpeedPotion"},{"floor":4.0,"key":"Explosive Potion"},{"floor":12.0,"key":"BlessingOfTheForge"},{"floor":16.0,"key":"Swift Potion"},{"floor":18.0,"key":"AttackPotion"},{"floor":21.0,"key":"Ancient Potion"},{"floor":36.0,"key":"EssenceOfSteel"},{"floor":46.0,"key":"Dexterity Potion"}],"is_trial":false,"path_per_floor":["M","M","?","M","?","R","E","$","T","R","M","M","?","M","R","B",null,"M","M","$","M","M","R","E","R","T","$","?","?","M","$","R","B",null,"M","?","M","?","?","R","E","R","T","M","$","E","R","$","R","B","B",null,"R","$","E","B",null],"character_chosen":"THE_SILENT","items_purchased":["Acrobatics","Deadly Poison","Apotheosis","Bag of Preparation","Wraith Form v2","SteroidPotion","Membership Card","Well Laid Plans","HornCleat","Calculated Gamble","PiercingWail","Lee\u0027s Waffle","Impatience","Lizard Tail","Acrobatics"],"campfire_rested":1,"item_purchase_floors":[8,8,20,20,27,27,45,45,45,45,45,48,48,54,54],"current_hp_per_floor":[59,49,49,45,45,45,23,23,30,30,22,22,12,11,31,15,54,52,39,39,23,23,23,3,3,3,3,3,3,2,2,2,2,25,18,17,8,8,8,8,8,8,8,8,23,23,23,40,40,17,1,30,30,40,10,8],"gold":40,"neow_bonus":"BOSS_RELIC","is_daily":false,"chose_seed":false,"campfire_upgraded":9,"win_rate":0.0,"timestamp":1610724645,"path_taken":["M","M","?","M","?","R","E","$","T","R","M","M","?","M","R","BOSS","M","M","$","?","M","R","E","R","T","$","?","?","M","$","R","BOSS","M","?","M","?","?","R","E","R","T","M","$","E","R","?","R","BOSS","BOSS","R","$","E","BOSS"],"items_purchased_type":["Card","Card","Card","Relic","Card","Potion","Relic","Card","Relic","Card","Card","Relic","Card","Relic","Card"],"build_version":"2020-12-22","purchased_purges":1,"victory":true,"max_hp_per_floor":[66,66,60,60,60,60,60,60,67,67,67,67,67,67,67,67,67,67,67,67,67,67,67,67,67,67,67,67,33,33,33,33,33,33,33,33,33,33,33,33,33,33,33,33,33,33,33,40,40,40,40,40,40,40,40,40],"relic_stats":{"Darkstone Periapt":0,"Lee\u0027s Waffle":7,"Lizard Tail":20,"counters":[25,132],"Pandora\u0027s Box":["Blade Dance","Riddle With Holes","Crippling Poison","Deadly Poison","Calculated Gamble","All Out Attack","Envenom","Catalyst","Acrobatics","Endless Agony"],"MealTicket":35,"StoneCalendar":[248],"Bag of Preparation":[32],"Kunai":[37],"MawBank":48,"obtain_stats":[{"Darkstone Periapt":28,"Lee\u0027s Waffle":48,"Calipers":34,"Golden Idol":3,"Vajra":7,"Oddly Smooth Stone":55,"StoneCalendar":36,"Bag of Preparation":20,"Omamori":26,"MawBank":41,"Mercury Hourglass":34,"Calling Bell":34,"Lizard Tail":54,"HornCleat":45,"Strawberry":9,"Pandora\u0027s Box":0,"MealTicket":34,"Coffee Dripper":17,"Kunai":24,"Membership Card":45,"StrikeDummy":46,"Ring of the Snake":0},{"Darkstone Periapt":13,"Lee\u0027s Waffle":21,"Calipers":15,"Golden Idol":2,"Vajra":4,"Oddly Smooth Stone":24,"StoneCalendar":17,"Bag of Preparation":10,"Omamori":13,"MawBank":19,"Mercury Hourglass":15,"Calling Bell":15,"Lizard Tail":23,"HornCleat":20,"Strawberry":4,"Pandora\u0027s Box":0,"MealTicket":15,"Coffee Dripper":8,"Kunai":13,"Membership Card":20,"StrikeDummy":21,"Ring of the Snake":0},{"Darkstone Periapt":44,"Lee\u0027s Waffle":86,"Calipers":56,"Golden Idol":4,"Vajra":12,"Oddly Smooth Stone":118,"StoneCalendar":64,"Bag of Preparation":34,"Omamori":44,"MawBank":75,"Mercury Hourglass":56,"Calling Bell":56,"Lizard Tail":110,"HornCleat":81,"Strawberry":12,"Pandora\u0027s Box":0,"MealTicket":56,"Coffee Dripper":27,"Kunai":44,"Membership Card":81,"StrikeDummy":86,"Ring of the Snake":0}],"Mercury Hourglass":[257]},"card_choices":[{"not_picked":["Setup","All Out Attack"],"picked":"Tactician","floor":1.0},{"not_picked":["Prepared","Endless Agony","Dagger Throw"],"picked":"SKIP","floor":2.0},{"not_picked":["Tactician","Dagger Spray","Finisher"],"picked":"SKIP","floor":4.0},{"not_picked":["Bullet Time","Accuracy"],"picked":"Reflex","floor":7.0},{"not_picked":["Underhanded Strike","Flying Knee","Blade Dance"],"picked":"SKIP","floor":11.0},{"not_picked":["Flying Knee","Slice"],"picked":"Noxious Fumes","floor":12.0},{"not_picked":["Reflex","Deadly Poison","Prepared"],"picked":"SKIP","floor":14.0},{"not_picked":["Die Die Die","Glass Knife"],"picked":"Tools of the Trade","floor":16.0},{"not_picked":["Blade Dance","Slice"],"picked":"Backflip","floor":18.0},{"not_picked":["Blade Dance","Dagger Throw"],"picked":"Bouncing Flask","floor":19.0},{"not_picked":["Dagger Spray","Poisoned Stab","Endless Agony"],"picked":"SKIP","floor":21.0},{"not_picked":["Dagger Throw","Quick Slash","Riddle With Holes"],"picked":"SKIP","floor":22.0},{"not_picked":["Poisoned Stab","Blade Dance"],"picked":"Dodge and Roll","floor":24.0},{"not_picked":["Sucker Punch+1","Underhanded Strike"],"picked":"Predator","floor":30.0},{"not_picked":["Corpse Explosion","Storm of Steel"],"picked":"Adrenaline","floor":33.0},{"not_picked":["Underhanded Strike","Prepared"],"picked":"Dodge and Roll","floor":35.0},{"not_picked":["Terror","Caltrops","All Out Attack"],"picked":"SKIP","floor":37.0},{"not_picked":["Backflip","Deflect+1"],"picked":"Night Terror","floor":41.0},{"not_picked":["Prepared","Caltrops"],"picked":"Eviscerate+1","floor":44.0},{"not_picked":["Bane+1","Infinite Blades"],"picked":"Phantasmal Killer","floor":46.0},{"not_picked":["Prepared","PiercingWail"],"picked":"Backflip","floor":55.0}],"player_experience":961227,"relics_obtained":[{"floor":7.0,"key":"Vajra"},{"floor":9.0,"key":"Strawberry"},{"floor":24.0,"key":"Kunai"},{"floor":26.0,"key":"Omamori"},{"floor":34.0,"key":"MealTicket"},{"floor":34.0,"key":"Mercury Hourglass"},{"floor":34.0,"key":"Calipers"},{"floor":36.0,"key":"StoneCalendar"},{"floor":41.0,"key":"MawBank"},{"floor":46.0,"key":"StrikeDummy"},{"floor":55.0,"key":"Oddly Smooth Stone"}],"event_choices":[{"damage_healed":0.0,"max_hp_gain":0.0,"max_hp_loss":6.0,"gold_gain":0.0,"event_name":"Golden Idol","player_choice":"Lose Max HP","floor":3.0,"gold_loss":0.0,"damage_taken":0.0,"relics_obtained":["Golden Idol"]},{"damage_healed":0.0,"max_hp_gain":0.0,"max_hp_loss":0.0,"gold_gain":150.0,"event_name":"Liars Game","player_choice":"AGREE","floor":5.0,"gold_loss":0.0,"damage_taken":0.0,"cards_obtained":["Doubt"]},{"damage_healed":0.0,"max_hp_gain":0.0,"max_hp_loss":0.0,"gold_gain":0.0,"event_name":"Wheel of Change","player_choice":"Damaged","floor":13.0,"gold_loss":0.0,"damage_taken":10.0},{"damage_healed":0.0,"max_hp_gain":0.0,"max_hp_loss":0.0,"gold_gain":0.0,"event_name":"Addict","player_choice":"Stole Relic","floor":28.0,"gold_loss":0.0,"damage_taken":0.0,"relics_obtained":["Darkstone Periapt"],"cards_obtained":["Shame"]},{"damage_healed":0.0,"max_hp_gain":0.0,"max_hp_loss":34.0,"gold_gain":0.0,"event_name":"Ghosts","player_choice":"Became a Ghost","floor":29.0,"gold_loss":0.0,"damage_taken":0.0,"cards_obtained":["Ghostly","Ghostly","Ghostly"]},{"damage_healed":0.0,"max_hp_gain":0.0,"max_hp_loss":0.0,"gold_gain":0.0,"event_name":"Mysterious Sphere","player_choice":"Fight","floor":36.0,"gold_loss":0.0,"damage_taken":0.0},{"cards_removed":["Deadly Poison"],"damage_healed":0.0,"max_hp_gain":0.0,"max_hp_loss":0.0,"gold_gain":0.0,"event_name":"Falling","player_choice":"Removed Skill","floor":38.0,"gold_loss":0.0,"damage_taken":0.0},{"damage_healed":0.0,"max_hp_gain":0.0,"max_hp_loss":0.0,"gold_gain":333.0,"event_name":"The Moai Head","player_choice":"Gave Idol","floor":39.0,"relics_lost":["Golden Idol"],"gold_loss":0.0,"damage_taken":0.0}],"is_beta":false,"boss_relics":[{"not_picked":["SacredBark","Snecko Eye"],"picked":"Coffee Dripper"},{"not_picked":["Runic Dome","Runic Pyramid"],"picked":"Calling Bell"}],"items_purged_floors":[8],"is_endless":false,"potions_floor_spawned":[1,4,12,16,18,21,36,37,46],"ascension_level":20}}