{"host":"pmmuxs046gii331m","time":1610737407,"event":{"mods":["AchievementEnabler","AlwaysNeverKeys","BaseMod","Colored Powertips","Custom Start","Disable Question Mark Monsters","Downfall","Gold Saver","Minty Spire (QoL Compilation)","Permanent Neow","Quick Restart","Replay The Spire","StSLib"],"gold_per_floor":[99,119,219,219,235,335,335,362,287,151,228,228,255,281,296,393,393,318,318,48,66,66,66,66,93,105,102,127,168,180,212,242,254,254,254],"floor_reached":33,"language":"ENG","playtime":5000,"items_purged":["champ:Defend","Writhe"],"score":289,"play_id":"fa0a8a8b-c4aa-4e52-af56-55bb23414021","local_time":"20210115140327","is_ascension_mode":false,"campfire_choices":[{"data":"champ:Taunt","floor":1.0,"key":"SMITH"},{"floor":9.0,"key":"REST"},{"floor":12,"key":"REST"},{"data":"Trip","floor":18,"key":"SMITH"},{"data":"champ:ShieldThrow","floor":23,"key":"SMITH"},{"data":"champ:FlashCut","floor":26,"key":"SMITH"},{"data":"champ:TornadoPunch","floor":30,"key":"SMITH"}],"circlet_count":0,"master_deck":["champ:Strike","champ:Strike","champ:Strike","champ:Defend","champ:Defend","champ:Defend","champ:Execute","champ:Taunt+1","Trip+1","champ:TornadoPunch+1","champ:GutPunch","champ:HeartStrike","champ:DefensiveShout","champ:BerserkersShout","champ:FlashCut+1","champ:PreciseThrust","champ:ShieldThrow+1","champ:DancingMaster"],"relics":["champ:ChampionCrown","Champion Belt","Sundial","Replay:Wax Seal","downfall:HeartBlessingGreen","Regal Pillow","Vajra","Busted Crown","downfall:HeartBlessingBlue","Replay:Baseball","Lantern","Nilry\u0027s Codex","Replay:Bottled Steam","MawBank","ReplayTheSpireMod:Shallot"],"acts_visited":["Exordium","TheCity"],"potions_floor_usage":[13,16,25,27,32,33,33,33],"damage_taken":[{"damage":17.0,"enemies":"Small Slimes","floor":2.0,"turns":4.0},{"damage":47.0,"enemies":"Small Slimes","floor":3.0,"turns":5.0},{"damage":9.0,"enemies":"Cultist","floor":5.0,"turns":3.0},{"damage":30.0,"enemies":"Gremlin Nob","floor":8.0,"turns":4.0},{"damage":10,"enemies":"downfall:FleeingMerchant","floor":10,"turns":4},{"damage":29,"enemies":"Lagavulin","floor":13,"turns":6},{"damage":3,"enemies":"2 Louse","floor":15,"turns":1},{"damage":25,"enemies":"downfall:Watcher","floor":16,"turns":9},{"damage":11,"enemies":"downfall:FleeingMerchant","floor":20,"turns":4},{"damage":9,"enemies":"3 Byrds","floor":21,"turns":4},{"damage":27,"enemies":"Book of Stabbing","floor":25,"turns":5},{"damage":36,"enemies":"downfall:FleeingMerchant","floor":27,"turns":4},{"damage":15,"enemies":"3 Cultists","floor":28,"turns":5},{"damage":30,"enemies":"Replay:Snechameleon","floor":29,"turns":5},{"damage":6,"enemies":"Snake Plant","floor":31,"turns":3},{"damage":22,"enemies":"Centurion and Healer","floor":32,"turns":4},{"damage":13,"enemies":"downfall:Silent","floor":33,"turns":4}],"seed_played":"-6390220380746362835","potions_obtained":[{"floor":5.0,"key":"LiquidMemories"},{"floor":8.0,"key":"Dexterity Potion"},{"floor":11,"key":"SneckoOil"},{"floor":11,"key":"GamblersBrew"},{"floor":13,"key":"Venom Potion"},{"floor":16,"key":"SkillPotion"},{"floor":25,"key":"champ:TechniquePotion"},{"floor":29,"key":"CultistPotion"},{"floor":31,"key":"Strength Potion"},{"floor":32,"key":"Block Potion"}],"is_trial":false,"path_per_floor":["R","M","?","?","M","?","T","E","R","$","?","R","E","T","M","B",null,"R","?","$","M","?","R","T","E","R","$","M","E","R","M","M","B"],"character_chosen":"THE_CHAMP","items_purchased":["champ:FlashCut","Lantern"],"campfire_rested":2,"item_purchase_floors":[10,20],"current_hp_per_floor":[90,78,36,36,32,32,32,12,39,39,3,45,34,34,34,17,90,100,100,97,93,77,77,77,61,61,53,46,27,27,26,9,0,0,0],"gold":254,"neow_bonus":"RANDOM_COLORLESS","is_daily":false,"chose_seed":false,"campfire_upgraded":5,"win_rate":0.0,"timestamp":1610737407,"path_taken":["R","M","?","?","?","?","T","E","R","?","?","R","E","?","M","BOSS","R","?","$","M","?","R","T","E","R","$","M","E","R","M","M","BOSS"],"items_purchased_type":["Card","Relic"],"build_version":"2020-12-22","purchased_purges":2,"victory":false,"max_hp_per_floor":[90,90,90,90,90,90,90,90,90,90,90,90,90,90,90,90,90,100,100,100,100,100,100,100,100,100,100,100,100,100,100,100,100,100,100],"card_choices":[{"not_picked":["expansioncontent:YouAreMine","Enlightenment"],"picked":"Trip","floor":0.0},{"not_picked":["champ:DefensiveStyle","champ:AdrenalArmor"],"picked":"champ:TornadoPunch","floor":2.0},{"not_picked":["champ:RecklessLeap","champ:BerserkersShout"],"picked":"champ:GutPunch","floor":3.0},{"not_picked":["champ:BladeFlurry","champ:GutPunch"],"picked":"champ:HeartStrike","floor":5.0},{"not_picked":["champ:GladiatorsShout","champ:EndlessRage"],"picked":"champ:DefensiveShout","floor":8.0},{"not_picked":["champ:GutPunch","champ:Backstep"],"picked":"champ:BerserkersShout","floor":10},{"not_picked":["champ:FocusedGladiator","champ:DefensiveShout"],"picked":"champ:PreciseThrust","floor":11},{"not_picked":["champ:Backstep","champ:BringItOn"],"picked":"champ:ShieldThrow","floor":13},{"not_picked":["champ:CrookedStrike","champ:DefensiveShout","champ:AdrenalArmor"],"picked":"SKIP","floor":15},{"not_picked":["champ:MurderStrike","champ:SwordThrow"],"picked":"champ:DancingMaster","floor":16},{"not_picked":["champ:Circumvent"],"picked":"SKIP","floor":20},{"not_picked":["champ:FocusedGladiator"],"picked":"SKIP","floor":21},{"not_picked":["champ:ArenaPreparation"],"picked":"SKIP","floor":25},{"not_picked":["champ:Devastate"],"picked":"SKIP","floor":27},{"not_picked":["champ:DefensiveShout"],"picked":"SKIP","floor":28},{"not_picked":["champ:HeavySlash"],"picked":"SKIP","floor":29},{"not_picked":["champ:BringItOn"],"picked":"SKIP","floor":31},{"not_picked":["champ:DefensiveStyle+1"],"picked":"SKIP","floor":32}],"player_experience":302983,"relics_obtained":[{"floor":3.0,"key":"Champion Belt"},{"floor":7.0,"key":"Sundial"},{"floor":8.0,"key":"Replay:Wax Seal"},{"floor":11,"key":"Regal Pillow"},{"floor":13,"key":"Vajra"},{"floor":22,"key":"Nilry\u0027s Codex"},{"floor":24,"key":"Replay:Bottled Steam"},{"floor":25,"key":"MawBank"},{"floor":29,"key":"ReplayTheSpireMod:Shallot"}],"event_choices":[{"cards_removed":["champ:Strike"],"damage_healed":0.0,"max_hp_gain":0.0,"max_hp_loss":0.0,"gold_gain":0.0,"event_name":"Purifier","player_choice":"Purged","floor":4.0,"gold_loss":0.0,"damage_taken":0.0}],"is_beta":false,"boss_relics":[{"not_picked":["ReplayTheSpireMod:DimensionalGlitch","SacredBark"],"picked":"Busted Crown"}],"items_purged_floors":[10,20],"is_endless":false,"potions_floor_spawned":[5,8,13,16,25,29,31,32],"killed_by":"downfall:Silent","ascension_level":0}}