{"host":"dftyqn972q7tuon4","time":1610672412,"event":{"mods":["AchievementEnabler","BaseMod","Better Altar","Better Match","Better Note","Better Sensory Stone","Better Skull","Better Third Choice","Colored Powertips","Highlight Path","Minty Spire (QoL Compilation)","Permanent Neow","Quick Restart","StSLib"],"gold_per_floor":[112,127,127,127,52,52,69,69,69,79,99,99,129,148,148,267,267,277,202,202,215,215,245,265,265,265,300,300,325,337,353,353,450,450,462,91,1090,1090,33,64,76,76,76,76,105,155,155,174,174,174],"floor_reached":51,"language":"ENG","playtime":2982,"items_purged":["Strike_B","Defend_B","Normality"],"score":1220,"play_id":"f20550cf-4afa-4a37-9fae-7ca9e69af7e0","local_time":"20210115020012","is_ascension_mode":true,"campfire_choices":[{"data":"Sunder","floor":6,"key":"SMITH"},{"data":"Zap","floor":8,"key":"SMITH"},{"data":"Coolheaded","floor":15,"key":"SMITH"},{"floor":25,"key":"REST"},{"floor":28,"key":"REST"},{"floor":32,"key":"REST"},{"data":"Storm","floor":42,"key":"SMITH"},{"data":"Storm","floor":44,"key":"SMITH"},{"data":"Defragment","floor":49,"key":"SMITH"}],"circlet_count":0,"master_deck":["Strike_B","Strike_B","Defend_B","Defend_B+1","Zap+1","Dualcast","Sunder+1","Conserve Battery","Doom and Gloom","Conserve Battery","Coolheaded+1","Chill","Sunder+1","Echo Form","Genetic Algorithm+1","Loop","Self Repair","Capacitor","Heatsinks","Double Energy","Fusion","Conserve Battery+1","Machine Learning","CurseOfTheBell","Darkness+1","Doom and Gloom+1","FTL+1","Normality","Capacitor","Self Repair","Storm+1","Loop","Defragment+1","Self Repair","Self Repair","Storm+1","Static Discharge","Buffer","Coolheaded+1","Compile Driver+1","Sweeping Beam+1","Writhe","Rainbow+1"],"relics":["Cracked Core","Oddly Smooth Stone","Strawberry","HornCleat","Gambling Chip","Black Star","StrikeDummy","Tiny Chest","Vajra","The Courier","Sundial","Symbiotic Virus","Torii","Molten Egg 2","Calling Bell","Bag of Marbles","Letter Opener","Du-Vu Doll","Mummified Hand","War Paint","InkBottle","Art of War","Toxic Egg 2","Smiling Mask","Nunchaku","Ornamental Fan","Bag of Preparation"],"acts_visited":["Exordium","TheCity","TheBeyond"],"potions_floor_usage":[16,23,27,29,40,45,50,50,50],"damage_taken":[{"damage":7,"enemies":"Jaw Worm","floor":1,"turns":4},{"damage":0,"enemies":"Small Slimes","floor":2,"turns":3},{"damage":0,"enemies":"Cultist","floor":7,"turns":2},{"damage":5,"enemies":"Exordium Wildlife","floor":10,"turns":3},{"damage":0,"enemies":"Looter","floor":11,"turns":2},{"damage":0,"enemies":"3 Sentries","floor":13,"turns":5},{"damage":0,"enemies":"Lots of Slimes","floor":14,"turns":2},{"damage":14,"enemies":"The Guardian","floor":16,"turns":11},{"damage":7,"enemies":"Shell Parasite","floor":18,"turns":5},{"damage":7,"enemies":"Spheric Guardian","floor":21,"turns":6},{"damage":22,"enemies":"Slavers","floor":23,"turns":7},{"damage":15,"enemies":"Centurion and Healer","floor":24,"turns":7},{"damage":44,"enemies":"Gremlin Leader","floor":27,"turns":9},{"damage":31,"enemies":"Slavers","floor":29,"turns":6},{"damage":6,"enemies":"Snake Plant","floor":30,"turns":4},{"damage":14,"enemies":"Shelled Parasite and Fungi","floor":31,"turns":5},{"damage":36,"enemies":"Collector","floor":33,"turns":12},{"damage":10,"enemies":"3 Shapes","floor":35,"turns":5},{"damage":9,"enemies":"Reptomancer","floor":40,"turns":6},{"damage":1,"enemies":"3 Darklings","floor":41,"turns":3},{"damage":18,"enemies":"Giant Head","floor":45,"turns":5},{"damage":15,"enemies":"Spire Growth","floor":48,"turns":3},{"damage":57,"enemies":"Donu and Deca","floor":50,"turns":6}],"seed_played":"9071932168064183898","potions_obtained":[{"floor":1,"key":"Energy Potion"},{"floor":10,"key":"ColorlessPotion"},{"floor":14,"key":"Fruit Juice"},{"floor":24,"key":"DistilledChaos"},{"floor":30,"key":"PotionOfCapacity"},{"floor":31,"key":"Ancient Potion"},{"floor":33,"key":"CultistPotion"},{"floor":41,"key":"SteroidPotion"},{"floor":45,"key":"PowerPotion"},{"floor":48,"key":"Energy Potion"}],"is_trial":false,"path_per_floor":["M","M","?","?","$","R","M","R","T","M","M","T","E","M","R","B",null,"M","?","T","M","?","E","M","R","T","E","R","E","M","M","R","B",null,"M","$","?","?","$","E","M","R","T","R","E","T","?","M","R","B",null],"character_chosen":"DEFECT","items_purchased":["Mummified Hand","Doom and Gloom+1","FTL+1","War Paint","InkBottle","Capacitor","Self Repair","Storm","Loop","Defragment","Self Repair","Self Repair","Storm","Static Discharge","Buffer"],"campfire_rested":3,"item_purchase_floors":[36,36,36,39,39,39,39,39,39,39,39,39,39,39,39],"current_hp_per_floor":[61,61,54,54,54,54,54,54,61,56,56,56,56,56,56,42,72,65,65,65,58,58,36,28,52,52,15,39,20,21,21,47,25,72,69,69,69,69,69,87,87,87,87,87,87,87,87,86,86,57],"gold":174,"neow_bonus":"RANDOM_COMMON_RELIC","is_daily":false,"chose_seed":false,"campfire_upgraded":6,"win_rate":0.0,"timestamp":1610672412,"path_taken":["M","M","?","?","?","R","M","R","T","M","M","?","E","M","R","BOSS","M","?","?","M","?","E","M","R","T","E","R","E","M","?","R","BOSS","M","$","?","?","$","E","M","R","T","R","E","?","?","M","R","BOSS"],"items_purchased_type":["Relic","Card","Card","Relic","Relic","Card","Card","Card","Card","Card","Card","Card","Card","Card","Card"],"build_version":"2020-12-22","purchased_purges":3,"victory":true,"max_hp_per_floor":[75,75,75,75,75,75,75,75,82,82,82,82,82,82,82,82,82,82,82,82,82,82,82,82,82,82,82,82,87,87,87,87,87,87,87,87,87,87,87,87,87,87,87,87,87,87,87,87,87,87],"card_choices":[{"not_picked":["Gash","Redo"],"picked":"Sunder","floor":1},{"not_picked":["Compile Driver","Beam Cell"],"picked":"Conserve Battery","floor":2},{"not_picked":["Skim","Ball Lightning","Redo"],"picked":"SKIP","floor":7},{"not_picked":["Ball Lightning","Glacier"],"picked":"Conserve Battery","floor":10},{"not_picked":["Steam","Hologram"],"picked":"Coolheaded","floor":11},{"not_picked":["Stack","Glacier"],"picked":"Chill","floor":13},{"not_picked":["Leap","Sweeping Beam"],"picked":"Sunder","floor":14},{"not_picked":["Rainbow","All For One"],"picked":"Echo Form","floor":16},{"not_picked":["Redo","Steam"],"picked":"Genetic Algorithm","floor":18},{"not_picked":["Coolheaded","Conserve Battery"],"picked":"Loop","floor":21},{"not_picked":["Genetic Algorithm","Turbo+1"],"picked":"Self Repair","floor":23},{"not_picked":["Barrage","Cold Snap"],"picked":"Capacitor","floor":24},{"not_picked":["Hyperbeam","Go for the Eyes+1"],"picked":"Heatsinks","floor":27},{"not_picked":["Turbo+1","Loop"],"picked":"Double Energy","floor":29},{"not_picked":["Hello World","Hologram"],"picked":"Fusion","floor":30},{"not_picked":["Redo","Barrage+1"],"picked":"Conserve Battery+1","floor":31},{"not_picked":["Hyperbeam+1","All For One+1"],"picked":"Machine Learning","floor":33},{"not_picked":["Streamline+1","Cold Snap+1"],"picked":"Darkness+1","floor":35},{"not_picked":["Streamline+1","Recycle+1"],"picked":"Coolheaded+1","floor":40},{"not_picked":["Leap+1","Sweeping Beam+1"],"picked":"Compile Driver+1","floor":41},{"not_picked":["Conserve Battery+1","Reinforced Body+1"],"picked":"Sweeping Beam+1","floor":45},{"not_picked":["Conserve Battery+1","Recycle+1"],"picked":"Rainbow+1","floor":48}],"player_experience":645958,"relics_obtained":[{"floor":9,"key":"Strawberry"},{"floor":12,"key":"HornCleat"},{"floor":13,"key":"Gambling Chip"},{"floor":20,"key":"StrikeDummy"},{"floor":23,"key":"Tiny Chest"},{"floor":23,"key":"Vajra"},{"floor":26,"key":"The Courier"},{"floor":27,"key":"Sundial"},{"floor":27,"key":"Symbiotic Virus"},{"floor":29,"key":"Torii"},{"floor":29,"key":"Molten Egg 2"},{"floor":34,"key":"Bag of Marbles"},{"floor":34,"key":"Letter Opener"},{"floor":34,"key":"Du-Vu Doll"},{"floor":40,"key":"Art of War"},{"floor":40,"key":"Toxic Egg 2"},{"floor":43,"key":"Smiling Mask"},{"floor":45,"key":"Nunchaku"},{"floor":45,"key":"Ornamental Fan"},{"floor":46,"key":"Bag of Preparation"}],"event_choices":[{"cards_removed":["Strike_B"],"damage_healed":0,"gold_gain":0,"player_choice":"Card Removal","damage_taken":7,"max_hp_gain":0,"max_hp_loss":0,"event_name":"Golden Wing","floor":3,"gold_loss":0},{"damage_healed":0,"gold_gain":1,"player_choice":"4","damage_taken":0,"max_hp_gain":0,"max_hp_loss":0,"event_name":"betterStone:BetterStone","floor":4,"gold_loss":0,"cards_obtained":["Doom and Gloom"]},{"cards_removed":["Defend_B"],"damage_healed":0,"gold_gain":0,"player_choice":"Gave Gold","damage_taken":0,"max_hp_gain":0,"max_hp_loss":0,"event_name":"Beggar","floor":19,"gold_loss":75},{"damage_healed":0,"gold_gain":0,"player_choice":"Upgraded","damage_taken":0,"max_hp_gain":0,"max_hp_loss":0,"event_name":"Upgrade Shrine","floor":22,"gold_loss":0,"cards_upgraded":["Sunder"]},{"damage_healed":0,"gold_gain":999,"player_choice":"Gold","damage_taken":0,"max_hp_gain":0,"max_hp_loss":0,"event_name":"MindBloom","floor":37,"gold_loss":0,"cards_obtained":["Normality","Normality"]},{"damage_healed":0,"gold_gain":0,"player_choice":"Ignored","damage_taken":0,"max_hp_gain":0,"max_hp_loss":0,"event_name":"Tomb of Lord Red Mask","floor":38,"gold_loss":0},{"damage_healed":22,"gold_gain":0,"player_choice":"Writhe","damage_taken":0,"max_hp_gain":0,"max_hp_loss":0,"event_name":"Winding Halls","floor":47,"gold_loss":0,"cards_obtained":["Writhe"]}],"is_beta":false,"boss_relics":[{"not_picked":["Busted Crown","FrozenCore"],"picked":"Black Star"},{"not_picked":["Runic Dome","Runic Pyramid"],"picked":"Calling Bell"}],"items_purged_floors":[5,36,39],"is_endless":false,"potions_floor_spawned":[1,10,14,24,30,31,33,41,45,48],"ascension_level":9}}