{"host":"8i4doyxqctgl5qb0","time":1610678497,"event":{"mods":["AchievementEnabler","BaseMod","Block Reminder","Colored Powertips","Downfall","Minty Spire (QoL Compilation)","Permanent Neow","Potion Indicator Mod","Rare Cards Sparkle","StSLib","SuperFastMode","The Jungle"],"gold_per_floor":[110,110,110,35,47,77,89,89,89,152,152,0,20,46,46,46,46],"floor_reached":16,"language":"ZHS","playtime":252,"items_purged":["Regret","Strike_R"],"score":165,"play_id":"4cff9cdd-5b6e-4b01-877e-630b3ed67524","local_time":"20210115104137","is_ascension_mode":true,"campfire_choices":[{"data":"Entrench","floor":11.0,"key":"SMITH"},{"floor":15.0,"key":"REST"}],"circlet_count":0,"master_deck":["AscendersBane","Strike_R","Strike_R","Strike_R","Strike_R","Defend_R","Defend_R","Defend_R","Defend_R","Bash","Cleave","Entrench+1","Power Through","Whirlwind","Cleave","Whirlwind","Immolate"],"relics":["Burning Blood","Calipers","CaptainsWheel","Red Skull","SsserpentHead","Du-Vu Doll","Membership Card","Potion Belt"],"acts_visited":["Exordium"],"potions_floor_usage":[],"damage_taken":[{"damage":6.0,"enemies":"Cultist","floor":1.0,"turns":4.0},{"damage":4.0,"enemies":"Jaw Worm","floor":5.0,"turns":4.0},{"damage":19.0,"enemies":"Lagavulin","floor":6.0,"turns":6.0},{"damage":20.0,"enemies":"Small Slimes","floor":7.0,"turns":4.0},{"damage":0.0,"enemies":"Gremlin Gang","floor":10.0,"turns":2.0},{"damage":7.0,"enemies":"Lots of Slimes","floor":13.0,"turns":2.0},{"damage":30.0,"enemies":"3 Sentries","floor":14.0,"turns":3.0},{"damage":60,"enemies":"Hexaghost","floor":16,"turns":9}],"seed_played":"-2675341100392826373","potions_obtained":[{"floor":1.0,"key":"ColorlessPotion"},{"floor":6.0,"key":"Strength Potion"},{"floor":14.0,"key":"Ancient Potion"}],"is_trial":false,"path_per_floor":["M","?","?","$","M","E","M","?","T","M","R","$","M","E","R","B"],"character_chosen":"IRONCLAD","items_purchased":["Membership Card"],"campfire_rested":1,"item_purchase_floors":[12],"current_hp_per_floor":[80,77,77,77,79,66,52,52,52,58,58,58,57,33,59,0,0],"gold":46,"neow_bonus":"TEN_PERCENT_HP_BONUS","is_daily":false,"chose_seed":false,"campfire_upgraded":1,"win_rate":0.0,"timestamp":1610678497,"path_taken":["M","?","?","$","M","E","M","?","T","?","R","?","M","E","R","BOSS"],"items_purchased_type":["Relic"],"build_version":"2020-12-22","purchased_purges":2,"victory":false,"max_hp_per_floor":[88,88,88,88,88,88,88,88,88,88,88,88,88,88,88,88,88],"card_choices":[{"not_picked":["Shockwave","True Grit"],"picked":"Cleave","floor":1.0},{"not_picked":["Flex","Power Through"],"picked":"Entrench","floor":5.0},{"not_picked":["Wild Strike","Anger"],"picked":"Power Through","floor":6.0},{"not_picked":["Sever Soul","Evolve"],"picked":"Whirlwind","floor":7.0},{"not_picked":["True Grit","Anger"],"picked":"Cleave","floor":10.0},{"not_picked":["Havoc","Feel No Pain"],"picked":"Whirlwind","floor":13.0},{"not_picked":["Power Through","Thunderclap"],"picked":"Immolate","floor":14.0}],"player_experience":186526,"relics_obtained":[{"floor":6.0,"key":"Red Skull"},{"floor":9.0,"key":"Du-Vu Doll"},{"floor":14.0,"key":"Potion Belt"}],"event_choices":[{"damage_healed":0.0,"max_hp_gain":0.0,"max_hp_loss":0.0,"gold_gain":0.0,"event_name":"Scrap Ooze","player_choice":"Success","floor":2.0,"gold_loss":0.0,"damage_taken":3.0,"relics_obtained":["Calipers"]},{"damage_healed":0.0,"max_hp_gain":0.0,"max_hp_loss":0.0,"gold_gain":0.0,"event_name":"Big Fish","player_choice":"Box","floor":3.0,"gold_loss":0.0,"damage_taken":0.0,"relics_obtained":["CaptainsWheel"],"cards_obtained":["Regret"]},{"damage_healed":0.0,"max_hp_gain":0.0,"max_hp_loss":0.0,"gold_gain":0.0,"event_name":"FaceTrader","player_choice":"Trade","floor":8.0,"gold_loss":0.0,"damage_taken":0.0,"relics_obtained":["SsserpentHead"]}],"is_beta":false,"boss_relics":[],"items_purged_floors":[4,12],"is_endless":false,"potions_floor_spawned":[1,6,14],"killed_by":"Hexaghost","ascension_level":10}}