{"host":"2yhbarjh4s9lrrzt","time":1610749224,"event":{"mods":["BaseMod","Better Third Choice","Minty Spire (QoL Compilation)","Replay The Spire","StSLib"],"gold_per_floor":[117,134,153,153,7,7,23,23,50,50,84,159,10,30,30,158,158,174,1,15,31,31,31],"floor_reached":22,"language":"ENG","playtime":1417,"items_purged":["Injury"],"score":186,"play_id":"5b51e0a2-b06c-4e97-93a7-9b78e4d806a7","local_time":"20210115172024","is_ascension_mode":false,"campfire_choices":[{"floor":6,"key":"REST"},{"floor":8,"key":"RECALL"},{"floor":10,"key":"REST"},{"floor":15,"key":"REST"}],"circlet_count":0,"master_deck":["Strike_P","Strike_P","Strike_P","Strike_P","Defend_P","Defend_P","Defend_P","Defend_P","Eruption","Vigilance","ForeignInfluence","BattleHymn","WheelKick","ForeignInfluence","SandsOfTime","EmptyBody","Replay:Battleflow","Weave+1","InnerPeace","DeusExMachina","Nirvana+1","Replay:Vibes","Study+1","PathToVictory","JustLucky","Pray","Halt+1"],"relics":["PureWater","Blue Doll","Golden Idol","DollysMirror","Lantern","Mummified Hand","SlaversCollar"],"acts_visited":["Exordium","TheCity"],"potions_floor_usage":[20,21,22],"damage_taken":[{"damage":7,"enemies":"Jaw Worm","floor":1,"turns":4},{"damage":6,"enemies":"Small Slimes","floor":2,"turns":4},{"damage":0,"enemies":"Cultist","floor":3,"turns":3},{"damage":22,"enemies":"Exordium Wildlife","floor":7,"turns":5},{"damage":26,"enemies":"Gremlin Nob","floor":11,"turns":5},{"damage":0,"enemies":"Looter","floor":14,"turns":2},{"damage":35,"enemies":"Fading Forest","floor":16,"turns":11},{"damage":24,"enemies":"Chosen","floor":18,"turns":5},{"damage":22,"enemies":"2 Thieves","floor":20,"turns":4},{"damage":0,"enemies":"Snake Plant","floor":21,"turns":2},{"damage":27,"enemies":"Centurion and Healer","floor":22,"turns":4}],"seed_played":"8978804254419487193","potions_obtained":[{"floor":7,"key":"SpeedPotion"},{"floor":11,"key":"ColorlessPotion"},{"floor":18,"key":"Block Potion"},{"floor":21,"key":"Strength Potion"}],"is_trial":false,"path_per_floor":["M","M","M","?","$","R","M","R","T","R","E","?","$","M","R","B",null,"M","$","M","M","M"],"character_chosen":"WATCHER","items_purchased":["DollysMirror","Replay:Battleflow","Weave+1","Replay:Vibes","Study+1","PathToVictory","JustLucky"],"campfire_rested":3,"item_purchase_floors":[5,13,13,19,19,19,19],"current_hp_per_floor":[65,59,59,59,59,72,50,50,50,71,45,38,38,38,59,34,72,48,48,26,26,0,0],"gold":31,"neow_bonus":"RANDOM_COMMON_RELIC","is_daily":false,"chose_seed":false,"campfire_upgraded":0,"win_rate":0.0,"timestamp":1610749224,"path_taken":["M","M","M","?","$","R","M","R","T","R","E","?","$","?","R","BOSS","M","$","M","M","M"],"items_purchased_type":["Relic","Card","Card","Card","Card","Card","Card"],"build_version":"2020-12-22","purchased_purges":1,"victory":false,"max_hp_per_floor":[72,72,72,72,72,72,72,72,72,72,72,72,72,72,72,72,72,72,72,72,72,72,72],"card_choices":[{"not_picked":["Evaluate","Crescendo"],"picked":"ForeignInfluence","floor":1},{"not_picked":["Protect","Fasting2"],"picked":"BattleHymn","floor":2},{"not_picked":["ThirdEye","Crescendo"],"picked":"WheelKick","floor":3},{"not_picked":["ThirdEye","FlurryOfBlows"],"picked":"SandsOfTime","floor":7},{"not_picked":["Sanctity","Protect"],"picked":"EmptyBody","floor":11},{"not_picked":["Protect","EmptyBody"],"picked":"InnerPeace","floor":14},{"not_picked":["Scrawl","Replay:LoomingThreat"],"picked":"DeusExMachina","floor":16},{"not_picked":["ThirdEye","SashWhip"],"picked":"Nirvana+1","floor":18},{"not_picked":["WheelKick+1","CrushJoints"],"picked":"Pray","floor":20},{"not_picked":["Replay:AtTheReady+1","Conclude+1"],"picked":"Halt+1","floor":21}],"player_experience":210323,"relics_obtained":[{"floor":9,"key":"Lantern"},{"floor":11,"key":"Mummified Hand"}],"event_choices":[{"damage_healed":0,"gold_gain":0,"player_choice":"Take Wound","damage_taken":0,"relics_obtained":["Golden Idol"],"max_hp_gain":0,"max_hp_loss":0,"event_name":"Golden Idol","floor":4,"gold_loss":0,"cards_obtained":["Injury"]},{"damage_healed":0,"gold_gain":75,"player_choice":"Touch","damage_taken":7,"max_hp_gain":0,"max_hp_loss":0,"event_name":"FaceTrader","floor":12,"gold_loss":0}],"is_beta":false,"boss_relics":[{"not_picked":["Ring of Chaos","Replay:Grab Bag"],"picked":"SlaversCollar"}],"items_purged_floors":[13],"is_endless":false,"potions_floor_spawned":[7,11,18,21],"killed_by":"Centurion and Healer","ascension_level":0}}