{"host":"7zdktqb5xjtif29d","time":1610736642,"event":{"mods":["AchievementEnabler","BaseMod","Colored Map","Colored Powertips","Highlight Path","Minty Spire (QoL Compilation)","Rare Cards Sparkle","SuperFastMode","Waifu the Spire","everything is the same but u backflip on backflip"],"gold_per_floor":[118,129,204,204,223,256,256,241,310,310,310,310],"floor_reached":11,"language":"ENG","playtime":322,"items_purged":[],"score":77,"play_id":"fbc25ab3-49a4-4389-9f75-5738b6fbe950","local_time":"20210115185042","is_ascension_mode":true,"campfire_choices":[{"data":"Strike_B","floor":7,"key":"PURGE"},{"floor":10,"key":"REST"}],"circlet_count":0,"master_deck":["Strike_B","Strike_B","Strike_B","Defend_B","Defend_B","Defend_B","Defend_B","Zap","Dualcast","Hello World","Heatsinks","Creative AI","Self Repair"],"relics":["Cracked Core","Golden Idol","Peace Pipe","Symbiotic Virus"],"acts_visited":["Exordium"],"potions_floor_usage":[],"damage_taken":[{"damage":5,"enemies":"Small Slimes","floor":1,"turns":3},{"damage":0,"enemies":"2 Louse","floor":2,"turns":3},{"damage":8,"enemies":"Jaw Worm","floor":5,"turns":4},{"damage":26,"enemies":"Lagavulin","floor":6,"turns":7},{"damage":30,"enemies":"Exordium Thugs","floor":8,"turns":5},{"damage":32,"enemies":"Gremlin Nob","floor":11,"turns":4}],"seed_played":"1460260425579156756","potions_obtained":[{"floor":2,"key":"SkillPotion"},{"floor":6,"key":"Swift Potion"}],"is_trial":false,"path_per_floor":["M","M","?","?","M","E","R","M","T","R","E"],"character_chosen":"DEFECT","items_purchased":[],"campfire_rested":1,"item_purchase_floors":[],"current_hp_per_floor":[77,77,66,66,58,32,32,2,2,24,0,0],"gold":310,"neow_bonus":"TEN_PERCENT_HP_BONUS","is_daily":false,"chose_seed":false,"campfire_upgraded":0,"win_rate":0.0,"timestamp":1610736642,"path_taken":["M","M","?","?","M","E","R","M","T","R","E"],"items_purchased_type":[],"build_version":"2020-12-22","purchased_purges":0,"victory":false,"max_hp_per_floor":[82,82,82,76,76,76,76,76,76,76,76,76],"card_choices":[{"not_picked":["Leap","Chill","Hologram"],"picked":"SKIP","floor":1},{"not_picked":["Compile Driver","Leap"],"picked":"Hello World","floor":2},{"not_picked":["Tempest","Cold Snap"],"picked":"Heatsinks","floor":5},{"not_picked":["Hologram","Heatsinks"],"picked":"Creative AI","floor":6},{"not_picked":["Beam Cell","Steam"],"picked":"Self Repair","floor":8}],"player_experience":214669,"relics_obtained":[{"floor":6,"key":"Peace Pipe"},{"floor":9,"key":"Symbiotic Virus"}],"event_choices":[{"damage_healed":0,"gold_gain":75,"player_choice":"Gather Gold","damage_taken":11,"max_hp_gain":0,"max_hp_loss":0,"event_name":"World of Goop","floor":3,"gold_loss":0},{"damage_healed":0,"gold_gain":0,"player_choice":"Lose Max HP","damage_taken":0,"relics_obtained":["Golden Idol"],"max_hp_gain":0,"max_hp_loss":6,"event_name":"Golden Idol","floor":4,"gold_loss":0}],"is_beta":false,"boss_relics":[],"items_purged_floors":[],"is_endless":false,"potions_floor_spawned":[2,6],"killed_by":"Gremlin Nob","ascension_level":1}}