{"host":"5ty8fyb0ngp9gspj","time":1610710188,"event":{"mods":["2.2 Compatiblity","AchievementEnabler","Act Like it!","BaseMod","Colored Map","Downfall","Minty Spire (QoL Compilation)","Rare Cards Sparkle","Replay The Spire","StSLib","The Wild Card","slay the spire mod where everything is the same but ironclad has a cowboy hat"],"gold_per_floor":[119,59,59,59,86,86,86,86,133,133,149,149,169,14,14,138,138,153,153],"floor_reached":18,"language":"ENG","playtime":797,"items_purged":[],"score":148,"play_id":"0fe75095-4afa-4f5c-8da6-2d7ef3a03258","local_time":"20210115222948","is_ascension_mode":false,"campfire_choices":[{"data":"theWildCard:Arsene","floor":6,"key":"SMITH"},{"floor":8,"key":"REST"},{"data":"theWildCard:StingingStrike","floor":10,"key":"SMITH"},{"data":"theWildCard:CallToAdventure","floor":12,"key":"SMITH"},{"data":"Replay:Bootleg Shield Generator","floor":15,"key":"SMITH"}],"circlet_count":0,"master_deck":["theWildCard:BasicStrike","theWildCard:BasicStrike","theWildCard:BasicStrike","theWildCard:BasicDefend","theWildCard:BasicDefend","theWildCard:BasicDefend","theWildCard:BasicDefend","theWildCard:CallToAdventure+1","theWildCard:Arsene+1","theWildCard:StingingStrike+1","theWildCard:MagicMettle+1","theWildCard:IdentityTheft","theWildCard:PaleRider","theWildCard:MagicalMight","theWildCard:MagicalMight","Replay:Bootleg Shield Generator+1","theWildCard:TheArcanaUnleashed","theWildCard:Odin"],"relics":["theWildCard:VelvetContract","Golden Idol","Centennial Puzzle","Pet Ghost","expansioncontent:StudyCardRelic"],"acts_visited":["Exordium","TheCity"],"potions_floor_usage":[18],"damage_taken":[{"damage":0,"enemies":"2 Louse","floor":1,"turns":3},{"damage":0,"enemies":"Small Slimes","floor":11,"turns":2},{"damage":4,"enemies":"Jaw Worm","floor":13,"turns":2},{"damage":17,"enemies":"Fading Forest","floor":16,"turns":11},{"damage":7,"enemies":"Shell Parasite","floor":18,"turns":2}],"seed_played":"-119768994218478169","potions_obtained":[{"floor":16,"key":"PowerPotion"}],"is_trial":false,"path_per_floor":["M","$","?","?","T","R","?","R","T","R","M","R","M","$","R","B",null,"M"],"character_chosen":"THE_WILD_CARD","items_purchased":["theWildCard:MagicMettle+1","theWildCard:MagicalMight","Replay:Bootleg Shield Generator"],"campfire_rested":1,"item_purchase_floors":[2,14,14],"current_hp_per_floor":[66,66,50,43,43,43,10,29,29,29,29,29,25,25,25,54,66,59,59],"gold":153,"neow_bonus":"TEN_PERCENT_HP_BONUS","is_daily":false,"chose_seed":false,"campfire_upgraded":4,"win_rate":0.0,"timestamp":1610710188,"path_taken":["M","$","?","?","?","R","?","R","T","R","M","R","M","?","R","BOSS","M"],"items_purchased_type":["Card","Card","Card"],"build_version":"2020-12-22","purchased_purges":0,"victory":false,"max_hp_per_floor":[66,66,66,66,66,66,66,66,66,66,66,66,66,66,66,66,66,66,66],"card_choices":[{"not_picked":["theWildCard:ArcaneArts","theWildCard:ArchaicAssault"],"picked":"theWildCard:StingingStrike","floor":1},{"not_picked":["theWildCard:Patience","theWildCard:Safeguard"],"picked":"theWildCard:IdentityTheft","floor":11},{"not_picked":["theWildCard:EnergizedStroke","theWildCard:StingingStrike"],"picked":"theWildCard:PaleRider","floor":13},{"not_picked":["theWildCard:Caesar","theWildCard:Amaterasu"],"picked":"theWildCard:TheArcanaUnleashed","floor":16},{"not_picked":["theWildCard:ArcaneArts","theWildCard:Safeguard"],"picked":"theWildCard:Odin","floor":18}],"player_experience":375371,"relics_obtained":[{"floor":9,"key":"Pet Ghost"}],"event_choices":[{"damage_healed":0,"gold_gain":0,"player_choice":"Take Damage","damage_taken":16,"relics_obtained":["Golden Idol"],"max_hp_gain":0,"max_hp_loss":0,"event_name":"Golden Idol","floor":3,"gold_loss":0},{"cards_removed":["theWildCard:BasicStrike"],"damage_healed":0,"gold_gain":0,"player_choice":"Card Removal","damage_taken":7,"max_hp_gain":0,"max_hp_loss":0,"event_name":"Golden Wing","floor":4,"gold_loss":0},{"damage_healed":0,"gold_gain":0,"player_choice":"Success","damage_taken":33,"relics_obtained":["Centennial Puzzle"],"max_hp_gain":0,"max_hp_loss":0,"event_name":"Scrap Ooze","floor":7,"gold_loss":0}],"is_beta":false,"boss_relics":[{"not_picked":["Coffee Dripper","Kintsugi"],"picked":"expansioncontent:StudyCardRelic"}],"items_purged_floors":[],"is_endless":false,"potions_floor_spawned":[16],"killed_by":"Shell Parasite","ascension_level":0}}