{"host":"9kesdg97wkrx2bva","time":1610691219,"event":{"mods":["AchievementEnabler","BaseMod","Colored Map","Downfall","GifTheSpireLib","Infinite Spire","Minty Spire (QoL Compilation)","Replay The Spire","StSLib"],"gold_per_floor":[119,119,44,70,81,81,93,93,93,127,127,127,138,150,150,225,225,239,259,259,84,101,101,101],"floor_reached":23,"language":"ENG","playtime":592,"items_purged":["Strike_B","Overencumbered"],"score":344,"play_id":"46fe2abb-1a4d-4813-860e-1c103fff578d","local_time":"20210115011339","is_ascension_mode":true,"campfire_choices":[{"data":"Dualcast","floor":6,"key":"SMITH"},{"data":"Loop","floor":11,"key":"SMITH"},{"data":"Streamline","floor":15,"key":"SMITH"}],"circlet_count":0,"master_deck":["Strike_B","Strike_B","Defend_B","Defend_B","Defend_B","Defend_B","Zap+1","Dualcast+1","Loop+1","Go for the Eyes","Go for the Eyes","Streamline+1","Ball Lightning","Seek","Gash","Loop","Gash+1"],"relics":["Cracked Core","ReplayFunnel","Ornamental Fan","Kunai","Coffee Dripper","Enchiridion"],"acts_visited":["Exordium","TheCity"],"potions_floor_usage":[10,16,23,23],"damage_taken":[{"damage":0,"enemies":"Cultist","floor":1,"turns":3},{"damage":5,"enemies":"Small Slimes","floor":5,"turns":3},{"damage":3,"enemies":"2 Louse","floor":7,"turns":3},{"damage":24,"enemies":"Lagavulin","floor":10,"turns":7},{"damage":2,"enemies":"2 Fungi Beasts","floor":13,"turns":4},{"damage":3,"enemies":"Gremlin Gang","floor":14,"turns":4},{"damage":10,"enemies":"Hexaghost","floor":16,"turns":8},{"damage":17,"enemies":"3 Byrds","floor":18,"turns":5},{"damage":6,"enemies":"Chosen","floor":19,"turns":4},{"damage":12,"enemies":"Snake Plant","floor":22,"turns":4},{"damage":10,"enemies":"Slavers","floor":23,"turns":1}],"seed_played":"6369053729277372526","potions_obtained":[{"floor":5,"key":"Fruit Juice"},{"floor":10,"key":"Weak Potion"},{"floor":13,"key":"Strength Potion"},{"floor":22,"key":"SteroidPotion"}],"is_trial":false,"path_per_floor":["M","?","$","T","M","R","M","?","T","E","R","?","M","M","R","B",null,"M","M","?","$","M","E"],"character_chosen":"DEFECT","items_purchased":["Loop"],"campfire_rested":0,"item_purchase_floors":[21],"current_hp_per_floor":[64,71,71,71,66,66,63,63,63,44,44,44,42,39,39,29,64,47,41,20,20,8,0,0],"gold":101,"neow_bonus":"UPGRADE_CARD","is_daily":false,"chose_seed":false,"campfire_upgraded":3,"win_rate":0.0,"timestamp":1610691219,"path_taken":["M","?","$","?","M","R","M","?","T","E","R","?","M","M","R","BOSS","M","M","?","$","M","E"],"items_purchased_type":["Card"],"build_version":"2020-12-22","purchased_purges":2,"victory":false,"max_hp_per_floor":[71,71,71,71,71,71,71,71,71,76,76,76,76,76,76,76,76,76,76,76,76,76,76,76],"card_choices":[{"not_picked":["Aggregate","Recycle"],"picked":"Loop","floor":1},{"not_picked":["Lockon","Aggregate"],"picked":"Go for the Eyes","floor":5},{"not_picked":["BasicCrystalCard","Conserve Battery"],"picked":"Go for the Eyes","floor":7},{"not_picked":["BasicCrystalCard","Redo","Amplify"],"picked":"SKIP","floor":10},{"not_picked":["Undo","Barrage"],"picked":"Streamline","floor":13},{"not_picked":["Sweeping Beam","BasicCrystalCard"],"picked":"Ball Lightning","floor":14},{"not_picked":["ReplayTheSpireMod:Fabricate Wheel","Rainbow"],"picked":"Seek","floor":16},{"not_picked":["Capacitor+1","Redo"],"picked":"Gash","floor":18},{"not_picked":["BasicCrystalCard","Glacier","Steam Power"],"picked":"SKIP","floor":19},{"not_picked":["Compile Driver","ReplaySolidLightProjector"],"picked":"Gash+1","floor":22}],"player_experience":936855,"relics_obtained":[{"floor":4,"key":"ReplayFunnel"},{"floor":9,"key":"Ornamental Fan"},{"floor":10,"key":"Kunai"},{"floor":20,"key":"Enchiridion"}],"event_choices":[{"damage_healed":7,"gold_gain":0,"player_choice":"Full Heal","damage_taken":0,"max_hp_gain":0,"max_hp_loss":0,"event_name":"Wheel of Change","floor":2,"gold_loss":0},{"damage_healed":0,"gold_gain":0,"player_choice":"Obtained Book","damage_taken":21,"max_hp_gain":0,"max_hp_loss":0,"event_name":"Cursed Tome","floor":20,"gold_loss":0}],"is_beta":false,"boss_relics":[{"not_picked":["ReplayTheSpireMod:DimensionalGlitch","Nuclear Battery"],"picked":"Coffee Dripper"}],"items_purged_floors":[3,21],"is_endless":false,"potions_floor_spawned":[5,10,13,22],"killed_by":"Slavers","ascension_level":16}}