{"host":"w4b7hmige5bnqipq","time":1610727497,"event":{"mods":["2.2 Compatiblity","BaseMod","Colored Map","DeckTracker","Keyboard Shortcuts","Minty Spire (QoL Compilation)","Permanent Neow","Rare Cards Sparkle","SuperFastMode","everything is the same but u backflip on backflip","slay the spire mod where everything is the same but ironclad has a cowboy hat"],"gold_per_floor":[14,28,28,28,45,45,45,45,45,45,74,74,85,113,113,190,190,201,211,230,250,300,333,333,343,367,367,386,135,135,154,154,227,227,245,245,37,47,58,58,58],"floor_reached":40,"language":"KOR","playtime":1347,"items_purged":["Strike_G"],"score":936,"play_id":"69c3ba7f-14ce-4085-ae29-5faefb89f2c5","local_time":"20210116011817","is_ascension_mode":true,"campfire_choices":[{"data":"Glass Knife","floor":6.0,"key":"SMITH"},{"data":"Bouncing Flask","floor":10.0,"key":"SMITH"},{"data":"Eviscerate","floor":12.0,"key":"SMITH"},{"data":"Bullet Time","floor":15.0,"key":"SMITH"},{"floor":24.0,"key":"REST"},{"floor":30.0,"key":"REST"},{"floor":32,"key":"REST"}],"circlet_count":0,"master_deck":["AscendersBane","Strike_G","Defend_G","Defend_G","Defend_G","Defend_G","Survivor","Neutralize","Glass Knife+1","Eviscerate+1","Bouncing Flask+1","Bullet Time+1","Dagger Throw","Acrobatics","Night Terror","Leg Sweep","Catalyst","Dash","Flechettes","Dagger Throw","Outmaneuver+1","Catalyst","Madness","Malaise","Footwork","Prepared+1"],"relics":["Ring of the Snake","Bag of Preparation","Centennial Puzzle","Lantern","Orichalcum","HornCleat","Runic Pyramid","Art of War","Bronze Scales","Runic Dome","TwistedFunnel"],"acts_visited":["Exordium","TheCity","TheBeyond"],"potions_floor_usage":[31,40],"damage_taken":[{"damage":1.0,"enemies":"Cultist","floor":1.0,"turns":4.0},{"damage":0.0,"enemies":"Jaw Worm","floor":2.0,"turns":3.0},{"damage":0.0,"enemies":"Small Slimes","floor":5.0,"turns":3.0},{"damage":10.0,"enemies":"Lagavulin","floor":11.0,"turns":4.0},{"damage":0.0,"enemies":"Exordium Thugs","floor":13.0,"turns":3.0},{"damage":0.0,"enemies":"Gremlin Nob","floor":14.0,"turns":2.0},{"damage":25.0,"enemies":"The Guardian","floor":16.0,"turns":8.0},{"damage":12.0,"enemies":"2 Thieves","floor":18.0,"turns":3.0},{"damage":8.0,"enemies":"3 Byrds","floor":19.0,"turns":4.0},{"damage":0.0,"enemies":"Centurion and Healer","floor":20.0,"turns":4.0},{"damage":18.0,"enemies":"Chosen and Byrds","floor":21.0,"turns":6.0},{"damage":12.0,"enemies":"Book of Stabbing","floor":23.0,"turns":3.0},{"damage":10.0,"enemies":"Sentry and Sphere","floor":25.0,"turns":6.0},{"damage":8.0,"enemies":"Snake Plant","floor":28.0,"turns":2.0},{"damage":0,"enemies":"Cultist and Chosen","floor":31,"turns":3},{"damage":11,"enemies":"Champ","floor":33,"turns":5},{"damage":23,"enemies":"3 Shapes","floor":35,"turns":5},{"damage":7,"enemies":"3 Darklings","floor":38,"turns":5},{"damage":22,"enemies":"Spire Growth","floor":39,"turns":3},{"damage":9,"enemies":"Reptomancer","floor":40,"turns":2}],"seed_played":"7637135299935732892","potions_obtained":[{"floor":1.0,"key":"SkillPotion"},{"floor":13.0,"key":"Ancient Potion"},{"floor":14.0,"key":"Poison Potion"},{"floor":16.0,"key":"Poison Potion"},{"floor":18.0,"key":"EssenceOfSteel"},{"floor":19.0,"key":"Fire Potion"},{"floor":23.0,"key":"Fire Potion"},{"floor":35,"key":"Block Potion"}],"is_trial":false,"path_per_floor":["M","M","T","?","M","R","T","$","T","R","E","R","M","E","R","B",null,"M","M","M","M","?","E","R","M","T","?","M","$","R","M","R","B",null,"M","?","$","M","M","E"],"character_chosen":"THE_SILENT","items_purchased":["Catalyst","Madness","Footwork","TwistedFunnel"],"campfire_rested":3,"item_purchase_floors":[29,29,37,37],"current_hp_per_floor":[58,58,58,58,58,58,58,58,58,58,48,48,48,48,48,23,55,43,35,35,17,17,5,24,14,14,14,6,6,25,25,44,33,58,35,35,35,28,6,0,0],"gold":58,"neow_bonus":"THREE_RARE_CARDS","is_daily":false,"chose_seed":false,"campfire_upgraded":4,"win_rate":0.0,"timestamp":1610727497,"path_taken":["M","M","?","?","M","R","?","$","T","R","E","R","M","E","R","BOSS","M","M","M","M","?","E","R","M","T","?","?","$","R","?","R","BOSS","M","?","$","M","M","E"],"items_purchased_type":["Card","Card","Card","Relic"],"build_version":"2020-12-22","purchased_purges":1,"victory":false,"max_hp_per_floor":[66,66,66,66,66,66,66,66,66,66,66,66,66,66,66,66,66,66,66,66,66,66,66,66,66,66,66,66,66,66,66,66,66,66,66,66,66,66,66,66,66],"card_choices":[{"not_picked":["Envenom","Malaise"],"picked":"Glass Knife","floor":0.0},{"not_picked":["Expertise","Flying Knee"],"picked":"Eviscerate","floor":1.0},{"not_picked":["Sucker Punch","Acrobatics","Cloak And Dagger"],"picked":"SKIP","floor":2.0},{"not_picked":["All Out Attack","Slice"],"picked":"Bouncing Flask","floor":5.0},{"not_picked":["Outmaneuver","Dodge and Roll"],"picked":"Bullet Time","floor":11.0},{"not_picked":["Outmaneuver","All Out Attack"],"picked":"Dagger Throw","floor":13.0},{"not_picked":["Setup","Cloak And Dagger"],"picked":"Acrobatics","floor":14.0},{"not_picked":["Envenom","Storm of Steel"],"picked":"Night Terror","floor":16.0},{"not_picked":["Finisher+1","All Out Attack","Predator"],"picked":"SKIP","floor":18.0},{"not_picked":["Flying Knee","Deflect"],"picked":"Leg Sweep","floor":19.0},{"not_picked":["Sucker Punch","Cloak And Dagger"],"picked":"Catalyst","floor":20.0},{"not_picked":["Flying Knee","Dodge and Roll","Terror"],"picked":"SKIP","floor":21.0},{"not_picked":["Blade Dance","Dagger Throw"],"picked":"Dash","floor":23.0},{"not_picked":["Endless Agony","Masterful Stab","Predator"],"picked":"SKIP","floor":25.0},{"not_picked":["Dagger Spray","Masterful Stab"],"picked":"Outmaneuver+1","floor":28.0},{"not_picked":["Distraction","Quick Slash","Concentrate"],"picked":"SKIP","floor":31},{"not_picked":["Doppelganger","Glass Knife"],"picked":"Malaise","floor":33},{"not_picked":["Terror","Backflip","Dash"],"picked":"SKIP","floor":35},{"not_picked":["Slice","Deadly Poison"],"picked":"Prepared+1","floor":38},{"not_picked":["Skewer","Bane","Slice"],"picked":"SKIP","floor":39}],"player_experience":500615,"relics_obtained":[{"floor":3.0,"key":"Bag of Preparation"},{"floor":7.0,"key":"Centennial Puzzle"},{"floor":9.0,"key":"Lantern"},{"floor":11.0,"key":"Orichalcum"},{"floor":14.0,"key":"HornCleat"},{"floor":23.0,"key":"Art of War"},{"floor":26.0,"key":"Bronze Scales"}],"event_choices":[{"cards_removed":["Strike_G"],"damage_healed":0.0,"max_hp_gain":0.0,"max_hp_loss":0.0,"gold_gain":0.0,"event_name":"Living Wall","player_choice":"Forget","floor":4.0,"gold_loss":0.0,"damage_taken":0.0},{"damage_healed":0.0,"max_hp_gain":0.0,"max_hp_loss":0.0,"gold_gain":50.0,"event_name":"Nest","player_choice":"Stole From Cult","floor":22.0,"gold_loss":0.0,"damage_taken":0.0},{"damage_healed":0.0,"max_hp_gain":0.0,"max_hp_loss":0.0,"gold_gain":0.0,"cards_transformed":["Strike_G","Strike_G"],"event_name":"Drug Dealer","player_choice":"Became Test Subject","floor":27.0,"gold_loss":0.0,"damage_taken":0.0,"cards_obtained":["Flechettes","Dagger Throw"]},{"cards_removed":["Defend_G"],"damage_healed":0,"gold_gain":0,"player_choice":"Removed Skill","damage_taken":0,"max_hp_gain":0,"max_hp_loss":0,"event_name":"Falling","floor":36,"gold_loss":0}],"is_beta":false,"boss_relics":[{"not_picked":["Philosopher\u0027s Stone","WristBlade"],"picked":"Runic Pyramid"},{"not_picked":["Black Star","Snecko Eye"],"picked":"Runic Dome"}],"items_purged_floors":[29],"is_endless":false,"potions_floor_spawned":[1,13,14,16,18,19,21,23,35],"killed_by":"Reptomancer","ascension_level":20}}