{"host":"4np54w3ai1r5lqo1","time":1610695483,"event":{"mods":["BaseMod","Colored Map","Minty Spire (QoL Compilation)","Quick Restart"],"gold_per_floor":[114,129,148,163,163,196,215,215,215,215,231,231,249,270,270,399,399,424,424,424],"floor_reached":19,"language":"ENG","playtime":943,"items_purged":[],"score":223,"play_id":"a3f25dd0-3ba0-4d66-b6e5-599f6697e059","local_time":"20210115052443","is_ascension_mode":false,"campfire_choices":[{"data":"SandsOfTime","floor":8.0,"key":"SMITH"},{"data":"Devotion","floor":12.0,"key":"SMITH"},{"floor":15.0,"key":"REST"}],"circlet_count":0,"master_deck":["Strike_P","Strike_P","Strike_P","Defend_P","Defend_P","Defend_P","Defend_P","Eruption","Vigilance","JustLucky","ThirdEye","SandsOfTime+1","ClearTheMind","Devotion+1","Nirvana","Adaptation","Study","Devotion","Crescendo"],"relics":["PureWater","NeowsBlessing","Golden Idol","InkBottle","Mercury Hourglass","Sozu"],"acts_visited":["Exordium","TheCity"],"potions_floor_usage":[16],"damage_taken":[{"damage":0.0,"enemies":"2 Louse","floor":1.0,"turns":1.0},{"damage":0.0,"enemies":"Small Slimes","floor":2.0,"turns":1.0},{"damage":0.0,"enemies":"Cultist","floor":3.0,"turns":1.0},{"damage":1.0,"enemies":"Gremlin Gang","floor":4.0,"turns":6.0},{"damage":36.0,"enemies":"Gremlin Nob","floor":6.0,"turns":4.0},{"damage":8.0,"enemies":"Exordium Thugs","floor":7.0,"turns":4.0},{"damage":4.0,"enemies":"Lots of Slimes","floor":11.0,"turns":4.0},{"damage":6.0,"enemies":"Red Slaver","floor":13.0,"turns":5.0},{"damage":1.0,"enemies":"Exordium Wildlife","floor":14.0,"turns":4.0},{"damage":0,"enemies":"Slime Boss","floor":16,"turns":5},{"damage":32,"enemies":"3 Byrds","floor":18,"turns":4},{"damage":0,"enemies":"2 Thieves","floor":19,"turns":1}],"seed_played":"4315057719519207842","potions_obtained":[{"floor":2.0,"key":"Energy Potion"},{"floor":7.0,"key":"Dexterity Potion"},{"floor":11.0,"key":"SpeedPotion"},{"floor":13.0,"key":"DistilledChaos"}],"is_trial":false,"path_per_floor":["M","M","M","M","?","E","M","R","T","?","M","R","M","M","R","B",null,"M","M"],"character_chosen":"WATCHER","items_purchased":[],"campfire_rested":1,"item_purchase_floors":[],"current_hp_per_floor":[72,72,72,71,67,31,23,23,23,23,19,19,13,12,32,32,67,35,35,35],"gold":424,"neow_bonus":"THREE_ENEMY_KILL","is_daily":false,"chose_seed":false,"campfire_upgraded":2,"win_rate":0.0,"timestamp":1610695483,"path_taken":["M","M","M","M","?","E","M","R","T","?","M","R","?","M","R","BOSS","M","M"],"items_purchased_type":[],"build_version":"2020-12-22","purchased_purges":0,"victory":false,"max_hp_per_floor":[72,72,72,72,67,67,67,67,67,67,67,67,67,67,67,67,67,67,67,67],"card_choices":[{"not_picked":["WaveOfTheHand","Halt"],"picked":"JustLucky","floor":1.0},{"not_picked":["JustLucky","SashWhip","Evaluate"],"picked":"SKIP","floor":2.0},{"not_picked":["CrushJoints","Consecrate"],"picked":"ThirdEye","floor":3.0},{"not_picked":["InnerPeace","Judgement"],"picked":"SandsOfTime","floor":4.0},{"not_picked":["BowlingBash","SignatureMove"],"picked":"ClearTheMind","floor":6.0},{"not_picked":["ForeignInfluence","CrushJoints","Evaluate"],"picked":"SKIP","floor":7.0},{"not_picked":["WindmillStrike","Consecrate"],"picked":"Nirvana","floor":11.0},{"not_picked":["ClearTheMind","EmptyFist"],"picked":"Adaptation","floor":13.0},{"not_picked":["EmptyFist","CarveReality"],"picked":"Study","floor":14.0},{"not_picked":["ConjureBlade","Scrawl"],"picked":"Devotion","floor":16},{"not_picked":["BowlingBash","EmptyFist"],"picked":"Crescendo","floor":18}],"player_experience":490960,"relics_obtained":[{"floor":6.0,"key":"InkBottle"},{"floor":9.0,"key":"Mercury Hourglass"}],"event_choices":[{"damage_healed":0.0,"max_hp_gain":0.0,"max_hp_loss":5.0,"gold_gain":0.0,"event_name":"Golden Idol","player_choice":"Lose Max HP","floor":5.0,"gold_loss":0.0,"damage_taken":0.0,"relics_obtained":["Golden Idol"]},{"damage_healed":0.0,"max_hp_gain":0.0,"max_hp_loss":0.0,"gold_gain":0.0,"cards_transformed":["Strike_P"],"event_name":"Transmorgrifier","player_choice":"Transformed","floor":10.0,"gold_loss":0.0,"damage_taken":0.0,"cards_obtained":["Devotion"]}],"is_beta":false,"boss_relics":[{"not_picked":["SacredBark","Tiny House"],"picked":"Sozu"}],"items_purged_floors":[],"is_endless":false,"potions_floor_spawned":[2,7,11,13],"killed_by":"2 Thieves","ascension_level":0}}