{"host":"94qggqh0xz0sp6ai","time":1610748603,"event":{"mods":["Abigail Mod","Act Like it!","BaseMod","CapriCore","Downfall","Friendly Minions","Gensokyo","Hermit","Jorbs\u0027s Wanderer Trilogy","Koishi","Marisa（霧雨　魔理沙）","Minty Spire (QoL Compilation)","Permanent Neow","Reimu（博??梦）","StSLib","The Alterego","The Construct","The Cursed","The Hierophant","The Immortal","The Marked","The Servant 0.9.4","TheBandit","Waifu the Spire"],"gold_per_floor":[112,44,60,60,76,76,76,104,104,104,121,121,47,82,82,89,89],"floor_reached":16,"language":"ENG","playtime":450,"items_purged":[],"score":146,"play_id":"dbc31f3e-5449-4965-a90d-3d446a3c9434","local_time":"20210115161003","is_ascension_mode":true,"campfire_choices":[{"data":"hermit:Vantage","floor":6,"key":"SMITH"},{"data":"hermit:ShadowCloak","floor":10,"key":"SMITH"},{"data":"hermit:Scavenge","floor":15,"key":"SMITH"}],"circlet_count":0,"master_deck":["hermit:Strike_Hermit","hermit:Strike_Hermit","hermit:Strike_Hermit","hermit:Strike_Hermit","hermit:Defend_Hermit","hermit:Defend_Hermit","hermit:Defend_Hermit","hermit:Defend_Hermit","hermit:Snapshot","hermit:Covet","hermit:Vantage+1","hermit:ShadowCloak+1","hermit:Maintenance+1","hermit:Shortfuse","Regret","hermit:Ricochet","hermit:Scavenge+1"],"relics":["hermit:Momento","Omamori","Pen Nib","Bottled Tornado","Happy Flower"],"acts_visited":["Exordium"],"potions_floor_usage":[11,14],"damage_taken":[{"damage":4,"enemies":"2 Louse","floor":1,"turns":3},{"damage":0,"enemies":"Small Slimes","floor":3,"turns":4},{"damage":2,"enemies":"Jaw Worm","floor":5,"turns":4},{"damage":9,"enemies":"Lagavulin","floor":8,"turns":6},{"damage":15,"enemies":"Lots of Slimes","floor":11,"turns":6},{"damage":14,"enemies":"3 Sentries","floor":14,"turns":8},{"damage":31,"enemies":"Slime Boss","floor":16,"turns":6}],"seed_played":"-8431277441489940237","potions_obtained":[{"floor":1,"key":"CultistPotion"},{"floor":5,"key":"BlessingOfTheForge"},{"floor":8,"key":"ZuzhouPotion:ReiMu"}],"is_trial":false,"path_per_floor":["M","$","M","?","M","R","?","E","T","R","M","?","$","E","R","B"],"character_chosen":"HERMIT","items_purchased":["hermit:ShadowCloak","hermit:Scavenge"],"campfire_rested":0,"item_purchase_floors":[2,13],"current_hp_per_floor":[71,71,71,71,69,69,69,60,60,60,45,45,45,31,31,0,0],"gold":89,"neow_bonus":"TEN_PERCENT_HP_BONUS","is_daily":false,"chose_seed":false,"campfire_upgraded":3,"win_rate":0.0,"timestamp":1610748603,"path_taken":["M","$","M","?","M","R","?","E","T","R","M","?","?","E","R","BOSS"],"items_purchased_type":["Card","Card"],"build_version":"2020-12-22","purchased_purges":0,"victory":false,"max_hp_per_floor":[82,82,82,82,82,82,82,82,82,82,82,82,82,82,82,82,82],"card_choices":[{"not_picked":["hermit:FullyLoaded","hermit:Ricochet"],"picked":"hermit:Vantage","floor":1},{"not_picked":["hermit:SprayPray","hermit:WideOpen"],"picked":"hermit:Maintenance","floor":3},{"not_picked":["hermit:Roulette","hermit:LowProfile"],"picked":"hermit:Shortfuse","floor":5},{"not_picked":["hermit:WideOpen","hermit:BodyArmor"],"picked":"hermit:Ricochet","floor":8},{"not_picked":["hermit:EyeOfTheStorm","hermit:Cheat","hermit:Coalescence"],"picked":"SKIP","floor":11},{"not_picked":["hermit:Feint","hermit:Grudge","hermit:Snipe"],"picked":"SKIP","floor":14}],"player_experience":1383437,"relics_obtained":[{"floor":8,"key":"Pen Nib"},{"floor":9,"key":"Bottled Tornado"},{"floor":14,"key":"Happy Flower"}],"event_choices":[{"damage_healed":0,"gold_gain":0,"player_choice":"Grow","damage_taken":0,"max_hp_gain":0,"max_hp_loss":0,"event_name":"Living Wall","floor":4,"gold_loss":0,"cards_upgraded":["hermit:Maintenance"]},{"damage_healed":0,"gold_gain":0,"player_choice":"Box","damage_taken":0,"relics_obtained":["Omamori"],"max_hp_gain":0,"max_hp_loss":0,"event_name":"Big Fish","floor":7,"gold_loss":0,"cards_obtained":["Regret"]}],"is_beta":false,"boss_relics":[],"items_purged_floors":[],"is_endless":false,"potions_floor_spawned":[1,5,8],"killed_by":"Slime Boss","ascension_level":7}}