{"host":"7r6bd5ce6zscnmwq","time":1610691936,"event":{"mods":["BaseMod","Block Reminder","Downfall","Minty Spire (QoL Compilation)","Quick Restart","StSLib"],"gold_per_floor":[99,110,110,124,141,141,141,160,160,187,205,221,221,238,249,353,353,278,297,314,314,224,239,263,188,188,200,200,215,215,234,244,344,344,344,354,369,188,206,221,245,245,280,205,205,225,225,243,260,260,260,287,6,6,6],"floor_reached":56,"language":"ENG","playtime":5009,"items_purged":["champ:Defend","champ:Strike","champ:Defend"],"score":1154,"play_id":"720ca21f-06d6-4956-8174-25061f4af827","local_time":"20210115152536","is_ascension_mode":false,"campfire_choices":[{"data":"champ:Taunt","floor":1.0,"key":"SMITH"},{"floor":6,"key":"RECALL"},{"floor":13,"key":"REST"},{"data":"champ:SwordThrow","floor":18,"key":"SMITH"},{"data":"champ:Shatter","floor":25,"key":"SMITH"},{"data":"champ:RecklessLeap","floor":28,"key":"SMITH"},{"data":"champ:RisingSlash","floor":30,"key":"SMITH"},{"data":"champ:Lariat","floor":35,"key":"SMITH"},{"data":"champ:Duel","floor":42,"key":"SMITH"},{"data":"champ:CrookedStrike","floor":44,"key":"SMITH"},{"data":"champ:RisingSlash","floor":47,"key":"SMITH"},{"data":"champ:AdrenalArmor","floor":54,"key":"SMITH"}],"circlet_count":0,"master_deck":["champ:Strike","champ:Strike","champ:Defend","champ:Execute","champ:Taunt+1","champ:RisingSlash+1","champ:RisingSlash+1","champ:AdrenalArmor+1","champ:CrookedStrike+1","champ:RecklessLeap+1","champ:Shatter+1","champ:SwordThrow+1","champ:Taunt+1","champ:Lariat+1","champ:Duel+1","expansioncontent:AwakenDeath+1"],"relics":["champ:ChampionCrownUpgraded","Orichalcum","Frozen Egg 2","Odd Mushroom","downfall:HeartBlessingRed","downfall:HeartBlessingBlue","Busted Crown","PreservedInsect","Molten Egg 2","Bronze Scales","Bird Faced Urn","downfall:HeartBlessingGreen","Nunchaku","Lee\u0027s Waffle"],"acts_visited":["Exordium","TheCity","TheBeyond","TheEnding"],"potions_floor_usage":[10,11,16,16,19,23,50,55],"damage_taken":[{"damage":6.0,"enemies":"2 Louse","floor":2.0,"turns":3.0},{"damage":10.0,"enemies":"Small Slimes","floor":4.0,"turns":3.0},{"damage":2,"enemies":"Jaw Worm","floor":5,"turns":3},{"damage":12,"enemies":"Lots of Slimes","floor":8,"turns":3},{"damage":37,"enemies":"The Mushroom Lair","floor":10,"turns":6},{"damage":11,"enemies":"3 Louse","floor":11,"turns":3},{"damage":28,"enemies":"Gremlin Gang","floor":12,"turns":4},{"damage":22,"enemies":"Red Slaver","floor":14,"turns":2},{"damage":27,"enemies":"Large Slime","floor":15,"turns":4},{"damage":79,"enemies":"downfall:Silent","floor":16,"turns":6},{"damage":34,"enemies":"3 Byrds","floor":19,"turns":3},{"damage":27,"enemies":"Chosen","floor":20,"turns":3},{"damage":26,"enemies":"downfall:FleeingMerchant","floor":22,"turns":4},{"damage":56,"enemies":"Shelled Parasite and Fungi","floor":23,"turns":3},{"damage":31,"enemies":"Centurion and Healer","floor":27,"turns":4},{"damage":40,"enemies":"Chosen and Byrds","floor":29,"turns":3},{"damage":38,"enemies":"Cultist and Chosen","floor":31,"turns":4},{"damage":38,"enemies":"Snake Plant","floor":32,"turns":2},{"damage":72,"enemies":"downfall:Defect","floor":33,"turns":6},{"damage":51,"enemies":"3 Shapes","floor":36,"turns":2},{"damage":65,"enemies":"3 Darklings","floor":37,"turns":5},{"damage":47,"enemies":"downfall:FleeingMerchant","floor":38,"turns":3},{"damage":67,"enemies":"Maw","floor":39,"turns":4},{"damage":42,"enemies":"Spire Growth","floor":40,"turns":2},{"damage":53,"enemies":"Reptomancer","floor":43,"turns":3},{"damage":49,"enemies":"4 Shapes","floor":46,"turns":5},{"damage":52,"enemies":"3 Darklings","floor":48,"turns":2},{"damage":78,"enemies":"Transient","floor":49,"turns":5},{"damage":84,"enemies":"downfall:Ironclad","floor":50,"turns":9},{"damage":106,"enemies":"downfall:CharBossMerchant","floor":52,"turns":7},{"damage":317,"enemies":"downfall:NeowBoss","floor":55,"turns":25}],"seed_played":"-8535099314553739344","potions_obtained":[{"floor":4.0,"key":"sneckomod:MuddlingPotion"},{"floor":8,"key":"GamblersBrew"},{"floor":10,"key":"Swift Potion"},{"floor":12,"key":"Explosive Potion"},{"floor":15,"key":"LiquidMemories"},{"floor":20,"key":"AttackPotion"},{"floor":23,"key":"ColorlessPotion"},{"floor":29,"key":"EntropicBrew"},{"floor":31,"key":"AttackPotion"},{"floor":32,"key":"BlessingOfTheForge"},{"floor":37,"key":"Regen Potion"},{"floor":39,"key":"FairyPotion"},{"floor":52,"key":"LiquidBronze"}],"is_trial":false,"path_per_floor":["R","M","?","M","M","R","T","M","?","?","M","M","R","M","M","B",null,"R","M","M","?","$","M","T","R","?","M","R","M","R","M","M","B",null,"R","M","M","$","M","M","T","R","E","R","?","M","R","M","M","B",null,"E","$","R","B",null],"character_chosen":"THE_CHAMP","items_purchased":["PreservedInsect","Molten Egg 2","Lee\u0027s Waffle"],"campfire_rested":1,"item_purchase_floors":[38,38,53],"current_hp_per_floor":[99,98,91,86,84,84,84,77,77,54,48,45,74,67,60,18,99,99,95,95,95,95,89,89,99,99,96,96,96,96,95,95,82,109,109,109,100,100,100,100,100,100,100,100,100,95,95,95,84,91,109,68,116,116,13],"gold":6,"neow_bonus":"TEN_PERCENT_HP_BONUS","is_daily":false,"chose_seed":false,"campfire_upgraded":10,"win_rate":0.0,"timestamp":1610691936,"path_taken":["R","M","?","M","M","R","T","M","?","?","M","M","R","?","M","BOSS","R","M","?","?","$","?","T","R","?","M","R","?","R","M","M","BOSS","R","M","M","$","M","M","T","R","E","R","?","M","R","M","M","BOSS","E","$","R","BOSS"],"items_purchased_type":["Relic","Relic","Relic"],"build_version":"2020-12-22","purchased_purges":3,"victory":true,"max_hp_per_floor":[99,99,99,99,99,99,99,99,99,99,99,99,99,99,99,99,99,99,99,99,99,99,99,99,109,109,109,109,109,109,109,109,109,109,109,109,109,109,109,109,109,109,109,109,109,109,109,109,109,109,109,109,116,116,116],"card_choices":[{"not_picked":["champ:Circumvent","champ:FocusedGladiator"],"picked":"champ:RisingSlash","floor":2.0},{"not_picked":["champ:Circumvent","champ:BladeFlurry"],"picked":"champ:RisingSlash","floor":4.0},{"not_picked":["champ:BerserkersShout","champ:FocusedDefense"],"picked":"champ:AdrenalArmor","floor":5},{"not_picked":["champ:AdrenalArmor","champ:PreciseThrust"],"picked":"champ:CrookedStrike","floor":8},{"not_picked":["champ:Circumvent","champ:FlashCut"],"picked":"champ:RecklessLeap","floor":11},{"not_picked":["champ:Circumvent","champ:FaceSlap"],"picked":"champ:Shatter","floor":12},{"not_picked":["champ:StanceDance","champ:CrookedStrike","champ:RisingSlash"],"picked":"SKIP","floor":14},{"not_picked":["champ:AdrenalArmor","champ:SteelEdge","champ:BerserkersShout"],"picked":"SKIP","floor":15},{"not_picked":["champ:CrownThrow","champ:Devastate"],"picked":"champ:SwordThrow","floor":16},{"not_picked":["champ:CrookedStrike+1","champ:BladeFlurry+1","champ:StanceDance+1"],"picked":"SKIP","floor":19},{"not_picked":["champ:DefensiveShout","champ:CrookedStrike","champ:Shatter"],"picked":"SKIP","floor":20},{"not_picked":["champ:CrookedStrike","champ:FanOfKnives","champ:ShieldThrow"],"picked":"SKIP","floor":22},{"not_picked":["champ:FanOfKnives+1","champ:FocusedGladiator","champ:StanceDance"],"picked":"SKIP","floor":23},{"not_picked":["champ:FlashCut","champ:Haymaker","champ:DefensiveShout+1"],"picked":"SKIP","floor":27},{"not_picked":["champ:Circumvent","champ:FlashCut+1","champ:Shatter"],"picked":"SKIP","floor":29},{"not_picked":["champ:BerserkersShout+1","champ:CalledShot+1","champ:CrookedStrike"],"picked":"SKIP","floor":31},{"not_picked":["champ:TornadoPunch","champ:FanOfKnives"],"picked":"champ:Lariat","floor":32},{"not_picked":["champ:SkillfulDodge"],"picked":"SKIP","floor":36},{"not_picked":["champ:FalseCounter+1"],"picked":"SKIP","floor":37},{"not_picked":[],"picked":"champ:Duel","floor":38},{"not_picked":["champ:TornadoPunch+1"],"picked":"SKIP","floor":39},{"not_picked":["champ:TornadoPunch+1"],"picked":"SKIP","floor":39},{"not_picked":["champ:PerfectedStrike+1"],"picked":"SKIP","floor":40},{"not_picked":["champ:PerfectedStrike+1"],"picked":"SKIP","floor":43},{"not_picked":[],"picked":"expansioncontent:AwakenDeath+1","floor":45},{"not_picked":["champ:FocusedBerserking"],"picked":"SKIP","floor":46},{"not_picked":["champ:Haymaker+1"],"picked":"SKIP","floor":48},{"not_picked":["champ:FanOfKnives+1"],"picked":"SKIP","floor":49},{"not_picked":["champ:FanOfKnives+1"],"picked":"SKIP","floor":52}],"player_experience":612113,"relics_obtained":[{"floor":7,"key":"Frozen Egg 2"},{"floor":10,"key":"Odd Mushroom"},{"floor":41,"key":"Bronze Scales"},{"floor":43,"key":"Bird Faced Urn"},{"floor":52,"key":"Nunchaku"}],"event_choices":[{"damage_healed":0.0,"max_hp_gain":0.0,"max_hp_loss":0.0,"gold_gain":0.0,"event_name":"Scrap Ooze","player_choice":"Success","floor":3.0,"gold_loss":0.0,"damage_taken":7.0,"relics_obtained":["Orichalcum"]},{"cards_removed":["champ:Defend"],"damage_healed":0,"gold_gain":0,"player_choice":"Card Removal","damage_taken":0,"max_hp_gain":0,"max_hp_loss":0,"event_name":"The Cleric","floor":9,"gold_loss":0},{"damage_healed":0,"gold_gain":0,"player_choice":"Fought Mushrooms","damage_taken":0,"max_hp_gain":0,"max_hp_loss":0,"event_name":"Mushrooms","floor":10,"gold_loss":0},{"cards_removed":["champ:Strike"],"damage_healed":0,"gold_gain":0,"player_choice":"Offered Basic","damage_taken":0,"max_hp_gain":0,"max_hp_loss":0,"event_name":"Bonfire Elementals","floor":21,"gold_loss":0},{"damage_healed":0,"gold_gain":0,"player_choice":"Copied","damage_taken":0,"max_hp_gain":0,"max_hp_loss":0,"event_name":"Duplicator","floor":26,"gold_loss":0,"cards_obtained":["champ:Taunt"]}],"is_beta":false,"boss_relics":[{"not_picked":["Calling Bell","Snecko Eye"],"picked":"champ:ChampionCrownUpgraded"},{"not_picked":["Fusion Hammer","Black Star"],"picked":"Busted Crown"}],"items_purged_floors":[22,38,53],"is_endless":false,"potions_floor_spawned":[4,8,10,12,15,20,23,29,31,32,37,39,48,49,52],"ascension_level":0}}