{"host":"8i4doyxqctgl5qb0","time":1610680917,"event":{"mods":["AchievementEnabler","BaseMod","Block Reminder","Colored Powertips","Downfall","Minty Spire (QoL Compilation)","Permanent Neow","Potion Indicator Mod","Rare Cards Sparkle","StSLib","SuperFastMode","The Jungle"],"gold_per_floor":[119,69,86,86,10,10,36,36,59,59,85,85,99,134,134,233,233,251,267,72,72,342,342,342,342],"floor_reached":24,"language":"ZHS","playtime":462,"items_purged":["Strike_B"],"score":364,"play_id":"66555582-6ccd-428b-86e9-f0f76d110410","local_time":"20210115112157","is_ascension_mode":true,"campfire_choices":[{"data":"Zap","floor":6.0,"key":"SMITH"},{"data":"Capacitor","floor":10.0,"key":"SMITH"},{"floor":12.0,"key":"REST"},{"floor":15.0,"key":"REST"},{"floor":23.0,"key":"REST"}],"circlet_count":0,"master_deck":["AscendersBane","Strike_B","Defend_B","Zap+1","Dualcast","Capacitor+1","Steam","Storm","Melter","Cold Snap","Conserve Battery","Biased Cognition","Buffer","White Noise+1","Hologram+1","Echo Form+1","Tempest","Steam","Self Repair","Conserve Battery","J.A.X.","Trip"],"relics":["Cracked Core","NeowsBlessing","StrikeDummy","Juzu Bracelet","Anchor","Peace Pipe","Astrolabe"],"acts_visited":["Exordium","TheCity"],"potions_floor_usage":[],"damage_taken":[{"damage":0.0,"enemies":"2 Louse","floor":1.0,"turns":1.0},{"damage":0.0,"enemies":"Small Slimes","floor":3.0,"turns":1.0},{"damage":0.0,"enemies":"Gremlin Nob","floor":7.0,"turns":1.0},{"damage":19.0,"enemies":"Lagavulin","floor":11.0,"turns":6.0},{"damage":0.0,"enemies":"Jaw Worm","floor":13.0,"turns":2.0},{"damage":17.0,"enemies":"Gremlin Nob","floor":14.0,"turns":4.0},{"damage":37.0,"enemies":"Slime Boss","floor":16.0,"turns":9.0},{"damage":2.0,"enemies":"Shell Parasite","floor":18.0,"turns":4.0},{"damage":20.0,"enemies":"2 Thieves","floor":19.0,"turns":4.0},{"damage":34,"enemies":"Gremlin Leader","floor":24,"turns":6}],"seed_played":"2033320428685056967","potions_obtained":[{"floor":1.0,"key":"SpeedPotion"},{"floor":7.0,"key":"DistilledChaos"},{"floor":11.0,"key":"Weak Potion"},{"floor":13.0,"key":"DistilledChaos"},{"floor":18.0,"key":"Ancient Potion"}],"is_trial":false,"path_per_floor":["M","?","M","?","$","R","E","$","T","R","E","R","M","E","R","B",null,"M","M","$","?","?","R","E"],"character_chosen":"DEFECT","items_purchased":["Storm","Self Repair","Conserve Battery"],"campfire_rested":3,"item_purchase_floors":[5,20,20],"current_hp_per_floor":[68,68,68,61,61,61,61,61,61,61,42,64,64,47,69,32,64,62,42,42,42,9,31,0,0],"gold":342,"neow_bonus":"THREE_ENEMY_KILL","is_daily":false,"chose_seed":false,"campfire_upgraded":2,"win_rate":0.0,"timestamp":1610680917,"path_taken":["M","?","M","?","?","R","E","$","T","R","E","R","M","E","R","BOSS","M","M","$","?","?","R","E"],"items_purchased_type":["Card","Card","Card"],"build_version":"2020-12-22","purchased_purges":1,"victory":false,"max_hp_per_floor":[75,75,75,75,75,75,75,75,75,75,75,75,75,75,75,75,75,75,75,75,75,75,75,75,75],"card_choices":[{"not_picked":["Rebound","Heatsinks"],"picked":"Capacitor","floor":1.0},{"not_picked":["Ball Lightning","Skim"],"picked":"Steam","floor":3.0},{"not_picked":["Steam","Skim"],"picked":"Melter","floor":7.0},{"not_picked":["Meteor Strike","Recycle"],"picked":"Cold Snap","floor":11.0},{"not_picked":["Redo","Coolheaded"],"picked":"Conserve Battery","floor":13.0},{"not_picked":["Fission","FTL"],"picked":"Biased Cognition","floor":14.0},{"not_picked":["Core Surge","Meteor Strike"],"picked":"Buffer","floor":16.0},{"not_picked":["Steam+1","Genetic Algorithm"],"picked":"Tempest","floor":18.0},{"not_picked":["Streamline+1","Blizzard"],"picked":"Steam","floor":19.0}],"player_experience":188506,"relics_obtained":[{"floor":7.0,"key":"StrikeDummy"},{"floor":9.0,"key":"Juzu Bracelet"},{"floor":11.0,"key":"Anchor"},{"floor":14.0,"key":"Peace Pipe"}],"event_choices":[{"cards_removed":["Strike_B"],"damage_healed":0.0,"max_hp_gain":0.0,"max_hp_loss":0.0,"gold_gain":0.0,"event_name":"The Cleric","player_choice":"Card Removal","floor":2.0,"gold_loss":50.0,"damage_taken":0.0},{"cards_removed":["Defend_B"],"damage_healed":0.0,"max_hp_gain":0.0,"max_hp_loss":0.0,"gold_gain":0.0,"event_name":"Golden Wing","player_choice":"Card Removal","floor":4.0,"gold_loss":0.0,"damage_taken":7.0},{"damage_healed":0.0,"max_hp_gain":0.0,"max_hp_loss":0.0,"gold_gain":0.0,"event_name":"Drug Dealer","player_choice":"Obtain J.A.X.","floor":21.0,"gold_loss":0.0,"damage_taken":0.0,"cards_obtained":["J.A.X."]},{"damage_healed":0.0,"max_hp_gain":0.0,"max_hp_loss":0.0,"gold_gain":270.0,"event_name":"Knowing Skull","player_choice":"GOLD GOLD GOLD CARD ","floor":22.0,"potions_obtained":[],"gold_loss":0.0,"damage_taken":33.0,"cards_obtained":["Trip"]}],"is_beta":false,"boss_relics":[{"not_picked":["Sozu","Coffee Dripper"],"picked":"Astrolabe"}],"items_purged_floors":[20],"is_endless":false,"potions_floor_spawned":[1,7,11,13,18],"killed_by":"Gremlin Leader","ascension_level":11}}