{"host":"oc9z8cublggqyfxu","time":1610715399,"event":{"mods":["AchievementEnabler","Act Like it!","Aspiration","BaseMod","Colored Map","Colored Powertips","Conspire","Downfall","Friendly Minions","Gensokyo","Hallownest","Hermit","Highlight Path","Infinite Spire","KinomotoSakuraMod(木之本樱)","Koishi","Lobotomy","LobotomyExtend","Marisa（F雨　魔理沙）","Minty Spire (QoL Compilation)","Quick Restart","Reimu（博丽灵梦）","Relic Stats","Remilia（蕾米莉亚）","Replay The Spire","RumiaBox-露米娅的神秘盒子","StSLib","The Administrix","The Animator","The Blackbeard","The Bug Knight","The Cursed","The Hierophant","The Mystic","The Runesmith","The Servant 0.9.4","Youmu（魂魄妖梦）","Yuyuko","vexMod","【功能Mod】混沌之环修复补丁","【功能Mod】聪明的最终Boss"],"gold_per_floor":[113,60,76,93,93,93,111,111,184,211,211,55,65,85,85,182,182,196,216,216,111,111,111],"floor_reached":22,"language":"ZHS","playtime":2433,"items_purged":[],"score":211,"play_id":"00722197-7916-449c-bc97-1452265a31e3","local_time":"20210115205639","is_ascension_mode":false,"campfire_choices":[{"floor":6,"key":"REST"},{"floor":8,"key":"REST"},{"data":"Chaos","floor":11,"key":"SMITH"},{"floor":15,"key":"REST"}],"circlet_count":0,"master_deck":["Mercenary","Strike_B","Strike_B","Strike_B","Strike_B","Defend_B","Defend_B","Defend_B","Defend_B","Zap","Dualcast","MeatLantern","Gash","Sweeping Beam","conspire:Rain","Wellcheers","Bloodbath","Go for the Eyes","Sweeping Beam","Chaos+1","UniverseFragment","Defragment","ShyLook","SingingMachine","Coolheaded","WallGazer","LaLuna","Alriune","BootSequence","Gensokyo:ExoticEgg"],"relics":["Cracked Core","CogitoBucket","AddBug","SecretRecord","SecretRecord","SecretRecord"],"acts_visited":["Gensokyo:Gensokyo","Gensokyo:Gensokyoer"],"potions_floor_usage":[10,13,16,16],"damage_taken":[{"damage":3,"enemies":"Gensokyo:Gryphon","floor":1,"turns":4},{"damage":50,"enemies":"Gensokyo:3_Fairies","floor":3,"turns":3},{"damage":2,"enemies":"Gensokyo:2_Kodama","floor":4,"turns":3},{"damage":0,"enemies":"Gensokyo:LivingMonolith","floor":7,"turns":3},{"damage":5,"enemies":"Gensokyo:Mamizou","floor":10,"turns":7},{"damage":66,"enemies":"Gensokyo:CorruptedTreant","floor":13,"turns":4},{"damage":0,"enemies":"Gensokyo:3_Kodama","floor":14,"turns":3},{"damage":13,"enemies":"Gensokyo:Kokoro","floor":16,"turns":2},{"damage":51,"enemies":"Gensokyo:3_Dogs","floor":18,"turns":5},{"damage":4,"enemies":"Gensokyo:AngelMirror","floor":19,"turns":1}],"seed_played":"8128228649971502134","potions_obtained":[{"floor":3,"key":"Doom Potion"},{"floor":7,"key":"Weak Potion"},{"floor":10,"key":"Energy Potion"},{"floor":13,"key":"SpeedPotion"}],"is_trial":false,"path_per_floor":["M","$","M","M","?","R","M","R","T","E","R","$","M","M","R","B",null,"M","M","?","COS","M"],"character_chosen":"DEFECT","items_purchased":["Sweeping Beam","Grinning Jar"],"campfire_rested":3,"item_purchase_floors":[2,12],"current_hp_per_floor":[72,72,22,24,19,44,44,69,69,78,78,78,23,26,51,48,85,38,34,34,34,0,0],"gold":111,"neow_bonus":"","is_daily":false,"chose_seed":false,"campfire_upgraded":1,"win_rate":0.0,"timestamp":1610715399,"path_taken":["M","?","?","M","?","R","M","R","T","E","R","?","M","M","R","BOSS","M","M","?","COS","M"],"items_purchased_type":["Card","Relic"],"build_version":"2020-12-22","purchased_purges":0,"victory":false,"max_hp_per_floor":[75,75,75,75,85,85,85,85,85,85,85,85,85,85,85,85,85,85,85,85,85,85,85],"relic_stats":{"counters":[13,42],"obtain_stats":[{"CogitoBucket":0,"AddBug":1,"SecretRecord":1,"Cracked Core":0},{"CogitoBucket":0,"AddBug":1,"SecretRecord":1,"Cracked Core":0},{"CogitoBucket":0,"AddBug":4,"SecretRecord":4,"Cracked Core":0}]},"card_choices":[{"not_picked":["VoidDream","Rudolta"],"picked":"MeatLantern","floor":1},{"not_picked":["Steam","Rebound"],"picked":"Gash","floor":1},{"not_picked":["FTL","Redo"],"picked":"conspire:Rain","floor":3},{"not_picked":["HeroicMonk","Laetitia"],"picked":"Wellcheers","floor":3},{"not_picked":["PunishingBird","OldLady"],"picked":"Bloodbath","floor":4},{"not_picked":["Stack","Tempest"],"picked":"Go for the Eyes","floor":4},{"not_picked":["OldLady","CrumblingArmor"],"picked":"Mercenary","floor":7},{"not_picked":["Stack","Compile Driver"],"picked":"Sweeping Beam","floor":7},{"not_picked":["Redo","conspire:Rain"],"picked":"Chaos","floor":10},{"not_picked":["MHz","CherryBlossoms"],"picked":"UniverseFragment","floor":10},{"not_picked":["Barrage","Streamline"],"picked":"Defragment","floor":13},{"not_picked":["FairyFestival","Scarecrow"],"picked":"ShyLook","floor":13},{"not_picked":["NothingThere","CherryBlossoms"],"picked":"SingingMachine","floor":14},{"not_picked":["Auto Shields","Panic Button"],"picked":"Coolheaded","floor":14},{"not_picked":["Biased Cognition","Meteor Strike"],"picked":"ReplayTheSpireMod:Fabricate Wheel","floor":16},{"not_picked":["Funeral","OldLady"],"picked":"WallGazer","floor":16},{"not_picked":["OSAHOGD","FieryBird"],"picked":"LaLuna","floor":18},{"not_picked":["Scrape","Skim","Darkness"],"picked":"SKIP","floor":18},{"not_picked":["Scrape","Skim","Darkness"],"picked":"SKIP","floor":18},{"not_picked":["Scorched","Porccubus"],"picked":"Alriune","floor":19},{"not_picked":["Go for the Eyes","Panic Button"],"picked":"BootSequence","floor":19}],"player_experience":262481,"relics_obtained":[{"floor":1,"key":"AddBug"},{"floor":1,"key":"LetterFromLob"},{"floor":3,"key":"LetterFromLob"},{"floor":4,"key":"LetterFromLob"},{"floor":7,"key":"SecretRecord"},{"floor":7,"key":"LetterFromLob"},{"floor":9,"key":"aspiration:SeaSaltIceCream"},{"floor":10,"key":"LetterFromLob"},{"floor":10,"key":"GodSword3"},{"floor":13,"key":"LetterFromLob"},{"floor":14,"key":"SecretRecord"},{"floor":14,"key":"LetterFromLob"},{"floor":16,"key":"LetterFromLob"},{"floor":18,"key":"LetterFromLob"},{"floor":19,"key":"LetterFromLob"}],"event_choices":[{"damage_healed":0,"gold_gain":0,"player_choice":"Leave","damage_taken":0,"max_hp_gain":0,"max_hp_loss":0,"event_name":"conspire:Investor","floor":20,"gold_loss":0}],"is_beta":false,"boss_relics":[{"not_picked":["vexMod:EndlessSickness","Ectoplasm"],"picked":"aspiration:MobileForge"}],"items_purged_floors":[],"is_endless":false,"potions_floor_spawned":[3,7,10,13],"killed_by":"Gensokyo:Slime_Group","ascension_level":0}}