{"host":"mai03x2ekbjy4059","time":1610679482,"event":{"mods":["2.2 Compatiblity","BaseMod","DeckTracker","Highlight Path","Keyboard Shortcuts","Minty Spire (QoL Compilation)","Permanent Neow","Quick Restart","SuperFastMode","everything is the same but u backflip on backflip"],"gold_per_floor":[114,129,129,129,149,181,181,213,213,213,13,28,60,60,60,188,188,213,228,228,241,260,304,322,356,356,395,414,434,453,484,484,603,603,627,650,650,666,666,704,704,748,799,837,857,900,191,254,254,254,254,254,64,100,100],"floor_reached":56,"language":"KOR","playtime":2319,"items_purged":["Strike_G","Defend_G"],"score":1600,"play_id":"a1e7d29b-e73d-4061-be3c-c3375574a547","local_time":"20210115115802","is_ascension_mode":true,"campfire_choices":[{"data":"After Image","floor":7.0,"key":"SMITH"},{"data":"Neutralize","floor":10.0,"key":"SMITH"},{"data":"Cloak And Dagger","floor":15.0,"key":"SMITH"},{"data":"Accuracy","floor":32.0,"key":"SMITH"},{"floor":49.0,"key":"RECALL"},{"data":"Adrenaline","floor":52.0,"key":"SMITH"}],"circlet_count":0,"master_deck":["Strike_G+1","Defend_G","Defend_G+1","Defend_G","Survivor","Neutralize+1","After Image+1","Deflect","Masterful Stab+1","Accuracy+1","Escape Plan","Blade Dance","Footwork","Cloak And Dagger+1","Adrenaline+1","Accuracy+1","Cloak And Dagger","Escape Plan+1","Terror+1","Infinite Blades","After Image","Footwork","Madness","Madness+1","Deflect+1","Blur","Accuracy"],"relics":["Ring of the Serpent","Omamori","Paper Crane","Singing Bowl","Orichalcum","Golden Idol","Empty Cage","Whetstone","InkBottle","Juzu Bracelet","StrikeDummy","Pear","Darkstone Periapt","Bottled Flame","Molten Egg 2","Ginger","Medical Kit","War Paint","Bottled Lightning","The Specimen","Nunchaku","Centennial Puzzle"],"acts_visited":["Exordium","TheCity","TheBeyond","TheEnding"],"potions_floor_usage":[55,55,55],"damage_taken":[{"damage":0.0,"enemies":"Small Slimes","floor":1.0,"turns":5.0},{"damage":0.0,"enemies":"Jaw Worm","floor":2.0,"turns":5.0},{"damage":0.0,"enemies":"2 Louse","floor":5.0,"turns":2.0},{"damage":2.0,"enemies":"3 Sentries","floor":6.0,"turns":10.0},{"damage":2.0,"enemies":"Gremlin Nob","floor":8.0,"turns":5.0},{"damage":0.0,"enemies":"Red Slaver","floor":12.0,"turns":2.0},{"damage":0.0,"enemies":"Lagavulin","floor":13.0,"turns":6.0},{"damage":0.0,"enemies":"Slime Boss","floor":16.0,"turns":11.0},{"damage":0.0,"enemies":"Chosen","floor":18.0,"turns":5.0},{"damage":0.0,"enemies":"3 Byrds","floor":19.0,"turns":5.0},{"damage":0.0,"enemies":"Centurion and Healer","floor":21.0,"turns":7.0},{"damage":0.0,"enemies":"Chosen and Byrds","floor":22.0,"turns":7.0},{"damage":0.0,"enemies":"Book of Stabbing","floor":23.0,"turns":4.0},{"damage":0.0,"enemies":"Sentry and Sphere","floor":24.0,"turns":6.0},{"damage":3.0,"enemies":"Gremlin Leader","floor":25.0,"turns":7.0},{"damage":5.0,"enemies":"Slavers","floor":27.0,"turns":7.0},{"damage":0.0,"enemies":"Snake Plant","floor":28.0,"turns":3.0},{"damage":0.0,"enemies":"Cultist and Chosen","floor":29.0,"turns":6.0},{"damage":0.0,"enemies":"Centurion and Healer","floor":30.0,"turns":4.0},{"damage":2.0,"enemies":"Book of Stabbing","floor":31.0,"turns":4.0},{"damage":2.0,"enemies":"Collector","floor":33.0,"turns":8.0},{"damage":4.0,"enemies":"3 Darklings","floor":35.0,"turns":4.0},{"damage":0.0,"enemies":"3 Shapes","floor":36.0,"turns":5.0},{"damage":0.0,"enemies":"Jaw Worm Horde","floor":38.0,"turns":6.0},{"damage":0.0,"enemies":"Giant Head","floor":40.0,"turns":6.0},{"damage":25.0,"enemies":"Reptomancer","floor":42.0,"turns":7.0},{"damage":19.0,"enemies":"Nemesis","floor":44.0,"turns":5.0},{"damage":3.0,"enemies":"Maw","floor":45.0,"turns":6.0},{"damage":5.0,"enemies":"Reptomancer","floor":46.0,"turns":6.0},{"damage":0.0,"enemies":"Mind Bloom Boss Battle","floor":48.0,"turns":4.0},{"damage":18.0,"enemies":"Time Eater","floor":50.0,"turns":12.0},{"damage":37,"enemies":"Shield and Spear","floor":54,"turns":11},{"damage":4,"enemies":"The Heart","floor":55,"turns":10}],"seed_played":"-8010559405686466379","potions_obtained":[{"floor":1.0,"key":"BlessingOfTheForge"},{"floor":2.0,"key":"DistilledChaos"},{"floor":6.0,"key":"Regen Potion"},{"floor":8.0,"key":"Swift Potion"},{"floor":13.0,"key":"DuplicationPotion"},{"floor":21.0,"key":"SkillPotion"},{"floor":23.0,"key":"Dexterity Potion"},{"floor":24.0,"key":"FearPotion"},{"floor":27.0,"key":"LiquidMemories"},{"floor":29.0,"key":"FairyPotion"},{"floor":30.0,"key":"Energy Potion"},{"floor":33.0,"key":"Fruit Juice"},{"floor":35.0,"key":"Poison Potion"},{"floor":42.0,"key":"Swift Potion"},{"floor":44.0,"key":"Fire Potion"},{"floor":48.0,"key":"DuplicationPotion"},{"floor":54,"key":"EntropicBrew"}],"is_trial":false,"path_per_floor":["M","M","?","?","M","E","R","E","T","R","$","M","E","?","R","B",null,"M","M","?","M","M","E","M","E","T","E","M","M","M","E","R","B",null,"M","M","?","M","?","E","?","E","T","E","M","E","$","?","R","B",null,"R","$","E","B",null],"character_chosen":"THE_SILENT","items_purchased":["Blade Dance","Footwork","Medical Kit","Blur","War Paint","Bottled Lightning","Nunchaku","Accuracy"],"campfire_rested":0,"item_purchase_floors":[11,11,47,47,47,47,53,53],"current_hp_per_floor":[49,49,49,35,35,33,33,31,31,31,31,31,31,14,14,16,72,74,74,74,76,76,78,80,79,79,74,76,76,78,86,86,89,101,97,99,99,101,101,103,90,67,67,50,49,44,44,46,46,28,115,115,115,80,76],"gold":100,"neow_bonus":"THREE_RARE_CARDS","is_daily":false,"chose_seed":false,"campfire_upgraded":5,"win_rate":0.0,"timestamp":1610679482,"path_taken":["M","M","?","?","M","E","R","E","T","R","$","M","E","?","R","BOSS","M","M","?","M","M","E","M","E","T","E","M","M","M","E","R","BOSS","M","M","?","M","?","E","?","E","T","E","M","E","?","?","R","BOSS","R","$","E","BOSS"],"items_purchased_type":["Card","Card","Relic","Card","Relic","Relic","Relic","Card"],"build_version":"2020-12-22","purchased_purges":2,"victory":true,"max_hp_per_floor":[70,70,70,70,70,70,70,70,70,70,70,70,70,70,70,72,72,74,74,74,76,76,78,80,82,82,82,84,84,86,96,96,101,101,101,103,103,105,105,107,107,109,109,111,113,113,113,115,115,115,115,115,115,117,117],"card_choices":[{"not_picked":["Adrenaline","Burst"],"picked":"After Image","floor":0.0},{"not_picked":["Choke","Flying Knee","Underhanded Strike"],"picked":"SKIP","floor":1.0},{"not_picked":["Quick Slash","Prepared"],"picked":"Deflect","floor":2.0},{"not_picked":["Flying Knee","Underhanded Strike"],"picked":"Masterful Stab","floor":5.0},{"not_picked":["Outmaneuver","Flechettes"],"picked":"Accuracy","floor":6.0},{"not_picked":["Dagger Throw","Deflect"],"picked":"Escape Plan","floor":8.0},{"not_picked":["Backstab","Underhanded Strike"],"picked":"Cloak And Dagger","floor":12.0},{"not_picked":["Underhanded Strike","Bouncing Flask"],"picked":"Adrenaline","floor":13.0},{"not_picked":["Glass Knife","Burst","Night Terror"],"picked":"Singing Bowl","floor":16.0},{"not_picked":["Flechettes","Backflip","PiercingWail"],"picked":"Singing Bowl","floor":18.0},{"not_picked":["Blade Dance","Deadly Poison"],"picked":"Accuracy+1","floor":19.0},{"not_picked":["Quick Slash","Sucker Punch","Bane+1"],"picked":"Singing Bowl","floor":21.0},{"not_picked":["Dodge and Roll","Bane"],"picked":"Cloak And Dagger","floor":22.0},{"not_picked":["Distraction","Doppelganger","Unload"],"picked":"Singing Bowl","floor":23.0},{"not_picked":["Bane","Riddle With Holes","Acrobatics+1"],"picked":"Singing Bowl","floor":24.0},{"not_picked":["Endless Agony","Bane","Underhanded Strike"],"picked":"Singing Bowl","floor":25.0},{"not_picked":["Well Laid Plans","Predator"],"picked":"Escape Plan+1","floor":27.0},{"not_picked":["Dagger Throw","Crippling Poison+1","Backflip"],"picked":"Singing Bowl","floor":28.0},{"not_picked":["Bullet Time","Dash"],"picked":"Terror","floor":29.0},{"not_picked":["Noxious Fumes","Slice+1","Underhanded Strike"],"picked":"Singing Bowl","floor":30.0},{"not_picked":["Concentrate","Crippling Poison+1"],"picked":"Infinite Blades","floor":31.0},{"not_picked":["Burst","A Thousand Cuts"],"picked":"After Image","floor":33.0},{"not_picked":["Sucker Punch+1","Poisoned Stab"],"picked":"Footwork","floor":35.0},{"not_picked":["Prepared+1","Caltrops+1","Deadly Poison"],"picked":"Singing Bowl","floor":36.0},{"not_picked":["Prepared","Terror","Backflip"],"picked":"Singing Bowl","floor":38.0},{"not_picked":["Deadly Poison+1","Blade Dance","PiercingWail+1"],"picked":"Singing Bowl","floor":40.0},{"not_picked":["Backflip","Dash+1","Masterful Stab"],"picked":"Singing Bowl","floor":42.0},{"not_picked":["Cloak And Dagger","Quick Slash+1","Deadly Poison+1"],"picked":"Singing Bowl","floor":44.0},{"not_picked":["Die Die Die+1","Backflip+1","Masterful Stab+1"],"picked":"Singing Bowl","floor":45.0},{"not_picked":["Well Laid Plans","Slice+1"],"picked":"Deflect+1","floor":46.0},{"not_picked":["Deadly Poison+1","Dagger Spray+1","Dagger Throw+1"],"picked":"Singing Bowl","floor":48.0},{"not_picked":["Choke+1","Dagger Throw+1","Quick Slash+1"],"picked":"Singing Bowl","floor":54}],"player_experience":1017886,"relics_obtained":[{"floor":6.0,"key":"Omamori"},{"floor":8.0,"key":"Paper Crane"},{"floor":9.0,"key":"Singing Bowl"},{"floor":13.0,"key":"Orichalcum"},{"floor":23.0,"key":"Whetstone"},{"floor":25.0,"key":"InkBottle"},{"floor":26.0,"key":"Juzu Bracelet"},{"floor":27.0,"key":"StrikeDummy"},{"floor":31.0,"key":"Pear"},{"floor":40.0,"key":"Darkstone Periapt"},{"floor":42.0,"key":"Bottled Flame"},{"floor":44.0,"key":"Molten Egg 2"},{"floor":46.0,"key":"Ginger"},{"floor":48.0,"key":"The Specimen"},{"floor":54,"key":"Centennial Puzzle"}],"event_choices":[{"cards_removed":["Defend_G"],"damage_healed":0.0,"max_hp_gain":0.0,"max_hp_loss":0.0,"gold_gain":0.0,"event_name":"Living Wall","player_choice":"Forget","floor":3.0,"gold_loss":0.0,"damage_taken":0.0},{"damage_healed":0.0,"max_hp_gain":0.0,"max_hp_loss":0.0,"gold_gain":0.0,"event_name":"Shining Light","player_choice":"Entered Light","floor":4.0,"gold_loss":0.0,"damage_taken":14.0,"cards_upgraded":["Defend_G","Strike_G"]},{"damage_healed":0.0,"max_hp_gain":0.0,"max_hp_loss":0.0,"gold_gain":0.0,"event_name":"Golden Idol","player_choice":"Take Damage","floor":14.0,"gold_loss":0.0,"damage_taken":17.0,"relics_obtained":["Golden Idol"]},{"damage_healed":0.0,"max_hp_gain":0.0,"max_hp_loss":0.0,"gold_gain":0.0,"event_name":"Ghosts","player_choice":"Ignored","floor":20.0,"gold_loss":0.0,"damage_taken":0.0},{"cards_removed":["Strike_G"],"damage_healed":0.0,"max_hp_gain":0.0,"max_hp_loss":0.0,"gold_gain":0.0,"event_name":"Purifier","player_choice":"Purged","floor":37.0,"gold_loss":0.0,"damage_taken":0.0},{"damage_healed":0.0,"max_hp_gain":0.0,"max_hp_loss":0.0,"gold_gain":0.0,"event_name":"Tomb of Lord Red Mask","player_choice":"Ignored","floor":39.0,"gold_loss":0.0,"damage_taken":0.0},{"damage_healed":0.0,"max_hp_gain":0.0,"max_hp_loss":0.0,"gold_gain":0.0,"event_name":"Winding Halls","player_choice":"Embrace Madness","floor":41.0,"gold_loss":0.0,"damage_taken":13.0,"cards_obtained":["Madness","Madness"]},{"damage_healed":0.0,"max_hp_gain":0.0,"max_hp_loss":0.0,"gold_gain":0.0,"event_name":"MindBloom","player_choice":"Fight","floor":48.0,"gold_loss":0.0,"damage_taken":0.0}],"is_beta":false,"boss_relics":[{"not_picked":["Busted Crown","Sozu"],"picked":"Empty Cage"},{"not_picked":["Runic Dome","Fusion Hammer"],"picked":"Ring of the Serpent"}],"items_purged_floors":[11,47],"is_endless":false,"potions_floor_spawned":[1,2,6,8,13,21,23,24,27,29,30,33,35,42,44,48,54],"ascension_level":1}}