{"host":"q50ttuv713gicbhz","time":1610740763,"event":{"mods":["AchievementEnabler","BaseMod","Bestiary","Minty Spire (QoL Compilation)"],"gold_per_floor":[125,151,163,188,375,416,446,458,470,482,509,521,533,566,578,713,725,725,725,725,495,495,495,495,495,495,495,495,495,495,495,495,495,495,495,495,495,495,13,13,13,13],"floor_reached":41,"language":"ENG","playtime":2716,"items_purged":["Strike_B","Strike_B"],"score":413,"play_id":"13e9ae5b-8c18-4a9d-b388-5b1dc9a0490c","local_time":"20210115215923","is_ascension_mode":false,"campfire_choices":[{"floor":8,"key":"REST"},{"data":"Hologram","floor":10,"key":"SMITH"},{"data":"Coolheaded","floor":13,"key":"SMITH"},{"data":"Auto Shields","floor":15,"key":"SMITH"},{"data":"Echo Form","floor":23,"key":"SMITH"},{"data":"Seek","floor":30,"key":"SMITH"},{"floor":32,"key":"REST"},{"data":"Defragment","floor":40,"key":"SMITH"}],"circlet_count":0,"master_deck":["Strike_B","Defend_B","Defend_B","Defend_B","Defend_B","Zap","Dualcast","Hologram+1","Redo","Doom and Gloom","Auto Shields+1","Coolheaded+1","Ball Lightning","Seek+1","Glacier","Static Discharge","Rebound+1","Static Discharge+1","Defragment+1","Echo Form+1","Cold Snap","Defragment+1","Thunder Strike","Stack+1","Auto Shields+1","Parasite","Self Repair"],"relics":["Cracked Core","MawBank","Letter Opener","Eternal Feather","Golden Idol","Ectoplasm","Orrery","Bottled Tornado","Philosopher\u0027s Stone","StoneCalendar"],"acts_visited":["Exordium","TheCity","TheBeyond"],"potions_floor_usage":[16,18,28,28,41,41],"damage_taken":[{"damage":0,"enemies":"Small Slimes","floor":1,"turns":3},{"damage":0,"enemies":"2 Louse","floor":2,"turns":3},{"damage":6,"enemies":"Jaw Worm","floor":4,"turns":3},{"damage":23,"enemies":"Lagavulin","floor":6,"turns":6},{"damage":15,"enemies":"3 Louse","floor":7,"turns":4},{"damage":5,"enemies":"2 Fungi Beasts","floor":11,"turns":3},{"damage":5,"enemies":"Large Slime","floor":14,"turns":6},{"damage":40,"enemies":"Slime Boss","floor":16,"turns":10},{"damage":13,"enemies":"Shell Parasite","floor":18,"turns":5},{"damage":10,"enemies":"3 Byrds","floor":20,"turns":5},{"damage":14,"enemies":"Cultist and Chosen","floor":24,"turns":5},{"damage":27,"enemies":"Snake Plant","floor":27,"turns":3},{"damage":0,"enemies":"Book of Stabbing","floor":28,"turns":8},{"damage":0,"enemies":"Snecko","floor":31,"turns":4},{"damage":29,"enemies":"Collector","floor":33,"turns":14},{"damage":6,"enemies":"Orb Walker","floor":35,"turns":4},{"damage":12,"enemies":"3 Shapes","floor":36,"turns":5},{"damage":43,"enemies":"Writhing Mass","floor":37,"turns":5},{"damage":33,"enemies":"Giant Head","floor":41,"turns":10}],"seed_played":"-8197272186722413295","potions_obtained":[{"floor":2,"key":"LiquidBronze"},{"floor":6,"key":"SmokeBomb"},{"floor":16,"key":"Weak Potion"},{"floor":27,"key":"Block Potion"},{"floor":35,"key":"LiquidMemories"},{"floor":36,"key":"ColorlessPotion"}],"is_trial":false,"path_per_floor":["M","M","?","M","?","E","M","R","T","R","M","?","R","M","R","B",null,"M","?","M","$","?","R","M","?","T","M","E","?","R","M","R","B",null,"M","M","M","?","$","R","E"],"character_chosen":"DEFECT","items_purchased":["Orrery","Self Repair","StoneCalendar"],"campfire_rested":2,"item_purchase_floors":[21,39,39],"current_hp_per_floor":[75,75,68,62,62,39,24,46,46,52,47,47,56,51,60,20,69,56,56,46,46,34,46,32,32,32,5,5,5,17,17,51,22,74,68,56,13,13,13,28,0,0],"gold":13,"neow_bonus":"RANDOM_COMMON_RELIC","is_daily":false,"chose_seed":false,"campfire_upgraded":6,"win_rate":0.0,"timestamp":1610740763,"path_taken":["M","M","?","M","?","E","M","R","T","R","M","?","R","M","R","BOSS","M","?","M","$","?","R","M","?","T","M","E","?","R","M","R","BOSS","M","?","M","?","$","R","E"],"items_purchased_type":["Relic","Card","Relic"],"build_version":"2020-12-22","purchased_purges":2,"victory":false,"max_hp_per_floor":[75,75,75,75,75,75,75,75,75,75,75,69,69,69,69,69,69,69,69,69,69,74,74,74,74,74,74,74,74,74,74,74,74,74,74,74,74,74,74,74,74,74],"card_choices":[{"not_picked":["Barrage","Rebound"],"picked":"Hologram","floor":1},{"not_picked":["Undo","Beam Cell"],"picked":"Redo","floor":2},{"not_picked":["Conserve Battery","Barrage"],"picked":"Doom and Gloom","floor":4},{"not_picked":["Stack","Amplify"],"picked":"Auto Shields","floor":6},{"not_picked":["Barrage","Consume","Go for the Eyes"],"picked":"SKIP","floor":7},{"not_picked":["Tempest","Compile Driver"],"picked":"Coolheaded","floor":11},{"not_picked":["Go for the Eyes","Heatsinks"],"picked":"Ball Lightning","floor":14},{"not_picked":["Amplify","Biased Cognition"],"picked":"Seek","floor":16},{"not_picked":["Double Energy","Rip and Tear+1"],"picked":"Glacier","floor":18},{"not_picked":["Gash","Steam Power"],"picked":"Static Discharge","floor":20},{"not_picked":["Consume","Steam Power+1"],"picked":"Rebound+1","floor":21},{"not_picked":["Ball Lightning+1","Creative AI"],"picked":"Static Discharge+1","floor":21},{"not_picked":["Scrape","Melter"],"picked":"Defragment+1","floor":21},{"not_picked":["BootSequence","Doom and Gloom"],"picked":"Echo Form","floor":21},{"not_picked":["Auto Shields","Hologram"],"picked":"Cold Snap","floor":24},{"not_picked":["Compile Driver","Gash","Go for the Eyes"],"picked":"SKIP","floor":27},{"not_picked":["Steam","Hologram"],"picked":"Defragment","floor":31},{"not_picked":["All For One","Amplify"],"picked":"Thunder Strike","floor":33},{"not_picked":["Leap+1","Reinforced Body+1"],"picked":"Stack+1","floor":35},{"not_picked":["Stack+1","Conserve Battery+1"],"picked":"Auto Shields+1","floor":36},{"not_picked":["Steam","Scrape","Beam Cell"],"picked":"SKIP","floor":37}],"player_experience":90814,"relics_obtained":[{"floor":6,"key":"Letter Opener"},{"floor":9,"key":"Eternal Feather"},{"floor":26,"key":"Bottled Tornado"}],"event_choices":[{"cards_removed":["Strike_B"],"damage_healed":0,"gold_gain":0,"player_choice":"Card Removal","damage_taken":7,"max_hp_gain":0,"max_hp_loss":0,"event_name":"Golden Wing","floor":3,"gold_loss":0},{"damage_healed":0,"gold_gain":175,"player_choice":"AGREE","damage_taken":0,"max_hp_gain":0,"max_hp_loss":0,"event_name":"Liars Game","floor":5,"gold_loss":0,"cards_obtained":["Doubt"]},{"damage_healed":0,"gold_gain":0,"player_choice":"Lose Max HP","damage_taken":0,"relics_obtained":["Golden Idol"],"max_hp_gain":0,"max_hp_loss":6,"event_name":"Golden Idol","floor":12,"gold_loss":0},{"damage_healed":0,"gold_gain":0,"player_choice":"Ignored","damage_taken":0,"max_hp_gain":0,"max_hp_loss":0,"event_name":"Ghosts","floor":19,"gold_loss":0},{"damage_healed":0,"gold_gain":0,"player_choice":"Shed Blood","damage_taken":17,"max_hp_gain":5,"max_hp_loss":0,"event_name":"Forgotten Altar","floor":22,"gold_loss":0},{"cards_removed":["Doubt"],"damage_healed":0,"gold_gain":0,"player_choice":"Elegance","damage_taken":0,"max_hp_gain":0,"max_hp_loss":0,"event_name":"Back to Basics","floor":25,"gold_loss":0},{"damage_healed":0,"gold_gain":100,"player_choice":"Pray","damage_taken":0,"max_hp_gain":0,"max_hp_loss":0,"event_name":"Golden Shrine","floor":29,"gold_loss":0},{"damage_healed":0,"gold_gain":0,"player_choice":"Ignored","damage_taken":0,"max_hp_gain":0,"max_hp_loss":0,"event_name":"Tomb of Lord Red Mask","floor":38,"gold_loss":0}],"is_beta":false,"boss_relics":[{"not_picked":["Black Star","SlaversCollar"],"picked":"Ectoplasm"},{"not_picked":["Calling Bell","Runic Pyramid"],"picked":"Philosopher\u0027s Stone"}],"items_purged_floors":[21,39],"is_endless":false,"potions_floor_spawned":[2,6,16,27,28,35,36],"killed_by":"Giant Head","ascension_level":0}}