{"host":"jdbhgql29eqg6e2t","time":1610748224,"event":{"mods":["BaseMod","Hermit","Infinite Spire","Minty Spire (QoL Compilation)","Replay The Spire","Shop Mod","StSLib","The Cursed","The Disciple"],"gold_per_floor":[117,134,147,164,164,191,81,108,132,157,157,169,25,49,49,154,154,170,170,170,170,181,181,207,207,278,304,87,87,98,115,115,218,218,230,230,230],"floor_reached":36,"language":"ENG","playtime":7049,"items_purged":["Regret"],"score":435,"play_id":"eba0bed0-baf3-41a4-8784-660f3baa51e7","local_time":"20210115190344","is_ascension_mode":false,"campfire_choices":[{"floor":15,"key":"REST"},{"data":"ReplayTheSpireMod:Necrosis","floor":23,"key":"SMITH"},{"floor":25,"key":"REST"},{"data":"infinitespire:Neurotoxin","floor":32,"key":"SMITH"}],"circlet_count":0,"master_deck":["Strike_G","Strike_G","Strike_G","Defend_G","Defend_G","Defend_G","Defend_G","Survivor","Neutralize","Poisoned Stab","Dagger Throw","Replay:Poison Smokescreen","Skewer","Poison Darts","Phantasmal Killer","Deadly Poison","ReplayTheSpireMod:Necrosis+1","Underhanded Strike+1","Bouncing Flask+1","Corpse Explosion+1","Endless Agony","Tactician","infinitespire:Neurotoxin+1","Underhanded Strike","Underhanded Strike","Prepared"],"relics":["NeowsBlessing","infinitespire:FocusingShard","infinitespire:Satchel","MerchantsRug","Tiny Chest","Centennial Puzzle","Replay:Rubber Ducky","Sizzling Blood","Orichalcum","Omamori","Replay:Bronze Core","infinitespire:Cupcake","Astrolabe","Iron Hammer","Onion Ring","Toy Ornithopter","ReplayTheSpireMod:Ninjato","infinitespire:ShieldingShard","Bag of Preparation","Paper Crane","SlaversCollar"],"acts_visited":["Exordium","TheCity","TheBeyond"],"potions_floor_usage":[24,24,31,33,36,36],"damage_taken":[{"damage":0,"enemies":"Cultist","floor":1,"turns":1},{"damage":0,"enemies":"Small Slimes","floor":2,"turns":1},{"damage":0,"enemies":"Jaw Worm","floor":3,"turns":1},{"damage":3,"enemies":"Blue Slaver","floor":4,"turns":4},{"damage":14,"enemies":"Lagavulin","floor":6,"turns":6},{"damage":33,"enemies":"3 Sentries","floor":8,"turns":6},{"damage":6,"enemies":"Exordium Thugs","floor":12,"turns":4},{"damage":28,"enemies":"Hexaghost","floor":16,"turns":8},{"damage":22,"enemies":"2 Thieves","floor":18,"turns":3},{"damage":7,"enemies":"Shell Parasite","floor":22,"turns":3},{"damage":9,"enemies":"Nightmare","floor":24,"turns":4},{"damage":22,"enemies":"Replay:Snechameleon","floor":27,"turns":3},{"damage":3,"enemies":"Centurion and Healer","floor":30,"turns":3},{"damage":0,"enemies":"Snecko","floor":31,"turns":2},{"damage":17,"enemies":"Collector","floor":33,"turns":5},{"damage":0,"enemies":"Orb Walker","floor":35,"turns":2},{"damage":0,"enemies":"infinitespire:Three Voidlings","floor":36,"turns":2},{"damage":86,"enemies":"Nightmare_Alpha","floor":36,"turns":8}],"seed_played":"585791708964780971","potions_obtained":[{"floor":1,"key":"Weak Potion"},{"floor":2,"key":"Regen Potion"},{"floor":8,"key":"Block Potion"},{"floor":16,"key":"SpeedPotion"},{"floor":22,"key":"Adrenaline Potion"},{"floor":30,"key":"ColorlessPotion"},{"floor":31,"key":"Poison Potion"},{"floor":35,"key":"Swift Potion"}],"is_trial":false,"path_per_floor":["M","M","M","M","?","E","$","E","T","T","?","M","$","T","R","B",null,"M","?","T","AVR","M","R","NM","R","T","E","$","T","M","M","R","B",null,"M","?"],"character_chosen":"THE_SILENT","items_purchased":["MerchantsRug","Orichalcum","infinitespire:Neurotoxin","Underhanded Strike","Bag of Preparation"],"campfire_rested":2,"item_purchase_floors":[7,13,28,28,28],"current_hp_per_floor":[70,70,70,67,67,53,53,20,20,20,24,22,22,22,44,20,74,56,42,42,42,39,39,34,57,57,39,39,39,40,49,49,41,79,79,0,0],"gold":230,"neow_bonus":"THREE_ENEMY_KILL","is_daily":false,"chose_seed":false,"campfire_upgraded":2,"win_rate":0.0,"timestamp":1610748224,"path_taken":["M","M","?","M","?","E","$","E","T","?","?","?","$","?","R","BOSS","M","?","?","AVR","M","R","NM","R","T","E","?","?","?","M","R","BOSS","M","?"],"items_purchased_type":["Relic","Relic","Card","Card","Relic"],"build_version":"2020-12-22","purchased_purges":1,"victory":false,"max_hp_per_floor":[70,70,70,70,70,70,70,70,70,70,74,74,74,74,74,74,74,74,79,79,79,79,79,79,79,79,79,79,79,79,79,79,79,79,79,79,79],"card_choices":[{"not_picked":["Flying Knee","Sucker Punch"],"picked":"Poisoned Stab","floor":1},{"not_picked":["Deflect","Acrobatics"],"picked":"Dagger Throw","floor":2},{"not_picked":["Hidden Blade","Draining Mist"],"picked":"Replay:Poison Smokescreen","floor":3},{"not_picked":["Deflect","ReplayTheSpireMod:Tripwire"],"picked":"Skewer","floor":4},{"not_picked":["Sucker Punch","infinitespire:Neurotoxin"],"picked":"Poison Darts","floor":6},{"not_picked":["Tactician","Flying Knee"],"picked":"Phantasmal Killer","floor":8},{"not_picked":["Blade Dance","Hidden Blade"],"picked":"Deadly Poison","floor":12},{"not_picked":["Replay:Bag of Tricks","Glass Knife"],"picked":"ReplayTheSpireMod:Necrosis","floor":16},{"not_picked":["Dagger Throw+1","Underhanded Strike"],"picked":"Endless Agony","floor":18},{"not_picked":["PiercingWail+1","Quick Slash","Deflect"],"picked":"SKIP","floor":22},{"not_picked":["Sucker Punch","Cloak And Dagger","Dagger Spray"],"picked":"SKIP","floor":24},{"not_picked":["Sucker Punch","Cloak And Dagger","Dagger Spray"],"picked":"SKIP","floor":24},{"not_picked":["Draining Mist","Endless Agony+1"],"picked":"Tactician","floor":27},{"not_picked":["Cloak And Dagger","Deflect+1","PiercingWail"],"picked":"SKIP","floor":30},{"not_picked":["Acrobatics","PiercingWail","Quick Slash+1"],"picked":"SKIP","floor":31},{"not_picked":["Dagger Spray","ReplayTheSpireMod:Tripwire"],"picked":"Prepared","floor":35}],"player_experience":500635,"relics_obtained":[{"floor":6,"key":"infinitespire:Satchel"},{"floor":8,"key":"Tiny Chest"},{"floor":9,"key":"Centennial Puzzle"},{"floor":10,"key":"Replay:Rubber Ducky"},{"floor":14,"key":"Omamori"},{"floor":20,"key":"Iron Hammer"},{"floor":24,"key":"Toy Ornithopter"},{"floor":26,"key":"ReplayTheSpireMod:Ninjato"},{"floor":27,"key":"infinitespire:ShieldingShard"},{"floor":29,"key":"Paper Crane"}],"event_choices":[{"damage_healed":0,"gold_gain":0,"player_choice":"Box","damage_taken":0,"relics_obtained":["infinitespire:FocusingShard"],"max_hp_gain":0,"max_hp_loss":0,"event_name":"Big Fish","floor":5,"gold_loss":0,"cards_obtained":["Regret"]},{"damage_healed":0,"gold_gain":0,"player_choice":"Shed Blood","damage_taken":19,"max_hp_gain":5,"max_hp_loss":0,"event_name":"Forgotten Altar","floor":19,"gold_loss":0}],"is_beta":false,"boss_relics":[{"not_picked":["ChewingGum","Pandora\u0027s Box"],"picked":"Replay:Grab Bag"},{"not_picked":["Fusion Hammer","ReplayTheSpireMod:DimensionalGlitch"],"picked":"Replay:Bronze Core"},{"not_picked":["Painkiller Herb","ReplayTheSpireMod:Onyx Gauntlets"],"picked":"infinitespire:Cupcake"},{"not_picked":["Kintsugi","WristBlade"],"picked":"Astrolabe"},{"not_picked":["ReplayTheSpireMod:SealedPack","Philosopher\u0027s Stone"],"picked":"SlaversCollar"}],"items_purged_floors":[21],"is_endless":true,"potions_floor_spawned":[1,2,8,16,22,30,31,35],"killed_by":"Nightmare_Alpha","ascension_level":0}}