{"host":"jvd5k9mqzerszifx","time":1610694391,"event":{"mods":["AchievementEnabler","Act Like it!","BaseMod","Better Note","Better Third Choice","Colored Map","Colored Powertips","Conspire","Gensokyo","Hallownest","Hermit","Hubris","Koishi","Marisa（F雨　魔理沙）","Minty Spire (QoL Compilation)","MostiFishMod","Relic Stats","Replay The Spire","Reworked Bosses","Spicy Shops","StSLib","The Administrix","The Bug Knight","The Factory","The Hierophant","The Jungle","【功能Mod】聪明的最终Boss"],"gold_per_floor":[157,217,217,259,319,319,406,442,604,691,691,748,808,898,898,1210,1210,1336,1336,1378,1378,276,354,441,471,471,771,852,767,854,887,887,1196,1196,1232,848,848,848,884,968,968,1052,1052,1154,1154,224,326,326,326,467,467,467,47,188,278],"floor_reached":56,"language":"ZHS","playtime":2779,"items_purged":["hermit:Strike_Hermit+1","hermit:Defend_Hermit+1"],"score":2344,"play_id":"14abcb07-8a57-49f0-8a0e-c2b3a1a6a35e","local_time":"20210115150631","is_ascension_mode":true,"campfire_choices":[{"data":"hermit:Strike_Hermit","floor":6,"key":"PURGE"},{"data":"hermit:Strike_Hermit","floor":6,"key":"PURGE"},{"data":"hermit:Defend_Hermit","floor":6,"key":"PURGE"},{"data":"hermit:Defend_Hermit","floor":6,"key":"PURGE"},{"data":"hermit:Defend_Hermit","floor":6,"key":"PURGE"},{"data":"hermit:Strike_Hermit","floor":6,"key":"SMITH"},{"data":"hermit:Defend_Hermit","floor":6,"key":"SMITH"},{"data":"hermit:Snapshot","floor":6,"key":"SMITH"},{"data":"hermit:Covet","floor":6,"key":"SMITH"},{"data":"hermit:WideOpen","floor":6,"key":"SMITH"},{"data":"hermit:Glare","floor":6,"key":"SMITH"},{"data":"hermit:Snipe","floor":6,"key":"SMITH"},{"floor":6,"key":"RECALL"},{"data":"hermit:Quickdraw","floor":11,"key":"SMITH"},{"data":"hermit:CursedWeapon","floor":11,"key":"SMITH"},{"data":"hermit:GhostlyPresence","floor":11,"key":"SMITH"},{"floor":11,"key":"REST"},{"data":"hermit:Quickdraw","floor":15,"key":"SMITH"},{"data":"hermit:GoldenBullet","floor":15,"key":"SMITH"},{"data":"hermit:Horror","floor":15,"key":"SMITH"},{"floor":15,"key":"REST"},{"data":"hermit:Gambit","floor":32,"key":"SMITH"},{"data":"hermit:Glare","floor":32,"key":"SMITH"},{"data":"hermit:Gestalt","floor":32,"key":"SMITH"},{"data":"hermit:Glare","floor":32,"key":"SMITH"},{"data":"hermit:Headshot","floor":32,"key":"SMITH"},{"data":"hermit:GoldenBullet","floor":32,"key":"SMITH"},{"data":"hermit:Glare","floor":32,"key":"SMITH"},{"data":"Secret Technique","floor":32,"key":"SMITH"},{"data":"hermit:Showdown","floor":32,"key":"SMITH"},{"floor":32,"key":"DIG"},{"data":"hermit:WideOpen","floor":49,"key":"SMITH"},{"data":"hermit:Coalescence","floor":49,"key":"SMITH"},{"data":"hermit:Glare+1","floor":49,"key":"PURGE"},{"data":"hermit:Quickdraw+1","floor":49,"key":"PURGE"},{"data":"hermit:Glare+1","floor":49,"key":"PURGE"},{"data":"hermit:Coalescence+1","floor":49,"key":"PURGE"},{"floor":49,"key":"DIG"},{"floor":52,"key":"REST"}],"circlet_count":0,"master_deck":["hermit:Snapshot+1","hermit:Covet+1","hermit:WideOpen+1","hermit:Glare+1","hermit:Snipe+1","hermit:Quickdraw+1","hermit:CursedWeapon+1","hermit:GhostlyPresence+1","hermit:Quickdraw+1","hermit:Horror+1","hermit:GoldenBullet+1","hermit:Gambit+1","hermit:Glare+1","hermit:Gestalt+1","hermit:Showdown+1","Secret Technique+1","hermit:Deadeye+1","hermit:GoldenBullet+1","hermit:Headshot+1","hermit:Coalescence+1","MostiFishMod:SephirahHod+1","hermit:WideOpen+1","hermit:Gestalt+1","hermit:Coalescence+1","hermit:Scavenge+1","hermit:BigShot+1","hermit:Glare"],"relics":["hermit:Momento","Peace Pipe","Ginger","Turnip","Unceasing Top","Omamori","Ice Cream","The Courier","Medical Kit","WingedGreaves","HandDrill","Frozen Eye","Blue Candle","DaveBox","RhineFirstAidKit","SynthV:TestCard","Question Card","Orichalcum","Replay:Wax Seal","hubris:Spice","Replay:Ancient Bell","conspire:TopHat","Letter Opener","BionicSphere","conspire:Dentures","Sling","hermit:Horseshoe","hubris:MedicalManual","Replay:Arrowhead","Matryoshka","hubris:FunFungus","Shovel","Chameleon Ring","hermit:RedScarf","ReplayTheSpireMod:Lightbulb","MostiFishMod:Hod","hubris:ToyBattleship","Replay:Rubber Ducky","hubris:Icosahedron","hubris:Towel","Centennial Puzzle","Incense Burner","Juzu Bracelet","DianPoetry","BirthdayGift-Tetrahedron","Strawberry","hermit:Spyglass","Strange Spoon","Dream Catcher","Replay:Bandana","hubris:CuriousFeather","HollowMod:LifeEnderRelic","Replay:WaspNest","hubris:TenFootPole","conspire:DeflatedDodgeball","hermit:RyeStalk"],"acts_visited":["Gensokyo:Gensokyo","TheCity","TheBeyond","TheEnding"],"potions_floor_usage":[],"damage_taken":[{"damage":1,"enemies":"Gensokyo:3_Fairies","floor":1,"turns":4},{"damage":1,"enemies":"Gensokyo:2_Kodama","floor":2,"turns":3},{"damage":2,"enemies":"Gensokyo:Gryphon","floor":4,"turns":3},{"damage":14,"enemies":"Gensokyo:5_Fairies","floor":5,"turns":6},{"damage":3,"enemies":"Gensokyo:Cirno","floor":7,"turns":5},{"damage":0,"enemies":"Gensokyo:2_Rabbits","floor":8,"turns":1},{"damage":3,"enemies":"Gensokyo:Mamizou","floor":10,"turns":5},{"damage":2,"enemies":"Gensokyo:VengefulSpirit","floor":12,"turns":2},{"damage":3,"enemies":"Gensokyo:Gryphon_and_Rabbit","floor":13,"turns":2},{"damage":3,"enemies":"Gensokyo:Aya","floor":14,"turns":1},{"damage":3,"enemies":"Gensokyo:Reimu","floor":16,"turns":4},{"damage":3,"enemies":"2 Thieves","floor":18,"turns":3},{"damage":3,"enemies":"Centurion and Healer","floor":20,"turns":3},{"damage":0,"enemies":"Book of Stabbing","floor":23,"turns":2},{"damage":2,"enemies":"Replay:Snechameleon","floor":24,"turns":2},{"damage":0,"enemies":"Snake Plant","floor":25,"turns":2},{"damage":2,"enemies":"Colosseum Slavers","floor":27,"turns":2},{"damage":2,"enemies":"Colosseum Nobs","floor":27,"turns":2},{"damage":2,"enemies":"Gremlin Leader","floor":28,"turns":1},{"damage":2,"enemies":"Replay:Snechameleon","floor":30,"turns":2},{"damage":0,"enemies":"Cultist and Chosen","floor":31,"turns":3},{"damage":2,"enemies":"Automaton","floor":33,"turns":3},{"damage":2,"enemies":"3 Darklings","floor":35,"turns":2},{"damage":0,"enemies":"Orb Walker","floor":39,"turns":1},{"damage":2,"enemies":"R_Hoarder","floor":40,"turns":2},{"damage":0,"enemies":"Nemesis","floor":42,"turns":1},{"damage":2,"enemies":"R_Hoarder","floor":44,"turns":3},{"damage":3,"enemies":"Spire Growth","floor":47,"turns":2},{"damage":6,"enemies":"bossMod:newAwakened","floor":50,"turns":3},{"damage":3,"enemies":"Shield and Spear","floor":54,"turns":1},{"damage":13,"enemies":"The Heart","floor":55,"turns":3}],"seed_played":"3641629072696297294","potions_obtained":[{"floor":2,"key":"Flashbang"},{"floor":5,"key":"BlessingOfTheForge"},{"floor":12,"key":"SpeedPotion"},{"floor":27,"key":"Cursed Concoction"},{"floor":47,"key":"hermit:BlackBile"}],"is_trial":false,"path_per_floor":["M","M","?","M","M","R","E","M","T","E","R","M","M","E","R","B",null,"M","?","M","?","$","E","E","M","T","?","E","?","E","M","R","B",null,"M","$","?","?","M","E","?","E","T","E","$","$","M","?","R","B",null,"R","$","E","B",null],"character_chosen":"HERMIT","items_purchased":["hermit:Showdown","Sling","hermit:Horseshoe","hubris:MedicalManual","Secret Technique","hubris:ToyBattleship","Replay:Rubber Ducky","BirthdayGift-Tetrahedron","Strawberry","hermit:Spyglass","Strange Spoon","Dream Catcher","Replay:Bandana","hubris:CuriousFeather","Replay:WaspNest","hubris:TenFootPole","conspire:DeflatedDodgeball"],"campfire_rested":3,"item_purchase_floors":[22,22,22,22,22,36,36,45,46,46,46,46,46,46,53,53,53],"current_hp_per_floor":[67,66,66,64,50,50,47,47,47,44,66,64,61,66,83,80,82,79,79,76,76,76,76,74,74,74,70,68,68,66,67,67,65,79,77,77,77,77,83,81,81,81,81,81,10,17,90,90,90,87,89,90,90,87,74],"gold":278,"neow_bonus":"REMOVE_CARD","is_daily":false,"chose_seed":false,"campfire_upgraded":24,"win_rate":0.0,"timestamp":1610694391,"path_taken":["M","M","?","M","?","R","E","M","T","E","R","M","M","E","R","BOSS","M","?","M","?","$","E","E","M","T","?","E","?","E","M","R","BOSS","M","$","?","?","M","E","?","E","T","E","?","$","M","?","R","BOSS","R","$","E","BOSS"],"items_purchased_type":["Card","Relic","Relic","Relic","Card","Relic","Relic","Relic","Relic","Relic","Relic","Relic","Relic","Relic","Relic","Relic","Relic"],"build_version":"2020-12-22","purchased_purges":2,"victory":true,"max_hp_per_floor":[75,75,75,75,75,75,75,75,75,75,75,75,75,83,83,83,83,83,83,83,83,83,83,83,83,83,83,83,83,83,83,83,83,83,83,83,83,83,83,83,83,83,83,83,83,90,90,90,90,90,90,90,90,90,90],"relic_stats":{"counters":[31,79],"Blue Candle":[15],"Juzu Bracelet":1,"Ginger":[9],"Letter Opener":[272],"Orichalcum":[18],"Medical Kit":[21],"Question Card":41,"Peace Pipe":11,"Strange Spoon":[23],"Centennial Puzzle":[15],"Dream Catcher":1,"Shovel":2,"Turnip":[10],"HandDrill":[14],"obtain_stats":[{"Ice Cream":0,"Ginger":0,"Sling":22,"hermit:RyeStalk":54,"Centennial Puzzle":40,"RhineFirstAidKit":1,"Strawberry":46,"HandDrill":0,"hermit:RedScarf":29,"Replay:Wax Seal":10,"hermit:Spyglass":46,"conspire:Dentures":19,"MostiFishMod:Hod":34,"Blue Candle":0,"Replay:Ancient Bell":17,"Letter Opener":17,"Question Card":7,"BionicSphere":17,"hubris:ToyBattleship":36,"hubris:TenFootPole":53,"hermit:Momento":0,"Unceasing Top":0,"DaveBox":0,"DianPoetry":44,"Incense Burner":42,"Juzu Bracelet":43,"conspire:TopHat":17,"Replay:Rubber Ducky":36,"Frozen Eye":0,"Dream Catcher":46,"Replay:Bandana":46,"Matryoshka":24,"Shovel":27,"Chameleon Ring":28,"hubris:Icosahedron":37,"WingedGreaves":0,"hubris:FunFungus":26,"hubris:CuriousFeather":46,"BirthdayGift-Tetrahedron":45,"HollowMod:LifeEnderRelic":49,"The Courier":0,"hubris:MedicalManual":22,"Replay:WaspNest":53,"Omamori":0,"Orichalcum":9,"hubris:Towel":38,"Medical Kit":0,"Replay:Arrowhead":23,"Peace Pipe":0,"Strange Spoon":46,"SynthV:TestCard":1,"hubris:Spice":14,"Turnip":0,"conspire:DeflatedDodgeball":53,"hermit:Horseshoe":22,"ReplayTheSpireMod:Lightbulb":32},{"Ice Cream":0,"Ginger":0,"Sling":13,"hermit:RyeStalk":30,"Centennial Puzzle":25,"RhineFirstAidKit":1,"Strawberry":27,"HandDrill":0,"hermit:RedScarf":19,"Replay:Wax Seal":7,"hermit:Spyglass":27,"conspire:Dentures":12,"MostiFishMod:Hod":22,"Blue Candle":0,"Replay:Ancient Bell":11,"Letter Opener":11,"Question Card":5,"BionicSphere":11,"hubris:ToyBattleship":23,"hubris:TenFootPole":29,"hermit:Momento":0,"Unceasing Top":0,"DaveBox":0,"DianPoetry":27,"Incense Burner":26,"Juzu Bracelet":26,"conspire:TopHat":11,"Replay:Rubber Ducky":23,"Frozen Eye":0,"Dream Catcher":27,"Replay:Bandana":27,"Matryoshka":15,"Shovel":18,"Chameleon Ring":19,"hubris:Icosahedron":23,"WingedGreaves":0,"hubris:FunFungus":16,"hubris:CuriousFeather":27,"BirthdayGift-Tetrahedron":27,"HollowMod:LifeEnderRelic":28,"The Courier":0,"hubris:MedicalManual":13,"Replay:WaspNest":29,"Omamori":0,"Orichalcum":6,"hubris:Towel":23,"Medical Kit":0,"Replay:Arrowhead":14,"Peace Pipe":0,"Strange Spoon":27,"SynthV:TestCard":1,"hubris:Spice":10,"Turnip":0,"conspire:DeflatedDodgeball":29,"hermit:Horseshoe":13,"ReplayTheSpireMod:Lightbulb":21},{"Ice Cream":0,"Ginger":0,"Sling":42,"hermit:RyeStalk":76,"Centennial Puzzle":66,"RhineFirstAidKit":2,"Strawberry":70,"HandDrill":0,"hermit:RedScarf":53,"Replay:Wax Seal":27,"hermit:Spyglass":70,"conspire:Dentures":39,"MostiFishMod:Hod":61,"Blue Candle":0,"Replay:Ancient Bell":36,"Letter Opener":36,"Question Card":21,"BionicSphere":36,"hubris:ToyBattleship":63,"hubris:TenFootPole":75,"hermit:Momento":0,"Unceasing Top":0,"DaveBox":0,"DianPoetry":70,"Incense Burner":67,"Juzu Bracelet":67,"conspire:TopHat":36,"Replay:Rubber Ducky":63,"Frozen Eye":0,"Dream Catcher":70,"Replay:Bandana":70,"Matryoshka":46,"Shovel":52,"Chameleon Ring":53,"hubris:Icosahedron":63,"WingedGreaves":0,"hubris:FunFungus":48,"hubris:CuriousFeather":70,"BirthdayGift-Tetrahedron":70,"HollowMod:LifeEnderRelic":72,"The Courier":0,"hubris:MedicalManual":42,"Replay:WaspNest":75,"Omamori":0,"Orichalcum":22,"hubris:Towel":63,"Medical Kit":0,"Replay:Arrowhead":44,"Peace Pipe":0,"Strange Spoon":70,"SynthV:TestCard":4,"hubris:Spice":32,"Turnip":0,"conspire:DeflatedDodgeball":75,"hermit:Horseshoe":42,"ReplayTheSpireMod:Lightbulb":58}],"Unceasing Top":[102]},"card_choices":[{"not_picked":["hermit:Desperado","hermit:HighCaliber"],"picked":"hermit:WideOpen","floor":1},{"not_picked":["hermit:SprayPray","hermit:ItchyTrigger","hermit:TakeAim","hermit:Shortfuse"],"picked":"hermit:Quickdraw","floor":2},{"not_picked":["hermit:HoleUp","hermit:Snipe","hermit:Desperado","hermit:Misfire"],"picked":"hermit:Glare","floor":4},{"not_picked":["hermit:Manifest","hermit:ItchyTrigger","hermit:Ricochet","hermit:FatalDesire"],"picked":"hermit:Snipe","floor":5},{"not_picked":["hermit:Snipe","hermit:DeadMansHand","hermit:Ricochet","hermit:Malice"],"picked":"hermit:Quickdraw","floor":7},{"not_picked":["hermit:Quickdraw","hermit:CalledShot","hermit:Gestalt","hermit:SprayPray","hermit:Scavenge"],"picked":"hermit:CursedWeapon","floor":8},{"not_picked":["hermit:Determination","hermit:Midnight","hermit:TakeCover","hermit:Feint","hermit:BlackWind"],"picked":"hermit:GhostlyPresence","floor":10},{"not_picked":["hermit:HoleUp","hermit:WideOpen","hermit:BodyArmor","hermit:ItchyTrigger","hermit:Feint"],"picked":"hermit:Quickdraw","floor":12},{"not_picked":["hermit:Snipe","hermit:Vantage","hermit:FullyLoaded","hermit:WideOpen","hermit:Enervate"],"picked":"hermit:Horror","floor":13},{"not_picked":["hermit:BodyArmor","hermit:SprayPray","hermit:Determination","hermit:Desperado","hermit:Maintenance"],"picked":"hermit:GoldenBullet","floor":14},{"not_picked":["hermit:Roughhouse","hermit:Dissolve","hermit:Magnum","hermit:HeroicBravado","hermit:Reprieve"],"picked":"hermit:Gambit","floor":16},{"not_picked":["Hallownest:curseDreamersLament","Voices","hubris:Lust","Normality","Amnesia"],"picked":"Shame","floor":17},{"not_picked":["Decay","Gensokyo:AllTheWorldsEvil","ReplayTheSpireMod:Faulty Equipment","Normality","Replay:Hysterical Blindness"],"picked":"ReplayTheSpireMod:IOU","floor":17},{"not_picked":["Sickly","Injury","Shame","hubris:Gluttony","conspire:NecroticWound"],"picked":"Delirium","floor":17},{"not_picked":["hermit:ItchyTrigger","hermit:HoleUp","hermit:EternalForm","hermit:Vantage","hermit:Deadeye"],"picked":"hermit:Glare","floor":18},{"not_picked":["hermit:ItchyTrigger","hermit:Feint","hermit:HighCaliber","hermit:CalledShot","hermit:WideOpen"],"picked":"hermit:Gestalt","floor":20},{"not_picked":["hermit:Vantage+1","hermit:BodyArmor+1","hermit:Roulette","hermit:Ricochet","hermit:Desperado"],"picked":"hermit:Glare","floor":23},{"not_picked":["hermit:Maintenance+1","hermit:ItchyTrigger","hermit:Combo","hermit:LoneWolf","hermit:Vantage"],"picked":"hermit:Deadeye+1","floor":24},{"not_picked":["hermit:ItchyTrigger","hermit:Spite","hermit:Reprieve","hermit:HighCaliber+1","hermit:Ricochet+1","hermit:LowProfile"],"picked":"SKIP","floor":25},{"not_picked":["hermit:HighCaliber","hermit:Vantage+1","hermit:Gestalt","hermit:Feint","hermit:Snipe"],"picked":"hermit:GoldenBullet","floor":27},{"not_picked":["hermit:Ricochet","hermit:CalledShot","hermit:GoldenBullet","hermit:HoleUp","hermit:ShadowCloak"],"picked":"hermit:Headshot","floor":28},{"not_picked":["hermit:HoleUp","hermit:Adapt","hermit:HighCaliber","hermit:Spite","hermit:Manifest+1"],"picked":"hermit:Glare","floor":30},{"not_picked":["hermit:SprayPray+1","hermit:LowProfile","hermit:Glare+1","hermit:ItchyTrigger+1","hermit:Midnight"],"picked":"hermit:Coalescence+1","floor":31},{"not_picked":["hermit:Roulette","hermit:Determination+1","hermit:GhostlyPresence+1","hermit:Manifest","hermit:Ricochet"],"picked":"hermit:WideOpen","floor":35},{"not_picked":["hermit:Misfire","hermit:Dive","hermit:BodyArmor","hermit:ItchyTrigger+1","hermit:Showdown+1"],"picked":"hermit:Gestalt+1","floor":39},{"not_picked":["hermit:HighCaliber+1","hermit:ItchyTrigger+1","hermit:GhostlyPresence","hermit:Dive","hermit:LoneWolf+1"],"picked":"hermit:Coalescence","floor":40},{"not_picked":["hermit:Virtue+1","hermit:HighNoon","hermit:Horror","hermit:FlashPowder+1","hermit:HoleUp"],"picked":"hermit:Coalescence+1","floor":42},{"not_picked":["hermit:Roulette","hermit:BodyArmor","hermit:TakeAim+1","hermit:BlackWind","hermit:DeadMansHand"],"picked":"hermit:Scavenge+1","floor":44},{"not_picked":["hermit:DeadMansHand+1","hermit:Combo","hermit:LoneWolf+1","hermit:SprayPray","hermit:FatalDesire","hermit:WideOpen"],"picked":"SKIP","floor":47},{"not_picked":["hermit:HoleUp","hermit:Showdown","hermit:Vantage+1","hermit:TakeCover","hermit:TrackingShot+1"],"picked":"hermit:BigShot+1","floor":52},{"not_picked":["hermit:HoleUp+1","hermit:EternalForm","hermit:Desperado","hermit:TakeCover","hermit:OverwhelmingPower"],"picked":"hermit:Glare","floor":54}],"player_experience":255092,"relics_obtained":[{"floor":1,"key":"SynthV:TestCard"},{"floor":7,"key":"Question Card"},{"floor":9,"key":"Orichalcum"},{"floor":10,"key":"Replay:Wax Seal"},{"floor":14,"key":"hubris:Spice"},{"floor":23,"key":"Replay:Arrowhead"},{"floor":24,"key":"Matryoshka"},{"floor":26,"key":"hubris:FunFungus"},{"floor":27,"key":"Shovel"},{"floor":28,"key":"Chameleon Ring"},{"floor":32,"key":"ReplayTheSpireMod:Lightbulb"},{"floor":40,"key":"Centennial Puzzle"},{"floor":42,"key":"Incense Burner"},{"floor":43,"key":"Juzu Bracelet"},{"floor":44,"key":"DianPoetry"},{"floor":49,"key":"HollowMod:LifeEnderRelic"},{"floor":54,"key":"hermit:RyeStalk"}],"event_choices":[{"damage_healed":0,"gold_gain":0,"player_choice":"Opened","damage_taken":0,"relics_obtained":["conspire:Dentures"],"max_hp_gain":0,"max_hp_loss":0,"event_name":"The Mausoleum","floor":19,"gold_loss":0},{"damage_healed":0,"gold_gain":0,"player_choice":"Ignored","damage_taken":0,"max_hp_gain":0,"max_hp_loss":0,"event_name":"Ghosts","floor":21,"gold_loss":0},{"damage_healed":0,"gold_gain":0,"player_choice":"Fight","damage_taken":0,"max_hp_gain":0,"max_hp_loss":0,"event_name":"Colosseum","floor":27,"gold_loss":0},{"damage_healed":0,"gold_gain":0,"player_choice":"Fought Nobs","damage_taken":0,"max_hp_gain":0,"max_hp_loss":0,"event_name":"Colosseum","floor":27,"gold_loss":0},{"damage_healed":0,"gold_gain":0,"player_choice":"Obtained Relic","damage_taken":0,"relics_obtained":["hermit:RedScarf"],"max_hp_gain":0,"max_hp_loss":0,"event_name":"Addict","floor":29,"gold_loss":85},{"damage_healed":0,"gold_gain":0,"player_choice":"Ignored","damage_taken":0,"max_hp_gain":0,"max_hp_loss":0,"event_name":"OrinTheCat","floor":41,"gold_loss":0},{"damage_healed":0,"gold_gain":0,"player_choice":"Upgraded","damage_taken":0,"max_hp_gain":0,"max_hp_loss":0,"event_name":"Upgrade Shrine","floor":48,"gold_loss":0,"cards_upgraded":["MostiFishMod:SephirahHod"]}],"is_beta":false,"boss_relics":[{"not_picked":["TakeMeEscape","hubris:HollowSoul"],"picked":"Replay:Ancient Bell"},{"not_picked":["Pet Ghost","hubris:Spice"],"picked":"conspire:TopHat"},{"not_picked":["hubris:CrystalStatue","hubris:DisguiseKit"],"picked":"Letter Opener"},{"not_picked":["DianDianMeat","hubris:64BitClover"],"picked":"BionicSphere"},{"not_picked":["SynthV:MejaisSoulstealer","Honey Jar"],"picked":"MostiFishMod:Hod"}],"items_purged_floors":[36,36],"is_endless":false,"potions_floor_spawned":[2,5,12,14,16,18,24,27,28,31,33,35,40,47],"ascension_level":6}}