{"host":"873t0y8ybyo38pfq","time":1610738941,"event":{"mods":["BaseMod","Bestiary","Colored Map","Colored Powertips","Highlight Path","Minty Spire (QoL Compilation)","Quick Restart","RNG Fix","Rare Cards Sparkle","Relic Stats","StSLib"],"gold_per_floor":[116,116,134,50,50,50,50],"floor_reached":6,"language":"ENG","playtime":352,"items_purged":[],"score":68,"play_id":"0fe6c5e2-b188-4e5e-982b-ae191b77ea41","local_time":"20210115142901","is_ascension_mode":true,"campfire_choices":[],"circlet_count":0,"master_deck":["AscendersBane","Strike_B","Strike_B","Strike_B","Defend_B","Defend_B","Defend_B","Defend_B","Zap+1","Dualcast","Compile Driver","Thunder Strike","Doom and Gloom"],"relics":["Cracked Core","Meat on the Bone"],"acts_visited":["Exordium"],"potions_floor_usage":[],"damage_taken":[{"damage":0,"enemies":"2 Louse","floor":1,"turns":2},{"damage":1,"enemies":"Cultist","floor":3,"turns":3},{"damage":60,"enemies":"Gremlin Nob","floor":6,"turns":4}],"seed_played":"7098690002848829117","potions_obtained":[],"is_trial":false,"path_per_floor":["M","?","M","$","?","E"],"character_chosen":"DEFECT","items_purchased":["Doom and Gloom"],"campfire_rested":0,"item_purchase_floors":[4],"current_hp_per_floor":[64,64,63,63,52,0,0],"gold":50,"neow_bonus":"UPGRADE_CARD","is_daily":false,"chose_seed":false,"campfire_upgraded":0,"win_rate":0.0,"timestamp":1610738941,"path_taken":["M","?","M","$","?","E"],"items_purchased_type":["Card"],"build_version":"2020-12-22","purchased_purges":0,"victory":false,"max_hp_per_floor":[71,71,71,71,71,71,71],"relic_stats":{"counters":[3,9],"obtain_stats":[{"Cracked Core":0,"Meat on the Bone":5},{"Cracked Core":0,"Meat on the Bone":2},{"Cracked Core":0,"Meat on the Bone":5}],"Meat on the Bone":0},"card_choices":[{"not_picked":["Rebound","Reprogram"],"picked":"Compile Driver","floor":1},{"not_picked":["Turbo","Loop"],"picked":"Thunder Strike","floor":3}],"player_experience":1643517,"relics_obtained":[],"event_choices":[{"cards_removed":["Strike_B"],"damage_healed":0,"gold_gain":0,"player_choice":"Purged","damage_taken":0,"max_hp_gain":0,"max_hp_loss":0,"event_name":"Purifier","floor":2,"gold_loss":0},{"damage_healed":0,"gold_gain":0,"player_choice":"Success","damage_taken":11,"relics_obtained":["Meat on the Bone"],"max_hp_gain":0,"max_hp_loss":0,"event_name":"Scrap Ooze","floor":5,"gold_loss":0}],"is_beta":false,"boss_relics":[],"items_purged_floors":[],"is_endless":false,"potions_floor_spawned":[],"killed_by":"Gremlin Nob","ascension_level":20}}