{"host":"c6u7e77myxvw4d0m","time":1610689880,"event":{"mods":["AchievementEnabler","BaseMod","Bestiary","Colored Map","Colored Powertips","Minty Spire (QoL Compilation)","Rare Cards Sparkle","Relic Stats","everything is the same but u backflip on backflip"],"gold_per_floor":[113,31,91,91,110,110,135,135,135,9,9,38,38,48,48,127,127,138,154,187,187,200,226,226,253,253,253,60,160,160,172,172,247,247,258,8,25,25,25,60,60,92,92,122,122,136,147,159,159,159],"floor_reached":51,"language":"ENG","playtime":2933,"items_purged":["Strike_G","Strike_G"],"score":1475,"play_id":"72abc54a-a39c-4e8e-8483-38579cf8fb18","local_time":"20210115075120","is_ascension_mode":true,"campfire_choices":[{"data":"Blade Dance","floor":6,"key":"SMITH"},{"data":"Skewer","floor":8,"key":"SMITH"},{"data":"Neutralize","floor":11,"key":"SMITH"},{"data":"Sucker Punch","floor":15,"key":"SMITH"},{"data":"Cloak And Dagger","floor":24,"key":"SMITH"},{"data":"Cloak And Dagger","floor":30,"key":"SMITH"},{"data":"Blade Dance","floor":32,"key":"SMITH"},{"data":"Finisher","floor":49,"key":"SMITH"}],"circlet_count":0,"master_deck":["AscendersBane","Strike_G","Strike_G","Strike_G","Defend_G","Defend_G","Defend_G","Defend_G","Defend_G","Survivor","Neutralize+1","Blade Dance+1","Choke+1","Backflip","Skewer+1","Poisoned Stab","Sucker Punch+1","Predator","Corpse Explosion","Accuracy+1","Cloak And Dagger+1","Cloak And Dagger+1","Blade Dance+1","Dagger Spray","Finisher+1","After Image","Blade Dance+1","Dramatic Entrance","PiercingWail+1","Accuracy","Prepared+1","Bullet Time"],"relics":["Ring of the Snake","NeowsBlessing","HornCleat","Ninja Scroll","Pen Nib","Potion Belt","Coffee Dripper","Red Mask","FossilizedHelix","Dead Branch","Shuriken","Blood Vial","Mango","Bottled Tornado","SlaversCollar","Nunchaku","Vajra","Lantern","Question Card","Bottled Flame"],"acts_visited":["Exordium","TheCity","TheBeyond"],"potions_floor_usage":[16,20,23,23,29,33,50,50],"damage_taken":[{"damage":0,"enemies":"Jaw Worm","floor":1,"turns":1},{"damage":0,"enemies":"Small Slimes","floor":5,"turns":1},{"damage":0,"enemies":"3 Sentries","floor":7,"turns":1},{"damage":5,"enemies":"Lagavulin","floor":12,"turns":5},{"damage":0,"enemies":"Cultist","floor":14,"turns":1},{"damage":19,"enemies":"The Guardian","floor":16,"turns":10},{"damage":0,"enemies":"Spheric Guardian","floor":18,"turns":3},{"damage":0,"enemies":"3 Byrds","floor":19,"turns":2},{"damage":0,"enemies":"Masked Bandits","floor":20,"turns":2},{"damage":0,"enemies":"Cultist and Chosen","floor":22,"turns":3},{"damage":10,"enemies":"Book of Stabbing","floor":23,"turns":2},{"damage":19,"enemies":"Gremlin Leader","floor":25,"turns":6},{"damage":0,"enemies":"Colosseum Slavers","floor":29,"turns":1},{"damage":0,"enemies":"Colosseum Nobs","floor":29,"turns":2},{"damage":0,"enemies":"Snecko","floor":31,"turns":2},{"damage":0,"enemies":"Collector","floor":33,"turns":4},{"damage":0,"enemies":"3 Shapes","floor":35,"turns":1},{"damage":0,"enemies":"Orb Walker","floor":37,"turns":1},{"damage":0,"enemies":"Giant Head","floor":40,"turns":4},{"damage":0,"enemies":"Nemesis","floor":42,"turns":3},{"damage":0,"enemies":"Reptomancer","floor":44,"turns":1},{"damage":0,"enemies":"Writhing Mass","floor":46,"turns":1},{"damage":0,"enemies":"Spire Growth","floor":47,"turns":1},{"damage":0,"enemies":"Jaw Worm Horde","floor":48,"turns":1},{"damage":10,"enemies":"Time Eater","floor":50,"turns":4}],"seed_played":"5396986906518559495","potions_obtained":[{"floor":1,"key":"Poison Potion"},{"floor":12,"key":"Weak Potion"},{"floor":14,"key":"FearPotion"},{"floor":18,"key":"DuplicationPotion"},{"floor":27,"key":"FearPotion"},{"floor":27,"key":"Explosive Potion"},{"floor":27,"key":"Ancient Potion"},{"floor":29,"key":"Fire Potion"},{"floor":31,"key":"Strength Potion"},{"floor":33,"key":"ColorlessPotion"},{"floor":44,"key":"LiquidMemories"}],"is_trial":false,"path_per_floor":["M","$","?","?","M","R","E","R","T","$","R","E","?","M","R","B",null,"M","M","?","?","M","E","R","E","T","?","$","?","R","M","R","B",null,"M","$","M","?","?","E","$","E","T","E","?","M","M","M","R","B",null],"character_chosen":"THE_SILENT","items_purchased":["Choke","Poisoned Stab","Caltrops","Blood Vial","Nunchaku"],"campfire_rested":0,"item_purchase_floors":[2,10,28,28,36],"current_hp_per_floor":[63,63,63,63,63,63,63,63,63,63,63,58,33,33,33,14,56,56,56,56,44,44,34,34,15,15,15,15,33,33,35,35,37,72,74,74,76,76,76,78,78,80,80,82,80,80,80,80,80,70],"gold":159,"neow_bonus":"THREE_ENEMY_KILL","is_daily":false,"chose_seed":false,"campfire_upgraded":8,"win_rate":0.0,"timestamp":1610689880,"path_taken":["M","$","?","?","M","R","E","R","T","?","R","E","?","M","R","BOSS","M","M","?","?","?","E","R","E","T","?","?","?","R","?","R","BOSS","M","$","M","?","?","E","$","E","T","E","?","M","M","M","R","BOSS"],"items_purchased_type":["Card","Card","Card","Relic","Relic"],"build_version":"2020-12-22","purchased_purges":2,"victory":true,"max_hp_per_floor":[70,70,70,70,70,70,70,70,70,70,70,70,70,70,70,70,70,70,70,70,70,70,70,70,70,70,70,70,84,84,84,84,84,84,84,84,84,84,84,84,84,84,84,84,80,80,80,80,80,80],"relic_stats":{"Blood Vial":18,"Nunchaku":[10],"counters":[25,63],"Shuriken":[42],"Dead Branch":[115],"Pen Nib":[24],"Question Card":4,"obtain_stats":[{"Potion Belt":13,"Lantern":42,"NeowsBlessing":0,"Dead Branch":25,"Vajra":40,"Mango":29,"Pen Nib":12,"Bottled Tornado":29,"Question Card":43,"Blood Vial":28,"SlaversCollar":34,"Nunchaku":36,"Bottled Flame":44,"HornCleat":7,"Ninja Scroll":9,"Shuriken":26,"Coffee Dripper":17,"Red Mask":20,"FossilizedHelix":23,"Ring of the Snake":0},{"Potion Belt":4,"Lantern":20,"NeowsBlessing":0,"Dead Branch":12,"Vajra":19,"Mango":14,"Pen Nib":4,"Bottled Tornado":14,"Question Card":20,"Blood Vial":12,"SlaversCollar":16,"Nunchaku":17,"Bottled Flame":21,"HornCleat":3,"Ninja Scroll":3,"Shuriken":12,"Coffee Dripper":6,"Red Mask":9,"FossilizedHelix":11,"Ring of the Snake":0},{"Potion Belt":8,"Lantern":55,"NeowsBlessing":0,"Dead Branch":37,"Vajra":52,"Mango":40,"Pen Nib":8,"Bottled Tornado":40,"Question Card":55,"Blood Vial":37,"SlaversCollar":46,"Nunchaku":47,"Bottled Flame":56,"HornCleat":3,"Ninja Scroll":3,"Shuriken":37,"Coffee Dripper":19,"Red Mask":26,"FossilizedHelix":31,"Ring of the Snake":0}],"Ring of the Snake":[50]},"card_choices":[{"not_picked":["Endless Agony","Flying Knee"],"picked":"Blade Dance","floor":1},{"not_picked":["Flechettes","Outmaneuver"],"picked":"Backflip","floor":5},{"not_picked":["Tactician","Acrobatics"],"picked":"Skewer","floor":7},{"not_picked":["Outmaneuver","Bane"],"picked":"Sucker Punch","floor":12},{"not_picked":["Bane","Escape Plan"],"picked":"Predator","floor":14},{"not_picked":["Bullet Time","Night Terror"],"picked":"Corpse Explosion","floor":16},{"not_picked":["Deflect","Expertise"],"picked":"Accuracy+1","floor":18},{"not_picked":["Deadly Poison","Noxious Fumes"],"picked":"Cloak And Dagger","floor":19},{"not_picked":["Riddle With Holes","Distraction"],"picked":"Cloak And Dagger","floor":20},{"not_picked":["Outmaneuver","Dagger Throw","Slice"],"picked":"SKIP","floor":22},{"not_picked":["Grand Finale","Blur"],"picked":"Blade Dance","floor":23},{"not_picked":["Slice","Accuracy"],"picked":"Dagger Spray","floor":25},{"not_picked":["Concentrate","Flying Knee"],"picked":"Finisher","floor":31},{"not_picked":["Glass Knife","Unload"],"picked":"After Image","floor":33},{"not_picked":["Underhanded Strike+1","Choke"],"picked":"Blade Dance+1","floor":35},{"not_picked":["Cloak And Dagger","Blade Dance","Dagger Throw"],"picked":"SKIP","floor":37},{"not_picked":["Flash of Steel","The Bomb"],"picked":"Dramatic Entrance","floor":38},{"not_picked":["Acrobatics","Masterful Stab"],"picked":"PiercingWail+1","floor":40},{"not_picked":["Flying Knee","All Out Attack"],"picked":"Accuracy","floor":42},{"not_picked":["Riddle With Holes","PiercingWail","Heel Hook"],"picked":"Prepared+1","floor":44},{"not_picked":["Expertise","Poisoned Stab","Dagger Spray","Quick Slash"],"picked":"SKIP","floor":46},{"not_picked":["Blade Dance","Slice","Poisoned Stab"],"picked":"Bullet Time","floor":47},{"not_picked":["Masterful Stab","Quick Slash","Distraction+1","Sucker Punch+1"],"picked":"SKIP","floor":48}],"player_experience":365843,"relics_obtained":[{"floor":7,"key":"HornCleat"},{"floor":9,"key":"Ninja Scroll"},{"floor":12,"key":"Pen Nib"},{"floor":20,"key":"Red Mask"},{"floor":23,"key":"FossilizedHelix"},{"floor":25,"key":"Dead Branch"},{"floor":26,"key":"Shuriken"},{"floor":29,"key":"Mango"},{"floor":29,"key":"Bottled Tornado"},{"floor":40,"key":"Vajra"},{"floor":42,"key":"Lantern"},{"floor":43,"key":"Question Card"},{"floor":44,"key":"Bottled Flame"}],"event_choices":[{"damage_healed":0,"gold_gain":60,"player_choice":"Gained Gold","damage_taken":0,"max_hp_gain":0,"max_hp_loss":0,"event_name":"Golden Wing","floor":3,"gold_loss":0},{"damage_healed":0,"gold_gain":0,"player_choice":"Grow","damage_taken":0,"max_hp_gain":0,"max_hp_loss":0,"event_name":"Living Wall","floor":4,"gold_loss":0,"cards_upgraded":["Choke"]},{"damage_healed":0,"gold_gain":0,"player_choice":"Success","damage_taken":25,"relics_obtained":["Potion Belt"],"max_hp_gain":0,"max_hp_loss":0,"event_name":"Scrap Ooze","floor":13,"gold_loss":0},{"damage_healed":0,"gold_gain":0,"player_choice":"Fought Bandits","damage_taken":0,"max_hp_gain":0,"max_hp_loss":0,"event_name":"Masked Bandits","floor":20,"gold_loss":0},{"damage_healed":0,"gold_gain":0,"player_choice":"POTION ","damage_taken":12,"max_hp_gain":0,"max_hp_loss":0,"event_name":"Knowing Skull","floor":21,"potions_obtained":["BlessingOfTheForge"],"gold_loss":0,"cards_obtained":[]},{"damage_healed":0,"gold_gain":0,"player_choice":"Got Potions","damage_taken":0,"max_hp_gain":0,"max_hp_loss":0,"event_name":"Lab","floor":27,"gold_loss":0},{"damage_healed":0,"gold_gain":0,"player_choice":"Fight","damage_taken":0,"max_hp_gain":0,"max_hp_loss":0,"event_name":"Colosseum","floor":29,"gold_loss":0},{"damage_healed":0,"gold_gain":0,"player_choice":"Fought Nobs","damage_taken":0,"max_hp_gain":0,"max_hp_loss":0,"event_name":"Colosseum","floor":29,"gold_loss":0},{"damage_healed":0,"gold_gain":0,"player_choice":"Memory 1","damage_taken":0,"max_hp_gain":0,"max_hp_loss":0,"event_name":"SensoryStone","floor":38,"gold_loss":0},{"cards_removed":["Caltrops"],"damage_healed":0,"gold_gain":0,"player_choice":"Removed Power","damage_taken":0,"max_hp_gain":0,"max_hp_loss":0,"event_name":"Falling","floor":39,"gold_loss":0},{"damage_healed":0,"gold_gain":0,"player_choice":"Max HP","damage_taken":0,"max_hp_gain":0,"max_hp_loss":4,"event_name":"Winding Halls","floor":45,"gold_loss":0}],"is_beta":false,"boss_relics":[{"not_picked":["Runic Dome","Pandora\u0027s Box"],"picked":"Coffee Dripper"},{"not_picked":["Velvet Choker","Runic Pyramid"],"picked":"SlaversCollar"}],"items_purged_floors":[10,36],"is_endless":false,"potions_floor_spawned":[1,12,14,18,29,29,31,33,44,46,48],"ascension_level":13}}