{"host":"h1qktzcccqnez8tx","time":1610710611,"event":{"mods":["BaseMod","Block Reminder","Colored Map","Colored Powertips","Curses Come First","Downfall","Highlight Path","Jorbs\u0027s Wanderer Trilogy","Minty Spire (QoL Compilation)","Permanent Neow","Quick Restart","Relic Stats","Replay The Spire","Say the Spire","Shade Mod","StSLib","The Cursed","The Disciple","The Hierophant","The Marked","The Necromancer","The Servant 0.9.4","TheSwordswoman"],"gold_per_floor":[113,133,133,16,26,60,75,91,91,121,121,135,135,155,155,250,250,262,282,300,311,329,329,339,339,339],"floor_reached":25,"language":"ENG","playtime":1311,"items_purged":[],"score":246,"play_id":"b9d673d6-df7d-44bf-ace2-9746346978e3","local_time":"20210115123651","is_ascension_mode":false,"campfire_choices":[{"data":"1","floor":11,"key":"LIFT"},{"floor":15,"key":"REST"},{"floor":23,"key":"REST"}],"circlet_count":0,"master_deck":["Strike_G","Strike_G","Strike_G","Strike_G","Strike_G","Defend_G","Defend_G","Defend_G","Defend_G","Defend_G","Neutralize","Quick Slash","Poisoned Stab","Regret","Riddle With Holes","Well Laid Plans","Poisoned Stab","Backflip","Dagger Spray","Deflect","Catalyst","Outmaneuver","m_Survivalism","Skewer","Burst","Sucker Punch+1","Prepared+1","Flying Knee","Corpse Explosion","Flying Knee"],"relics":["Black Star","Pear","Strawberry","Du-Vu Doll","Kunai","Girya","Vajra","ChewingGum"],"acts_visited":["Exordium","TheCity"],"potions_floor_usage":[10,16,25,25],"damage_taken":[{"damage":0,"enemies":"2 Louse","floor":1,"turns":4},{"damage":0,"enemies":"Small Slimes","floor":2,"turns":4},{"damage":4,"enemies":"Jaw Worm","floor":5,"turns":5},{"damage":28,"enemies":"Lagavulin","floor":6,"turns":9},{"damage":8,"enemies":"Looter","floor":7,"turns":4},{"damage":3,"enemies":"Large Slime","floor":8,"turns":6},{"damage":15,"enemies":"Gremlin Nob","floor":10,"turns":3},{"damage":7,"enemies":"Blue Slaver","floor":12,"turns":2},{"damage":0,"enemies":"2 Fungi Beasts","floor":14,"turns":2},{"damage":34,"enemies":"Fading Forest","floor":16,"turns":11},{"damage":13,"enemies":"Spheric Guardian","floor":18,"turns":4},{"damage":9,"enemies":"Shell Parasite","floor":19,"turns":3},{"damage":33,"enemies":"Sentry and Sphere","floor":20,"turns":5},{"damage":15,"enemies":"Snake Plant","floor":21,"turns":3},{"damage":0,"enemies":"Centurion and Healer","floor":22,"turns":2},{"damage":18,"enemies":"Shelled Parasite and Fungi","floor":24,"turns":5},{"damage":25,"enemies":"Slavers","floor":25,"turns":2}],"seed_played":"8599160790692545114","potions_obtained":[{"floor":5,"key":"Strength Potion"},{"floor":6,"key":"Poison Potion"},{"floor":7,"key":"Toxic Potion"},{"floor":12,"key":"sneckomod:MuddlingPotion"},{"floor":16,"key":"Ancient Potion"},{"floor":20,"key":"Explosive Potion"}],"is_trial":false,"path_per_floor":["M","M","?","$","M","E","M","M","T","E","R","M","?","M","R","B",null,"M","M","M","M","M","R","M","E"],"character_chosen":"THE_SILENT","items_purchased":["Riddle With Holes","Well Laid Plans"],"campfire_rested":2,"item_purchase_floors":[4,4],"current_hp_per_floor":[70,70,80,80,76,55,47,44,44,29,29,22,22,22,48,24,87,74,65,32,17,17,43,25,0,0],"gold":339,"neow_bonus":"BOSS_RELIC","is_daily":false,"chose_seed":false,"campfire_upgraded":0,"win_rate":0.0,"timestamp":1610710611,"path_taken":["M","M","?","$","M","E","M","M","T","E","R","M","?","M","R","BOSS","M","M","M","M","M","R","M","E"],"items_purchased_type":["Card","Card"],"build_version":"2020-12-22","purchased_purges":0,"victory":false,"max_hp_per_floor":[70,70,80,80,80,87,87,87,87,87,87,87,87,87,87,87,87,87,87,87,87,87,87,87,87,87],"relic_stats":{"counters":[17,74],"Black Star":2,"Kunai":[15],"obtain_stats":[{"Du-Vu Doll":6,"Girya":10,"Pear":3,"Strawberry":6,"Vajra":10,"ChewingGum":17,"Black Star":0,"Kunai":9,"Ring of the Snake":0},{"Du-Vu Doll":4,"Girya":7,"Pear":2,"Strawberry":4,"Vajra":7,"ChewingGum":10,"Black Star":0,"Kunai":6,"Ring of the Snake":0},{"Du-Vu Doll":22,"Girya":35,"Pear":8,"Strawberry":22,"Vajra":35,"ChewingGum":50,"Black Star":0,"Kunai":32,"Ring of the Snake":0}]},"card_choices":[{"not_picked":["Heel Hook","Dodge and Roll"],"picked":"Quick Slash","floor":1},{"not_picked":["ReplayTheSpireMod:Exploit Weakness","Dodge and Roll"],"picked":"Poisoned Stab","floor":2},{"not_picked":["Riddle With Holes","Blur"],"picked":"Poisoned Stab","floor":5},{"not_picked":["Bane","Skewer"],"picked":"Backflip","floor":6},{"not_picked":["Sneak Up","Endless Agony"],"picked":"Dagger Spray","floor":7},{"not_picked":["Underhanded Strike","Backflip"],"picked":"Deflect","floor":8},{"not_picked":["Quick Slash","Heel Hook"],"picked":"Catalyst","floor":10},{"not_picked":["Wraith Form v2","Underhanded Strike"],"picked":"Outmaneuver","floor":12},{"not_picked":["Hidden Blade","ReplayTheSpireMod:Tripwire"],"picked":"Skewer","floor":14},{"not_picked":["Venomology","Bullet Time"],"picked":"Burst","floor":16},{"not_picked":["Deflect","Reflex"],"picked":"Sucker Punch+1","floor":18},{"not_picked":["ReplayTheSpireMod:Tripwire","Sucker Punch"],"picked":"Prepared+1","floor":19},{"not_picked":["Sucker Punch+1","Blade Dance"],"picked":"Flying Knee","floor":20},{"not_picked":["Underhanded Strike","Outmaneuver"],"picked":"Corpse Explosion","floor":21},{"not_picked":["Underhanded Strike","Sucker Punch","Backflip"],"picked":"SKIP","floor":22},{"not_picked":["Eviscerate","Dagger Throw"],"picked":"Flying Knee","floor":24}],"player_experience":56197,"relics_obtained":[{"floor":6,"key":"Strawberry"},{"floor":6,"key":"Du-Vu Doll"},{"floor":9,"key":"Kunai"},{"floor":10,"key":"Girya"},{"floor":10,"key":"Vajra"}],"event_choices":[{"damage_healed":0,"gold_gain":0,"player_choice":"Box","damage_taken":0,"relics_obtained":["Pear"],"max_hp_gain":0,"max_hp_loss":0,"event_name":"Big Fish","floor":3,"gold_loss":0,"cards_obtained":["Regret"]}],"is_beta":false,"boss_relics":[{"not_picked":["Replay:Bronze Core","Snecko Scales"],"picked":"ChewingGum"}],"items_purged_floors":[],"is_endless":false,"potions_floor_spawned":[5,6,7,12,16,20,24],"killed_by":"Slavers","ascension_level":0}}