{"host":"mg6qqnp83j5r6p2r","time":1610683177,"event":{"mods":["BaseMod","Colored Map","Colored Powertips","Highlight Path","Minty Spire (QoL Compilation)","Rare Cards Sparkle","Relic Sorter","Relic Stats","StSLib"],"gold_per_floor":[111,124,18,18,30,69,94,135,147,186,198,210,240,67,67,167,167,177,35,48,66,66,66,91,71,122,122,122,122,153,169,169,274,274,285,285,50,66,85,85,99,149,149,149,182,182,117,127,127,127,127,127,1,26,26,26],"floor_reached":55,"language":"ENG","playtime":3869,"items_purged":["Defend_P","Meditate"],"score":791,"play_id":"6293c220-018a-4741-9f8b-905e4148bae1","local_time":"20210114215937","is_ascension_mode":true,"campfire_choices":[{"floor":11.0,"key":"REST"},{"data":"Eruption","floor":15.0,"key":"SMITH"},{"floor":23.0,"key":"RECALL"},{"data":"Alpha","floor":29.0,"key":"SMITH"},{"data":"Vault","floor":32.0,"key":"SMITH"},{"data":"Crescendo","floor":40.0,"key":"SMITH"},{"data":"Omniscience","floor":44.0,"key":"SMITH"},{"floor":46.0,"key":"REST"},{"floor":49.0,"key":"REST"},{"data":"Apotheosis","floor":52.0,"key":"SMITH"}],"circlet_count":0,"master_deck":["Eruption+1","Vigilance","Enlightenment+1","EmptyBody","FollowUp","Good Instincts","ThirdEye","Wallop","ClearTheMind","Protect","Crescendo+1","Vault+1","DeceiveReality","Weave","SpiritShield","CutThroughFate","SandsOfTime","Perseverance","FlurryOfBlows","Alpha+1","Consecrate+1","ClearTheMind+1","BattleHymn+1","FollowUp","TalkToTheHand","Omniscience+1","Wireheading+1","Crescendo","Nirvana","Nirvana","Apotheosis+1","MasterReality"],"relics":["PureWater","MawBank","The Courier","Bag of Preparation","Juzu Bracelet","StrikeDummy","Lee\u0027s Waffle","Pandora\u0027s Box","Pear","Pantograph","Dream Catcher","Cursed Key","Membership Card","Ginger","CaptainsWheel","Boot","Melange","Eternal Feather"],"acts_visited":["Exordium","TheCity","TheBeyond","TheEnding"],"potions_floor_usage":[55,55],"damage_taken":[{"damage":0.0,"enemies":"Jaw Worm","floor":1.0,"turns":4.0},{"damage":5.0,"enemies":"Small Slimes","floor":2.0,"turns":5.0},{"damage":4.0,"enemies":"Lagavulin","floor":6.0,"turns":9.0},{"damage":1.0,"enemies":"Cultist","floor":7.0,"turns":5.0},{"damage":13.0,"enemies":"3 Sentries","floor":8.0,"turns":13.0},{"damage":27.0,"enemies":"Lagavulin","floor":10.0,"turns":7.0},{"damage":6.0,"enemies":"Lots of Slimes","floor":13.0,"turns":7.0},{"damage":14.0,"enemies":"Slime Boss","floor":16.0,"turns":8.0},{"damage":0.0,"enemies":"Shell Parasite","floor":18.0,"turns":4.0},{"damage":0.0,"enemies":"3 Byrds","floor":20.0,"turns":4.0},{"damage":16.0,"enemies":"Snake Plant","floor":21.0,"turns":5.0},{"damage":4.0,"enemies":"Gremlin Leader","floor":24.0,"turns":6.0},{"damage":0.0,"enemies":"Shelled Parasite and Fungi","floor":28.0,"turns":1.0},{"damage":0.0,"enemies":"Slavers","floor":30.0,"turns":7.0},{"damage":1.0,"enemies":"Centurion and Healer","floor":31.0,"turns":5.0},{"damage":57.0,"enemies":"Automaton","floor":33.0,"turns":10.0},{"damage":4.0,"enemies":"3 Darklings","floor":35.0,"turns":5.0},{"damage":4.0,"enemies":"Orb Walker","floor":38.0,"turns":3.0},{"damage":0.0,"enemies":"Transient","floor":39.0,"turns":5.0},{"damage":0.0,"enemies":"Maw","floor":41.0,"turns":6.0},{"damage":0.0,"enemies":"Mind Bloom Boss Battle","floor":42.0,"turns":5.0},{"damage":50.0,"enemies":"Nemesis","floor":45.0,"turns":7.0},{"damage":25.0,"enemies":"Writhing Mass","floor":48.0,"turns":5.0},{"damage":58.0,"enemies":"Donu and Deca","floor":50.0,"turns":7.0},{"damage":2,"enemies":"Shield and Spear","floor":54,"turns":7},{"damage":116,"enemies":"The Heart","floor":55,"turns":6}],"seed_played":"-4948631791394446094","potions_obtained":[{"floor":5.0,"key":"GamblersBrew"},{"floor":5.0,"key":"PowerPotion"},{"floor":5.0,"key":"Strength Potion"},{"floor":6.0,"key":"LiquidBronze"},{"floor":16.0,"key":"FairyPotion"},{"floor":20.0,"key":"Ancient Potion"},{"floor":21.0,"key":"SkillPotion"},{"floor":25.0,"key":"SmokeBomb"},{"floor":31.0,"key":"AttackPotion"},{"floor":33.0,"key":"DuplicationPotion"},{"floor":48.0,"key":"PowerPotion"}],"is_trial":false,"path_per_floor":["M","M","$","?","?","E","M","E","T","E","R","?","M","$","R","B",null,"M","$","M","M","?","R","E","?","T","T","M","R","E","M","R","B",null,"M","?","$","M","M","R","M","?","T","R","E","R","$","M","R","B",null,"R","$","E","B"],"character_chosen":"WATCHER","items_purchased":["Good Instincts","ThirdEye","Lee\u0027s Waffle","Alpha","Membership Card","Ginger","Apotheosis","Melange","MasterReality"],"campfire_rested":3,"item_purchase_floors":[3,3,14,19,37,37,47,53,53],"current_hp_per_floor":[72,67,67,49,49,45,44,31,31,4,25,25,19,79,79,65,79,79,79,79,63,63,63,69,69,69,69,69,69,69,68,68,32,89,85,85,85,81,81,81,81,85,85,85,35,60,60,35,60,27,85,85,85,83,0,0],"gold":26,"neow_bonus":"RANDOM_COLORLESS","is_daily":false,"chose_seed":false,"campfire_upgraded":6,"win_rate":0.0,"timestamp":1610683177,"path_taken":["M","M","$","?","?","E","M","E","T","E","R","?","M","$","R","BOSS","M","$","M","M","?","R","E","?","T","?","M","R","E","M","R","BOSS","M","?","$","M","M","R","M","?","T","R","E","R","?","M","R","BOSS","R","$","E","BOSS"],"items_purchased_type":["Card","Card","Relic","Card","Relic","Relic","Card","Relic","Card"],"build_version":"2020-12-22","purchased_purges":2,"victory":false,"max_hp_per_floor":[72,72,72,72,72,72,72,72,72,72,72,72,72,79,79,79,79,79,79,79,79,79,79,89,89,89,89,89,89,89,89,89,89,89,89,85,85,85,85,85,85,85,85,85,85,85,85,85,85,85,85,85,85,85,85,85],"relic_stats":{"Lee\u0027s Waffle":60,"counters":[26,156],"Melange":[3],"Eternal Feather":0,"Bag of Preparation":[42],"Juzu Bracelet":3,"Ginger":[7],"MawBank":120,"Cursed Key":0,"Boot":[11],"Dream Catcher":2,"Pantograph":52,"Pandora\u0027s Box":["DeceiveReality","Weave","SpiritShield","CutThroughFate","SandsOfTime","Meditate","Perseverance"],"obtain_stats":[{"Lee\u0027s Waffle":14,"Pear":24,"Melange":53,"Eternal Feather":54,"The Courier":6,"Bag of Preparation":8,"Juzu Bracelet":9,"Ginger":37,"MawBank":4,"Cursed Key":34,"Boot":45,"Dream Catcher":30,"CaptainsWheel":42,"Pantograph":27,"Pandora\u0027s Box":17,"Membership Card":37,"PureWater":0,"StrikeDummy":10},{"Lee\u0027s Waffle":7,"Pear":12,"Melange":24,"Eternal Feather":25,"The Courier":3,"Bag of Preparation":5,"Juzu Bracelet":5,"Ginger":17,"MawBank":2,"Cursed Key":16,"Boot":22,"Dream Catcher":14,"CaptainsWheel":21,"Pantograph":12,"Pandora\u0027s Box":8,"Membership Card":17,"PureWater":0,"StrikeDummy":6},{"Lee\u0027s Waffle":50,"Pear":77,"Melange":143,"Eternal Feather":150,"The Courier":18,"Bag of Preparation":36,"Juzu Bracelet":36,"Ginger":105,"MawBank":9,"Cursed Key":100,"Boot":131,"Dream Catcher":85,"CaptainsWheel":124,"Pantograph":77,"Pandora\u0027s Box":58,"Membership Card":105,"PureWater":0,"StrikeDummy":43}]},"card_choices":[{"not_picked":["Deep Breath","Mind Blast"],"picked":"Enlightenment","floor":0.0},{"not_picked":["ThirdEye","Consecrate"],"picked":"EmptyBody","floor":1.0},{"not_picked":["SashWhip","WreathOfFlame"],"picked":"FollowUp","floor":2.0},{"not_picked":["Tantrum","Worship"],"picked":"Wallop","floor":6.0},{"not_picked":["ThirdEye","Nirvana"],"picked":"ClearTheMind","floor":7.0},{"not_picked":["Fasting2","Worship","JustLucky"],"picked":"SKIP","floor":8.0},{"not_picked":["Scrawl","Evaluate"],"picked":"Protect","floor":10.0},{"not_picked":["Tantrum","DeceiveReality"],"picked":"Crescendo","floor":13.0},{"not_picked":["SpiritShield","Scrawl"],"picked":"Vault","floor":16.0},{"not_picked":["WheelKick","BowlingBash"],"picked":"FlurryOfBlows","floor":18.0},{"not_picked":["BowlingBash","ReachHeaven"],"picked":"Consecrate+1","floor":20.0},{"not_picked":["CutThroughFate","Prostrate"],"picked":"ClearTheMind+1","floor":21.0},{"not_picked":["Wish","SashWhip"],"picked":"BattleHymn+1","floor":24.0},{"not_picked":["Collect","BattleHymn"],"picked":"FollowUp","floor":30.0},{"not_picked":["BowlingBash","Protect"],"picked":"TalkToTheHand","floor":31.0},{"not_picked":["ConjureBlade","Wish"],"picked":"Omniscience","floor":33.0},{"not_picked":["Pray","ClearTheMind","WindmillStrike"],"picked":"SKIP","floor":35.0},{"not_picked":["FlyingSleeves","Prostrate","SignatureMove+1"],"picked":"SKIP","floor":38.0},{"not_picked":["Meditate+1","DeceiveReality+1"],"picked":"Wireheading+1","floor":39.0},{"not_picked":["FlyingSleeves","JustLucky"],"picked":"Crescendo","floor":41.0},{"not_picked":["ThirdEye+1","Prostrate+1"],"picked":"Nirvana","floor":42.0},{"not_picked":["CarveReality+1","MentalFortress+1"],"picked":"Nirvana","floor":45.0},{"not_picked":["Alpha","ClearTheMind","Protect"],"picked":"SKIP","floor":48.0},{"not_picked":["Halt+1","Swivel","Fasting2+1"],"picked":"SKIP","floor":54}],"player_experience":192192,"relics_obtained":[{"floor":6.0,"key":"The Courier"},{"floor":8.0,"key":"Bag of Preparation"},{"floor":9.0,"key":"Juzu Bracelet"},{"floor":10.0,"key":"StrikeDummy"},{"floor":24.0,"key":"Pear"},{"floor":27.0,"key":"Pantograph"},{"floor":30.0,"key":"Dream Catcher"},{"floor":42.0,"key":"CaptainsWheel"},{"floor":45.0,"key":"Boot"},{"floor":54,"key":"Eternal Feather"}],"event_choices":[{"damage_healed":0.0,"max_hp_gain":0.0,"max_hp_loss":0.0,"gold_gain":0.0,"event_name":"Scrap Ooze","player_choice":"Success","floor":4.0,"gold_loss":0.0,"damage_taken":18.0,"relics_obtained":["MawBank"]},{"damage_healed":0.0,"max_hp_gain":0.0,"max_hp_loss":0.0,"gold_gain":0.0,"event_name":"Lab","player_choice":"Got Potions","floor":5.0,"gold_loss":0.0,"damage_taken":0.0},{"damage_healed":0.0,"max_hp_gain":0.0,"max_hp_loss":0.0,"gold_gain":0.0,"event_name":"NoteForYourself","player_choice":"Ignored","floor":12.0,"gold_loss":0.0,"damage_taken":0.0},{"damage_healed":0.0,"max_hp_gain":0.0,"max_hp_loss":0.0,"gold_gain":0.0,"event_name":"Accursed Blacksmith","player_choice":"Forge","floor":22.0,"gold_loss":0.0,"damage_taken":0.0,"cards_upgraded":["Enlightenment"]},{"damage_healed":0.0,"max_hp_gain":0.0,"max_hp_loss":0.0,"gold_gain":0.0,"event_name":"The Woman in Blue","player_choice":"Bought 1 Potion","floor":25.0,"gold_loss":0.0,"damage_taken":0.0},{"damage_healed":0.0,"max_hp_gain":0.0,"max_hp_loss":4.0,"gold_gain":0.0,"event_name":"Winding Halls","player_choice":"Max HP","floor":36.0,"gold_loss":0.0,"damage_taken":0.0},{"damage_healed":0.0,"max_hp_gain":0.0,"max_hp_loss":0.0,"gold_gain":0.0,"event_name":"MindBloom","player_choice":"Fight","floor":42.0,"gold_loss":0.0,"damage_taken":0.0}],"is_beta":false,"boss_relics":[{"not_picked":["Snecko Eye","Runic Dome"],"picked":"Pandora\u0027s Box"},{"not_picked":["Tiny House","SacredBark"],"picked":"Cursed Key"}],"items_purged_floors":[14,19],"is_endless":false,"potions_floor_spawned":[6,16,20,21,31,33,35,38,45,48,54],"killed_by":"The Heart","ascension_level":1}}