{"host":"by3dnjj711vo194a","time":1610754017,"event":{"mods":["2.2 Compatiblity","AchievementEnabler","BaseMod","Colored Map","DeckTracker","KOR Keyword Fix","Keyboard Shortcuts","Minty Spire (QoL Compilation)","Permanent Neow","Quick Restart","StSLib","SuperFastMode","everything is the same but u backflip on backflip"],"gold_per_floor":[117,192,203,47,47,78,155,187,187,187,213,231,247,257,257,356,356,376,16,34,34,54,54,70,98,98,127,127,138,151,151,151,251,251,269,279,279,297,311,636,1,21,45,71,71,86,26,46,46,46,46,46,46,73,73],"floor_reached":56,"language":"KOR","playtime":5412,"items_purged":["Omniscience"],"score":2234,"play_id":"172551d4-86d8-4b1e-a903-71970d6a6135","local_time":"20210116084017","is_ascension_mode":true,"campfire_choices":[{"data":"PathToVictory","floor":10.0,"key":"SMITH"},{"floor":15.0,"key":"REST"},{"data":"Scrawl","floor":23.0,"key":"SMITH"},{"floor":28.0,"key":"RECALL"},{"data":"Vault","floor":32.0,"key":"SMITH"},{"data":"MentalFortress","floor":49,"key":"SMITH"}],"circlet_count":0,"master_deck":["InnerPeace+1","MentalFortress+1","Adaptation+1","Eruption+1","Ragnarok+1","PathToVictory+1","Scrawl+1","Vault+1","WheelKick+1","MentalFortress+1"],"relics":["PureWater","Membership Card","Toy Ornithopter","Mummified Hand","Sundial","The Courier","Molten Egg 2","Coffee Dripper","Lantern","Omamori","Turnip","ClockworkSouvenir","Kunai","Strawberry","Damaru","Prayer Wheel","Nloth\u0027s Gift","Sozu","Old Coin","Dream Catcher","Vajra","Nunchaku","Bronze Scales","PreservedInsect","Shuriken","Gremlin Horn","Blue Candle","Pocketwatch","Ancient Tea Set","Pear"],"acts_visited":["Exordium","TheCity","TheBeyond","TheEnding"],"potions_floor_usage":[50,50],"damage_taken":[{"damage":0.0,"enemies":"Small Slimes","floor":1.0,"turns":1.0},{"damage":0.0,"enemies":"2 Louse","floor":3.0,"turns":1.0},{"damage":0.0,"enemies":"3 Sentries","floor":6.0,"turns":1.0},{"damage":0.0,"enemies":"Gremlin Nob","floor":8.0,"turns":1.0},{"damage":12.0,"enemies":"3 Sentries","floor":11.0,"turns":3.0},{"damage":0.0,"enemies":"Jaw Worm","floor":12.0,"turns":1.0},{"damage":0.0,"enemies":"Blue Slaver","floor":13.0,"turns":1.0},{"damage":0.0,"enemies":"Red Slaver","floor":14.0,"turns":1.0},{"damage":0.0,"enemies":"Hexaghost","floor":16.0,"turns":2.0},{"damage":0.0,"enemies":"2 Thieves","floor":18.0,"turns":1.0},{"damage":0.0,"enemies":"3 Byrds","floor":20.0,"turns":2.0},{"damage":0.0,"enemies":"Cultist and Chosen","floor":22.0,"turns":1.0},{"damage":0.0,"enemies":"Snake Plant","floor":24.0,"turns":1.0},{"damage":0.0,"enemies":"Book of Stabbing","floor":25.0,"turns":1.0},{"damage":0.0,"enemies":"Slavers","floor":27.0,"turns":1.0},{"damage":0.0,"enemies":"Centurion and Healer","floor":29.0,"turns":2.0},{"damage":0.0,"enemies":"Snecko","floor":30.0,"turns":1.0},{"damage":0.0,"enemies":"Automaton","floor":33.0,"turns":4.0},{"damage":0.0,"enemies":"Orb Walker","floor":35.0,"turns":1.0},{"damage":0.0,"enemies":"3 Shapes","floor":36.0,"turns":2.0},{"damage":0.0,"enemies":"Transient","floor":38.0,"turns":3.0},{"damage":0.0,"enemies":"Jaw Worm Horde","floor":39.0,"turns":1.0},{"damage":0.0,"enemies":"Reptomancer","floor":40.0,"turns":1.0},{"damage":0.0,"enemies":"3 Darklings","floor":42.0,"turns":1.0},{"damage":0,"enemies":"Giant Head","floor":44,"turns":1},{"damage":0,"enemies":"Sphere and 2 Shapes","floor":46,"turns":1},{"damage":0,"enemies":"Transient","floor":48,"turns":1},{"damage":0,"enemies":"Donu and Deca","floor":50,"turns":1},{"damage":0,"enemies":"Shield and Spear","floor":54,"turns":1},{"damage":72,"enemies":"The Heart","floor":55,"turns":5}],"seed_played":"-5180180379937842877","potions_obtained":[{"floor":1.0,"key":"LiquidBronze"},{"floor":3.0,"key":"BlessingOfTheForge"},{"floor":11.0,"key":"BottledMiracle"},{"floor":14.0,"key":"Fruit Juice"},{"floor":18.0,"key":"DuplicationPotion"}],"is_trial":false,"path_per_floor":["M","?","M","$","?","E","T","E","T","R","E","M","M","M","R","B",null,"M","$","M","?","M","R","M","E","T","E","R","M","M","?","R","B",null,"M","M","$","M","M","E","$","M","T","E","?","M","$","M","R","B",null,"R","$","E","B",null],"character_chosen":"WATCHER","items_purchased":["Membership Card","Lantern","Omamori","Turnip","ClockworkSouvenir","Kunai","Strawberry","Dream Catcher","Vajra","Nunchaku","Bronze Scales","PreservedInsect","Shuriken","Gremlin Horn","Blue Candle","Ancient Tea Set"],"campfire_rested":1,"item_purchase_floors":[4,19,19,19,19,19,19,41,41,41,41,41,41,41,41,47],"current_hp_per_floor":[65,54,54,54,40,40,40,40,40,40,28,28,28,38,61,61,73,73,80,80,80,80,80,80,80,80,80,80,80,80,80,80,80,83,83,83,83,83,83,83,83,83,83,83,83,83,83,83,83,84,84,84,84,94,22],"gold":73,"neow_bonus":"ONE_RANDOM_RARE_CARD","is_daily":false,"chose_seed":false,"campfire_upgraded":4,"win_rate":0.0,"timestamp":1610754017,"path_taken":["M","?","M","$","?","E","?","E","T","R","E","M","M","M","R","BOSS","M","$","M","?","?","R","M","E","T","E","R","M","M","?","R","BOSS","M","M","?","M","M","E","$","M","T","E","?","M","$","M","R","BOSS","R","$","E","BOSS"],"items_purchased_type":["Relic","Relic","Relic","Relic","Relic","Relic","Relic","Relic","Relic","Relic","Relic","Relic","Relic","Relic","Relic","Relic"],"build_version":"2020-12-22","purchased_purges":1,"victory":true,"max_hp_per_floor":[72,72,72,72,72,72,72,72,72,72,72,72,72,77,77,77,77,77,84,84,84,84,84,84,84,84,84,84,84,84,84,84,84,84,84,84,84,84,84,84,84,84,84,84,84,84,84,84,84,84,84,84,84,94,94],"card_choices":[{"not_picked":["ReachHeaven","ThirdEye","Pray"],"picked":"SKIP","floor":1.0},{"not_picked":["SashWhip","Prostrate","Indignation"],"picked":"SKIP","floor":3.0},{"not_picked":["DeceiveReality","WreathOfFlame","EmptyFist"],"picked":"SKIP","floor":6.0},{"not_picked":["CutThroughFate","FollowUp"],"picked":"PathToVictory","floor":8.0},{"not_picked":["Evaluate","Omniscience"],"picked":"Scrawl","floor":11.0},{"not_picked":["EmptyFist+1","LikeWater","Halt"],"picked":"SKIP","floor":12.0},{"not_picked":["EmptyMind","EmptyBody","Collect"],"picked":"SKIP","floor":13.0},{"not_picked":["JustLucky+1","Conclude+1","CrushJoints+1"],"picked":"SKIP","floor":14.0},{"not_picked":["WaveOfTheHand","ReachHeaven+1","WindmillStrike+1"],"picked":"SKIP","floor":18.0},{"not_picked":["ThirdEye","Collect","FlurryOfBlows+1"],"picked":"SKIP","floor":20.0},{"not_picked":["JustLucky+1","Prostrate","FollowUp+1"],"picked":"SKIP","floor":22.0},{"not_picked":["PathToVictory","CrushJoints+1","Vengeance+1"],"picked":"SKIP","floor":24.0},{"not_picked":["Indignation+1","PathToVictory","Vengeance"],"picked":"SKIP","floor":25.0},{"not_picked":["EmptyFist+1","Consecrate+1","ClearTheMind"],"picked":"SKIP","floor":27.0},{"not_picked":["Swivel+1","SignatureMove+1","EmptyFist+1"],"picked":"SKIP","floor":29.0},{"not_picked":["Prostrate+1","ClearTheMind","EmptyFist+1"],"picked":"SKIP","floor":29.0},{"not_picked":["Collect","CutThroughFate+1"],"picked":"Vault","floor":30.0},{"not_picked":["Consecrate+1","EmptyBody","JustLucky+1"],"picked":"SKIP","floor":30.0},{"not_picked":["Crescendo+1","Establishment"],"picked":"WheelKick+1","floor":35.0},{"not_picked":["Study+1","Wallop+1","EmptyBody"],"picked":"SKIP","floor":35.0},{"not_picked":["ThirdEye","ClearTheMind","PathToVictory"],"picked":"SKIP","floor":36.0},{"not_picked":["ClearTheMind","FollowUp+1","Prostrate"],"picked":"SKIP","floor":36.0},{"not_picked":["Prostrate+1","Sanctity","Protect"],"picked":"SKIP","floor":38.0},{"not_picked":["Crescendo","WindmillStrike+1","FlurryOfBlows+1"],"picked":"SKIP","floor":38.0},{"not_picked":["JustLucky+1","Pray+1"],"picked":"Omniscience","floor":39.0},{"not_picked":["FlyingSleeves+1","PathToVictory","FollowUp+1"],"picked":"SKIP","floor":39.0},{"not_picked":["SandsOfTime+1","BattleHymn+1","EmptyFist+1"],"picked":"SKIP","floor":40.0},{"not_picked":["Collect+1","Consecrate+1","EmptyBody"],"picked":"SKIP","floor":42.0},{"not_picked":["Ragnarok+1","JustLucky+1","ForeignInfluence"],"picked":"SKIP","floor":42.0},{"not_picked":["Alpha","Blasphemy"],"picked":"MentalFortress","floor":44},{"not_picked":["Halt+1","ClearTheMind","Evaluate+1"],"picked":"SKIP","floor":46},{"not_picked":["Evaluate","Worship","Vengeance+1"],"picked":"SKIP","floor":46},{"not_picked":["Consecrate+1","ThirdEye","Wish"],"picked":"SKIP","floor":48},{"not_picked":["EmptyFist+1","Crescendo+1","EmptyBody"],"picked":"SKIP","floor":48},{"not_picked":["Perseverance","WreathOfFlame+1","FollowUp+1"],"picked":"SKIP","floor":54}],"player_experience":167693,"relics_obtained":[{"floor":6.0,"key":"Toy Ornithopter"},{"floor":7.0,"key":"Mummified Hand"},{"floor":8.0,"key":"Sundial"},{"floor":9.0,"key":"The Courier"},{"floor":11.0,"key":"Molten Egg 2"},{"floor":25.0,"key":"Damaru"},{"floor":26.0,"key":"Prayer Wheel"},{"floor":27.0,"key":"Lizard Tail"},{"floor":40.0,"key":"Old Coin"},{"floor":44,"key":"Pocketwatch"},{"floor":54,"key":"Pear"}],"event_choices":[{"damage_healed":0.0,"max_hp_gain":0.0,"max_hp_loss":0.0,"gold_gain":75.0,"event_name":"World of Goop","player_choice":"Gather Gold","floor":2.0,"gold_loss":0.0,"damage_taken":11.0},{"damage_healed":0.0,"max_hp_gain":0.0,"max_hp_loss":0.0,"gold_gain":0.0,"event_name":"Shining Light","player_choice":"Entered Light","floor":5.0,"gold_loss":0.0,"damage_taken":14.0,"cards_upgraded":["Ragnarok"]},{"damage_healed":0.0,"max_hp_gain":0.0,"max_hp_loss":0.0,"gold_gain":0.0,"event_name":"Accursed Blacksmith","player_choice":"Ignored","floor":21.0,"gold_loss":0.0,"damage_taken":0.0},{"damage_healed":0.0,"max_hp_gain":0.0,"max_hp_loss":0.0,"gold_gain":0.0,"event_name":"N\u0027loth","player_choice":"Traded Relic","floor":31.0,"relics_lost":["Lizard Tail"],"gold_loss":0.0,"damage_taken":0.0,"relics_obtained":["Nloth\u0027s Gift"]},{"damage_healed":0,"gold_gain":0,"player_choice":"Ignored","damage_taken":0,"max_hp_gain":0,"max_hp_loss":0,"event_name":"Tomb of Lord Red Mask","floor":45,"gold_loss":0}],"is_beta":false,"boss_relics":[{"not_picked":["Empty Cage","Runic Dome"],"picked":"Coffee Dripper"},{"not_picked":["Busted Crown","Pandora\u0027s Box"],"picked":"Sozu"}],"items_purged_floors":[41],"is_endless":false,"potions_floor_spawned":[1,3,11,14,18,22,24,33,35,38,40,44,46,54],"ascension_level":8}}