{"host":"mai03x2ekbjy4059","time":1610699060,"event":{"mods":["2.2 Compatiblity","BaseMod","DeckTracker","Highlight Path","Keyboard Shortcuts","Minty Spire (QoL Compilation)","Permanent Neow","Quick Restart","SuperFastMode","everything is the same but u backflip on backflip"],"gold_per_floor":[112,187,187,208,208,239,262,277,277,318,337,381,381,396,396,526,526,539,188,188,188,188,229,242,286,286,299,343,243,243,258,258,383,383,398,235,335,350,373,412,412,446,446,490,504,544,21,41,41,41,41,41,41,74,74],"floor_reached":56,"language":"KOR","playtime":1970,"items_purged":["Concentrate","Prepared","Bane"],"score":1659,"play_id":"b94c81d0-d309-4631-a724-8ec3a370e8f4","local_time":"20210115172420","is_ascension_mode":true,"campfire_choices":[{"data":"Accuracy","floor":13.0,"key":"SMITH"},{"data":"Blade Dance","floor":15.0,"key":"SMITH"},{"data":"Blade Dance","floor":30.0,"key":"SMITH"},{"data":"Blade Dance","floor":32.0,"key":"SMITH"},{"data":"Neutralize","floor":41.0,"key":"SMITH"},{"floor":49.0,"key":"RECALL"},{"data":"Bullet Time","floor":52.0,"key":"SMITH"}],"circlet_count":0,"master_deck":["Survivor","Neutralize+1","Blade Dance+1","Infinite Blades","Blade Dance+1","Accuracy+1","A Thousand Cuts+1","After Image+1","Acrobatics","Leg Sweep","Crippling Poison","Blur","Bullet Time+1","Calculated Gamble","Blade Dance+1","Accuracy+1","Finesse","Backflip","Escape Plan","Cloak And Dagger+1","Footwork+1","Cloak And Dagger+1","After Image+1","Shame","Panache+1","Footwork+1"],"relics":["Ring of the Snake","Golden Idol","Eternal Feather","Frozen Egg 2","Blue Candle","Anchor","Pandora\u0027s Box","Oddly Smooth Stone","Juzu Bracelet","Centennial Puzzle","Toy Ornithopter","Letter Opener","White Beast Statue","Cursed Key","Orichalcum","Calipers","Turnip","Sundial","Paper Crane","Shuriken"],"acts_visited":["Exordium","TheCity","TheBeyond","TheEnding"],"potions_floor_usage":[55,55,55],"damage_taken":[{"damage":0.0,"enemies":"Jaw Worm","floor":1.0,"turns":4.0},{"damage":0.0,"enemies":"Small Slimes","floor":4.0,"turns":4.0},{"damage":20.0,"enemies":"3 Sentries","floor":6.0,"turns":9.0},{"damage":0.0,"enemies":"2 Louse","floor":7.0,"turns":2.0},{"damage":12.0,"enemies":"Exordium Wildlife","floor":8.0,"turns":7.0},{"damage":3.0,"enemies":"Gremlin Nob","floor":10.0,"turns":3.0},{"damage":8.0,"enemies":"Lots of Slimes","floor":11.0,"turns":3.0},{"damage":9.0,"enemies":"3 Sentries","floor":12.0,"turns":5.0},{"damage":0.0,"enemies":"3 Louse","floor":14.0,"turns":3.0},{"damage":14.0,"enemies":"The Guardian","floor":16.0,"turns":11.0},{"damage":2.0,"enemies":"3 Byrds","floor":18.0,"turns":2.0},{"damage":14.0,"enemies":"Slavers","floor":23.0,"turns":4.0},{"damage":0.0,"enemies":"2 Thieves","floor":24.0,"turns":2.0},{"damage":0.0,"enemies":"Book of Stabbing","floor":25.0,"turns":4.0},{"damage":0.0,"enemies":"Shelled Parasite and Fungi","floor":27.0,"turns":2.0},{"damage":0.0,"enemies":"Gremlin Leader","floor":28.0,"turns":3.0},{"damage":0.0,"enemies":"Snake Plant","floor":31.0,"turns":3.0},{"damage":1.0,"enemies":"Champ","floor":33.0,"turns":6.0},{"damage":0.0,"enemies":"3 Darklings","floor":35.0,"turns":4.0},{"damage":0.0,"enemies":"Orb Walker","floor":38.0,"turns":2.0},{"damage":5.0,"enemies":"Writhing Mass","floor":39.0,"turns":4.0},{"damage":0.0,"enemies":"Nemesis","floor":40.0,"turns":5.0},{"damage":4.0,"enemies":"Reptomancer","floor":42.0,"turns":4.0},{"damage":1.0,"enemies":"Nemesis","floor":44.0,"turns":3.0},{"damage":0.0,"enemies":"Transient","floor":45.0,"turns":5.0},{"damage":0.0,"enemies":"Reptomancer","floor":46.0,"turns":4.0},{"damage":5.0,"enemies":"4 Shapes","floor":48.0,"turns":3.0},{"damage":0.0,"enemies":"Donu and Deca","floor":50.0,"turns":6.0},{"damage":0.0,"enemies":"Shield and Spear","floor":54.0,"turns":7.0},{"damage":1,"enemies":"The Heart","floor":55,"turns":8}],"seed_played":"-7264201185477161414","potions_obtained":[{"floor":6.0,"key":"FairyPotion"},{"floor":8.0,"key":"FearPotion"},{"floor":10.0,"key":"DistilledChaos"},{"floor":14.0,"key":"SpeedPotion"},{"floor":23.0,"key":"Strength Potion"},{"floor":25.0,"key":"Swift Potion"},{"floor":28.0,"key":"Poison Potion"},{"floor":31.0,"key":"DistilledChaos"},{"floor":33.0,"key":"ColorlessPotion"},{"floor":35.0,"key":"Energy Potion"},{"floor":38.0,"key":"Strength Potion"},{"floor":44.0,"key":"PowerPotion"},{"floor":54.0,"key":"Strength Potion"}],"is_trial":false,"path_per_floor":["M","?","?","M","?","E","M","M","T","E","M","E","R","M","R","B",null,"M","$","?","?","?","E","M","E","T","M","E","$","R","M","R","B",null,"M","$","?","M","M","E","R","E","T","E","M","E","$","M","R","B",null,"R","$","E","B",null],"character_chosen":"THE_SILENT","items_purchased":["Accuracy+1","Finesse","Oddly Smooth Stone","Footwork+1","Panache+1","Paper Crane","Footwork+1"],"campfire_rested":0,"item_purchase_floors":[19,19,19,36,47,47,47],"current_hp_per_floor":[70,59,59,59,59,39,39,27,27,24,16,7,16,16,25,11,65,63,63,63,63,63,49,49,49,49,49,54,54,63,63,65,64,65,65,65,65,65,60,60,65,61,61,60,60,60,60,55,65,65,65,65,65,65,64],"gold":74,"neow_bonus":"THREE_CARDS","is_daily":false,"chose_seed":false,"campfire_upgraded":6,"win_rate":0.0,"timestamp":1610699060,"path_taken":["M","?","?","M","?","E","?","M","T","E","M","E","R","?","R","BOSS","M","$","?","?","?","E","M","E","T","M","E","$","R","M","R","BOSS","M","$","?","M","M","E","R","E","T","E","M","E","?","M","R","BOSS","R","$","E","BOSS"],"items_purchased_type":["Card","Card","Relic","Card","Card","Relic","Card"],"build_version":"2020-12-22","purchased_purges":3,"victory":true,"max_hp_per_floor":[70,70,65,65,65,65,65,65,65,65,65,65,65,65,65,65,65,65,65,65,65,65,65,65,65,65,65,65,65,65,65,65,65,65,65,65,65,65,65,65,65,65,65,65,65,65,65,65,65,65,65,65,65,65,65],"card_choices":[{"not_picked":["Underhanded Strike","Catalyst"],"picked":"Blade Dance","floor":0.0},{"not_picked":["Deadly Poison","Dodge and Roll"],"picked":"Infinite Blades","floor":1.0},{"not_picked":["Deadly Poison","Slice","Dodge and Roll"],"picked":"SKIP","floor":4.0},{"not_picked":["Deflect","Burst"],"picked":"Blade Dance","floor":6.0},{"not_picked":["Prepared","Blade Dance","Calculated Gamble"],"picked":"SKIP","floor":7.0},{"not_picked":["Deadly Poison","Dagger Spray"],"picked":"Accuracy","floor":8.0},{"not_picked":["Quick Slash","Bane","Malaise"],"picked":"SKIP","floor":10.0},{"not_picked":["Outmaneuver","Dodge and Roll","Prepared"],"picked":"SKIP","floor":11.0},{"not_picked":["Slice","Outmaneuver"],"picked":"A Thousand Cuts+1","floor":12.0},{"not_picked":["Outmaneuver","Heel Hook","Acrobatics"],"picked":"SKIP","floor":14.0},{"not_picked":["Envenom+1","Phantasmal Killer"],"picked":"After Image+1","floor":16.0},{"not_picked":["Outmaneuver","PiercingWail"],"picked":"Blade Dance","floor":18.0},{"not_picked":["Distraction","Predator+1"],"picked":"Backflip","floor":23.0},{"not_picked":["Deadly Poison","Predator+1","Poisoned Stab"],"picked":"SKIP","floor":24.0},{"not_picked":["PiercingWail","Poisoned Stab","Sucker Punch"],"picked":"SKIP","floor":25.0},{"not_picked":["Flying Knee","Setup+1","Dagger Spray+1"],"picked":"SKIP","floor":27.0},{"not_picked":["Acrobatics","Heel Hook","Caltrops+1"],"picked":"SKIP","floor":28.0},{"not_picked":["Blur","Backflip"],"picked":"Escape Plan","floor":31.0},{"not_picked":["Dash","Bane+1"],"picked":"Cloak And Dagger+1","floor":35.0},{"not_picked":["Blade Dance+1","Flechettes","Deadly Poison"],"picked":"SKIP","floor":38.0},{"not_picked":["Bane","All Out Attack"],"picked":"Cloak And Dagger+1","floor":39.0},{"not_picked":["Acrobatics+1","Outmaneuver+1","Calculated Gamble"],"picked":"SKIP","floor":40.0},{"not_picked":["Doppelganger","Quick Slash+1"],"picked":"After Image+1","floor":42.0},{"not_picked":["Concentrate","Dodge and Roll+1","Blade Dance"],"picked":"SKIP","floor":44.0},{"not_picked":["Deadly Poison+1","Quick Slash","Dagger Throw"],"picked":"SKIP","floor":45.0},{"not_picked":["Dagger Spray","Sucker Punch+1","Underhanded Strike"],"picked":"SKIP","floor":46.0},{"not_picked":["Outmaneuver+1","Deadly Poison+1","Dagger Throw+1"],"picked":"SKIP","floor":48.0},{"not_picked":["Predator","Slice","PiercingWail"],"picked":"SKIP","floor":54.0}],"player_experience":1024326,"relics_obtained":[{"floor":6.0,"key":"Eternal Feather"},{"floor":9.0,"key":"Frozen Egg 2"},{"floor":10.0,"key":"Blue Candle"},{"floor":12.0,"key":"Anchor"},{"floor":23.0,"key":"Centennial Puzzle"},{"floor":25.0,"key":"Toy Ornithopter"},{"floor":26.0,"key":"Letter Opener"},{"floor":28.0,"key":"White Beast Statue"},{"floor":40.0,"key":"Orichalcum"},{"floor":42.0,"key":"Calipers"},{"floor":44.0,"key":"Turnip"},{"floor":46.0,"key":"Sundial"},{"floor":54.0,"key":"Shuriken"}],"event_choices":[{"damage_healed":0.0,"max_hp_gain":0.0,"max_hp_loss":0.0,"gold_gain":75.0,"event_name":"World of Goop","player_choice":"Gather Gold","floor":2.0,"gold_loss":0.0,"damage_taken":11.0},{"damage_healed":0.0,"max_hp_gain":0.0,"max_hp_loss":5.0,"gold_gain":0.0,"event_name":"Golden Idol","player_choice":"Lose Max HP","floor":3.0,"gold_loss":0.0,"damage_taken":0.0,"relics_obtained":["Golden Idol"]},{"damage_healed":0.0,"max_hp_gain":0.0,"max_hp_loss":0.0,"gold_gain":0.0,"event_name":"Liars Game","player_choice":"Ignored","floor":5.0,"gold_loss":0.0,"damage_taken":0.0},{"cards_removed":["Grand Finale"],"damage_healed":0.0,"max_hp_gain":0.0,"max_hp_loss":0.0,"gold_gain":0.0,"event_name":"Back to Basics","player_choice":"Elegance","floor":20.0,"gold_loss":0.0,"damage_taken":0.0},{"damage_healed":0.0,"max_hp_gain":0.0,"max_hp_loss":0.0,"gold_gain":0.0,"event_name":"Ghosts","player_choice":"Ignored","floor":21.0,"gold_loss":0.0,"damage_taken":0.0},{"damage_healed":0.0,"max_hp_gain":0.0,"max_hp_loss":0.0,"gold_gain":0.0,"event_name":"The Mausoleum","player_choice":"Opened","floor":22.0,"gold_loss":0.0,"damage_taken":0.0,"relics_obtained":["Juzu Bracelet"]},{"damage_healed":0.0,"max_hp_gain":0.0,"max_hp_loss":0.0,"gold_gain":100.0,"event_name":"Golden Shrine","player_choice":"Pray","floor":37.0,"gold_loss":0.0,"damage_taken":0.0}],"is_beta":false,"boss_relics":[{"not_picked":["Ectoplasm","HoveringKite"],"picked":"Pandora\u0027s Box"},{"not_picked":["Snecko Eye","Calling Bell"],"picked":"Cursed Key"}],"items_purged_floors":[19,29,36],"is_endless":false,"potions_floor_spawned":[6,8,10,14,23,25,28,31,33,35,38,39,40,42,44,45,46,48,54],"ascension_level":1}}