{"host":"wshh0nphwn6jv7vj","time":1610668935,"event":{"mods":["BaseMod","Bestiary","Minty Spire (QoL Compilation)","Relic Stats"],"gold_per_floor":[112,56,68,68,68,111,36,75,75,75,75,75,95,95,95,193,193,217,217,231,256,256,256],"floor_reached":22,"language":"ENG","playtime":1445,"items_purged":["Strike_B"],"score":401,"play_id":"f68cca45-3cd7-4c01-a76d-b8c3bcf3630d","local_time":"20210114190215","is_ascension_mode":true,"campfire_choices":[{"floor":10,"key":"REST"},{"data":"Strike_B","floor":12,"key":"PURGE"},{"floor":15,"key":"REST"}],"circlet_count":0,"master_deck":["AscendersBane","Strike_B","Strike_B","Defend_B","Defend_B","Defend_B","Defend_B","Zap","Dualcast","Defragment","Compile Driver","Defragment","Turbo","Ball Lightning","Electrodynamics","Compile Driver","Cold Snap","BootSequence"],"relics":["Cracked Core","NeowsBlessing","Golden Idol","Peace Pipe","Oddly Smooth Stone","Pantograph","Inserter","Strawberry"],"acts_visited":["Exordium","TheCity"],"potions_floor_usage":[21,22,22],"damage_taken":[{"damage":0,"enemies":"2 Louse","floor":1,"turns":1},{"damage":0,"enemies":"Jaw Worm","floor":3,"turns":1},{"damage":0,"enemies":"Gremlin Nob","floor":6,"turns":1},{"damage":60,"enemies":"3 Sentries","floor":8,"turns":10},{"damage":6,"enemies":"Small Slimes","floor":13,"turns":3},{"damage":26,"enemies":"Slime Boss","floor":16,"turns":9},{"damage":14,"enemies":"Spheric Guardian","floor":18,"turns":4},{"damage":33,"enemies":"2 Thieves","floor":20,"turns":3},{"damage":12,"enemies":"Centurion and Healer","floor":21,"turns":9},{"damage":19,"enemies":"Chosen and Byrds","floor":22,"turns":3}],"seed_played":"4690140329250731690","potions_obtained":[{"floor":3,"key":"Weak Potion"},{"floor":14,"key":"LiquidBronze"},{"floor":21,"key":"ColorlessPotion"}],"is_trial":false,"path_per_floor":["M","$","M","?","?","E","$","E","T","R","T","R","M","?","R","B",null,"M","T","M","M","M"],"character_chosen":"DEFECT","items_purchased":["Compile Driver"],"campfire_rested":2,"item_purchase_floors":[2],"current_hp_per_floor":[64,64,64,64,64,64,64,4,4,23,23,23,17,17,36,35,57,43,50,17,5,0,0],"gold":256,"neow_bonus":"THREE_ENEMY_KILL","is_daily":false,"chose_seed":false,"campfire_upgraded":0,"win_rate":0.0,"timestamp":1610668935,"path_taken":["M","$","M","?","?","E","?","E","T","R","?","R","M","?","R","BOSS","M","?","?","M","M"],"items_purchased_type":["Card"],"build_version":"2020-12-22","purchased_purges":1,"victory":false,"max_hp_per_floor":[71,71,71,64,64,64,64,64,64,64,64,64,64,64,64,64,64,64,71,71,71,71,71],"relic_stats":{"Peace Pipe":1,"Inserter":[9],"counters":[10,44],"Golden Idol":54,"Pantograph":25,"obtain_stats":[{"Peace Pipe":6,"Inserter":17,"NeowsBlessing":0,"Golden Idol":4,"Pantograph":9,"Strawberry":19,"Oddly Smooth Stone":8,"Cracked Core":0},{"Peace Pipe":3,"Inserter":6,"NeowsBlessing":0,"Golden Idol":2,"Pantograph":4,"Strawberry":7,"Oddly Smooth Stone":4,"Cracked Core":0},{"Peace Pipe":3,"Inserter":25,"NeowsBlessing":0,"Golden Idol":2,"Pantograph":13,"Strawberry":29,"Oddly Smooth Stone":13,"Cracked Core":0}]},"card_choices":[{"not_picked":["Coolheaded","Ball Lightning"],"picked":"Defragment","floor":1},{"not_picked":["Compile Driver","Redo"],"picked":"Defragment","floor":3},{"not_picked":["Gash","Chaos"],"picked":"Turbo","floor":6},{"not_picked":["Gash","Rip and Tear","Streamline"],"picked":"SKIP","floor":8},{"not_picked":["Conserve Battery","Reboot"],"picked":"Ball Lightning","floor":13},{"not_picked":["Multi-Cast","All For One"],"picked":"Electrodynamics","floor":16},{"not_picked":["Heatsinks","Conserve Battery"],"picked":"Compile Driver","floor":18},{"not_picked":["Darkness","Aggregate"],"picked":"Cold Snap","floor":20},{"not_picked":["Streamline","Conserve Battery"],"picked":"BootSequence","floor":21}],"player_experience":1574625,"relics_obtained":[{"floor":6,"key":"Peace Pipe"},{"floor":8,"key":"Oddly Smooth Stone"},{"floor":9,"key":"Pantograph"},{"floor":19,"key":"Strawberry"}],"event_choices":[{"damage_healed":0,"gold_gain":0,"player_choice":"Lose Max HP","damage_taken":0,"relics_obtained":["Golden Idol"],"max_hp_gain":0,"max_hp_loss":7,"event_name":"Golden Idol","floor":4,"gold_loss":0},{"damage_healed":0,"gold_gain":0,"player_choice":"Leave","damage_taken":0,"max_hp_gain":0,"max_hp_loss":0,"event_name":"The Cleric","floor":5,"gold_loss":0},{"damage_healed":0,"gold_gain":0,"player_choice":"Got Potions","damage_taken":0,"max_hp_gain":0,"max_hp_loss":0,"event_name":"Lab","floor":14,"gold_loss":0}],"is_beta":false,"boss_relics":[{"not_picked":["Black Star","Cursed Key"],"picked":"Inserter"}],"items_purged_floors":[7],"is_endless":false,"potions_floor_spawned":[3,16,21],"killed_by":"Chosen and Byrds","ascension_level":17}}