{"host":"vje6bedaj0fhalec","time":1610692856,"event":{"mods":["Act Like it!","BaseMod","Minty Spire (QoL Compilation)","Quick Restart","StSLib"],"gold_per_floor":[118,118,293,117,138,173,173,192,192,205,205,21,45,66,66,187,187,208,108,108,122,122,122,155,30,30,30,30],"floor_reached":27,"language":"ZHS","playtime":794,"items_purged":["Doubt","Strike_G","Strike_G"],"score":294,"play_id":"0429b042-224e-4b65-85ff-19c3a5f8a0e5","local_time":"20210115144056","is_ascension_mode":true,"campfire_choices":[{"data":"Apotheosis","floor":15.0,"key":"SMITH"},{"data":"Wraith Form v2","floor":23.0,"key":"SMITH"}],"circlet_count":0,"master_deck":["Strike_G","Strike_G","Defend_G","Defend_G","Defend_G","Defend_G","Defend_G","Survivor","Neutralize","Noxious Fumes","Blade Dance","Acrobatics","Crippling Poison","Acrobatics","Wraith Form v2+1","Poisoned Stab","Deadly Poison","Apotheosis+1","Reflex","Outmaneuver","After Image","Leg Sweep+1","Deadly Poison"],"relics":["Ring of the Snake","NeowsBlessing","Bloody Idol","StoneCalendar","Molten Egg 2","Mercury Hourglass","SlaversCollar","Unceasing Top","TungstenRod","Mummified Hand"],"acts_visited":["Exordium","TheCity"],"potions_floor_usage":[],"damage_taken":[{"damage":0.0,"enemies":"2 Louse","floor":1.0,"turns":1.0},{"damage":0.0,"enemies":"Small Slimes","floor":5.0,"turns":1.0},{"damage":0.0,"enemies":"Gremlin Nob","floor":6.0,"turns":1.0},{"damage":0.0,"enemies":"Jaw Worm","floor":8.0,"turns":3.0},{"damage":9.0,"enemies":"3 Louse","floor":10.0,"turns":3.0},{"damage":20.0,"enemies":"Exordium Thugs","floor":13.0,"turns":4.0},{"damage":6.0,"enemies":"Lots of Slimes","floor":14.0,"turns":3.0},{"damage":19.0,"enemies":"The Guardian","floor":16.0,"turns":7.0},{"damage":13.0,"enemies":"2 Thieves","floor":18.0,"turns":4.0},{"damage":2.0,"enemies":"Chosen","floor":21.0,"turns":6.0},{"damage":21,"enemies":"Book of Stabbing","floor":24,"turns":5},{"damage":0,"enemies":"Shelled Parasite and Fungi","floor":27,"turns":1}],"seed_played":"2510209065623591644","potions_obtained":[{"floor":8.0,"key":"FairyPotion"},{"floor":10.0,"key":"Energy Potion"},{"floor":14.0,"key":"Ancient Potion"},{"floor":24,"key":"EssenceOfSteel"}],"is_trial":false,"path_per_floor":["M","?","?","$","M","E","?","M","T","M","?","$","M","M","R","B",null,"M","$","T","M","?","R","E","$","T","M"],"character_chosen":"THE_SILENT","items_purchased":["Blade Dance","Acrobatics","Apotheosis"],"campfire_rested":0,"item_purchase_floors":[4,4,12],"current_hp_per_floor":[70,65,65,65,65,65,65,65,65,56,56,56,36,30,30,11,65,52,52,52,50,50,50,34,34,34,34,34],"gold":30,"neow_bonus":"THREE_ENEMY_KILL","is_daily":false,"chose_seed":false,"campfire_upgraded":2,"win_rate":0.0,"timestamp":1610692856,"path_taken":["M","?","?","?","M","E","?","M","T","?","?","$","M","M","R","BOSS","M","$","?","M","?","R","E","$","T","M"],"items_purchased_type":["Card","Card","Card"],"build_version":"2020-12-22","purchased_purges":3,"victory":false,"max_hp_per_floor":[70,65,65,65,65,65,65,65,65,65,65,65,65,65,65,65,65,65,65,65,65,65,65,65,65,65,65,65],"card_choices":[{"not_picked":["PiercingWail","Deflect"],"picked":"Noxious Fumes","floor":1.0},{"not_picked":["Endless Agony","Finisher"],"picked":"Crippling Poison","floor":5.0},{"not_picked":["Flechettes","Flying Knee"],"picked":"Acrobatics","floor":6.0},{"not_picked":["Leg Sweep","Cloak And Dagger"],"picked":"Poisoned Stab","floor":8.0},{"not_picked":["Choke+1","Eviscerate+1"],"picked":"Deadly Poison","floor":10.0},{"not_picked":["Leg Sweep","Backflip"],"picked":"Reflex","floor":13.0},{"not_picked":["Quick Slash+1","Dagger Throw+1"],"picked":"Outmaneuver","floor":14.0},{"not_picked":["Glass Knife+1","Unload+1"],"picked":"After Image","floor":16.0},{"not_picked":["Cloak And Dagger+1","Prepared+1"],"picked":"Leg Sweep+1","floor":18.0},{"not_picked":["Infinite Blades+1","Dodge and Roll"],"picked":"Deadly Poison","floor":21.0},{"not_picked":["Caltrops","Flying Knee+1","Leg Sweep"],"picked":"SKIP","floor":24}],"player_experience":95976,"relics_obtained":[{"floor":6.0,"key":"StoneCalendar"},{"floor":9.0,"key":"Molten Egg 2"},{"floor":11.0,"key":"Mercury Hourglass"},{"floor":20.0,"key":"Unceasing Top"},{"floor":24,"key":"TungstenRod"},{"floor":26,"key":"Mummified Hand"}],"event_choices":[{"damage_healed":0.0,"max_hp_gain":0.0,"max_hp_loss":5.0,"gold_gain":0.0,"event_name":"Golden Idol","player_choice":"Lose Max HP","floor":2.0,"gold_loss":0.0,"damage_taken":0.0,"relics_obtained":["Golden Idol"]},{"damage_healed":0.0,"max_hp_gain":0.0,"max_hp_loss":0.0,"gold_gain":175.0,"event_name":"Liars Game","player_choice":"AGREE","floor":3.0,"gold_loss":0.0,"damage_taken":0.0,"cards_obtained":["Doubt"]},{"damage_healed":0.0,"max_hp_gain":0.0,"max_hp_loss":0.0,"gold_gain":0.0,"cards_transformed":["Strike_G"],"event_name":"Living Wall","player_choice":"Change","floor":7.0,"gold_loss":0.0,"damage_taken":0.0,"cards_obtained":["Wraith Form v2"]},{"damage_healed":0.0,"max_hp_gain":0.0,"max_hp_loss":0.0,"gold_gain":0.0,"event_name":"Wheel of Change","player_choice":"Relic","floor":11.0,"gold_loss":0.0,"damage_taken":0.0},{"damage_healed":0.0,"max_hp_gain":0.0,"max_hp_loss":0.0,"gold_gain":0.0,"event_name":"Forgotten Altar","player_choice":"Gave Idol","floor":22.0,"relics_lost":["Golden Idol"],"gold_loss":0.0,"damage_taken":0.0,"relics_obtained":["Bloody Idol"]}],"is_beta":false,"boss_relics":[{"not_picked":["Velvet Choker","WristBlade"],"picked":"SlaversCollar"}],"items_purged_floors":[4,19,25],"is_endless":false,"potions_floor_spawned":[8,10,14,24],"killed_by":"Shelled Parasite and Fungi","ascension_level":3}}