{"host":"khkox7sggahain0a","time":1610675223,"event":{"mods":["Act Like it!","Arknights The Spire","BaseMod","Downfall","Gensokyo","Lobotomy","LobotomyExtend","Marisa£®ÏF”Í°°ƒß¿Ì…≥£©","Minty Spire (QoL Compilation)","Quick Restart","StSLib","The Animator","Waifu the Spire"],"gold_per_floor":[117,130,130,141,141,141,152,152,152],"floor_reached":8,"language":"ZHS","playtime":254,"items_purged":[],"score":50,"play_id":"c8bc93e2-d7b8-44d8-8d05-85bea1938137","local_time":"20210115094703","is_ascension_mode":true,"campfire_choices":[{"data":"ats:Emotion Absorption","floor":6,"key":"SMITH"}],"circlet_count":0,"master_deck":["ats:Strike C","ats:Strike G","ats:Strike S","ats:Strike V","ats:Armor Crushing Shot","ats:Defend","ats:Defend","ats:Defend","ats:Defend","ats:Emotion Absorption+1","BigBird","ats:Revitalization","PunishingBird","ats:Shell Defense","ats:Collapsing Strike"],"relics":["ats:Sanity","CogitoBucket","LetterFromLob","Toy Ornithopter"],"acts_visited":["Exordium"],"potions_floor_usage":[],"damage_taken":[{"damage":6,"enemies":"Jaw Worm","floor":1,"turns":4},{"damage":6,"enemies":"Cultist","floor":2,"turns":4},{"damage":7,"enemies":"2 Louse","floor":4,"turns":4},{"damage":3,"enemies":"Exordium Wildlife","floor":7,"turns":4},{"damage":0,"enemies":"3 Sentries","floor":8,"turns":1}],"seed_played":"-7741138004255079314","potions_obtained":[{"floor":1,"key":"Explosive Potion"},{"floor":7,"key":"GamblersBrew"}],"is_trial":false,"path_per_floor":["M","M","?","M","?","R","M","E"],"character_chosen":"DOCTOR_CLASS","items_purchased":[],"campfire_rested":0,"item_purchase_floors":[],"current_hp_per_floor":[66,63,63,61,43,43,43,43,43],"gold":152,"neow_bonus":"","is_daily":false,"chose_seed":false,"campfire_upgraded":1,"win_rate":0.0,"timestamp":1610675223,"path_taken":["M","M","?","?","?","R","M","E"],"items_purchased_type":[],"build_version":"2020-12-22","purchased_purges":0,"victory":false,"max_hp_per_floor":[72,72,72,72,72,72,72,72,72],"card_choices":[{"not_picked":["CherryBlossoms","VoidDream","Woodsman"],"picked":"Singing Bowl","floor":1},{"not_picked":["OldLady","UniverseFragment"],"picked":"BigBird","floor":1},{"not_picked":["ats:Hook Shot","ats:Blood Oath"],"picked":"ats:Revitalization","floor":1},{"not_picked":["CherryBlossoms","UniverseFragment"],"picked":"PunishingBird","floor":2},{"not_picked":["ats:Consecutive Shot Auto","ats:Leaping Hammer"],"picked":"ats:Shell Defense","floor":2},{"not_picked":["Rudolta","OSAHOGD","LongBird"],"picked":"Singing Bowl","floor":4},{"not_picked":["ats:Curse Doll","ats:Flexible Camouflage"],"picked":"ats:Collapsing Strike","floor":4},{"not_picked":["UniverseFragment","Bloodbath","WallGazer"],"picked":"Singing Bowl","floor":7},{"not_picked":["ats:Poison Spread","ats:Spore Proliferation","ats:Curse Doll"],"picked":"SKIP","floor":7}],"player_experience":312433,"relics_obtained":[{"floor":1,"key":"LetterFromLob"}],"event_choices":[{"damage_healed":0,"gold_gain":0,"player_choice":"Bought 0 Potions","damage_taken":0,"max_hp_gain":0,"max_hp_loss":0,"event_name":"The Woman in Blue","floor":3,"gold_loss":0},{"damage_healed":0,"gold_gain":0,"player_choice":"Success","damage_taken":18,"relics_obtained":["Toy Ornithopter"],"max_hp_gain":0,"max_hp_loss":0,"event_name":"Scrap Ooze","floor":5,"gold_loss":0}],"is_beta":false,"boss_relics":[],"items_purged_floors":[],"is_endless":false,"potions_floor_spawned":[1,7],"killed_by":"3 Sentries","ascension_level":1}}