{"host":"moon9xuhyn08cqjw","time":1610745378,"event":{"mods":["2.2 Compatiblity","AchievementEnabler","BaseMod","Better Third Choice","Downfall","GungeonMod","Hubris","Infinite Spire","Jedi Mod","Lobotomy","LobotomyExtend","Marisa????????","Minty Spire (QoL Compilation)","Robot Space Explorer","StSLib","Td1madao Mod","The Blackbeard","The Forsaken","The Hierophant","The Necromancer","The Runesmith","The Saiyan","The Senshi","TheBandit","Transform Curses","[IsaacMod]????"],"gold_per_floor":[97,97,107,120,1,1,15,15,38,50,15,32,48,66,66,169,169,188,200,219,233,233,233,10,28,28,28,53,53,53,64,64,169,169,183,194,149,149,166,166,185,185,185,109,109,122,132,132,132,132,132],"floor_reached":50,"language":"RUS","playtime":2874,"items_purged":[],"score":560,"play_id":"6f381d01-63a5-4547-9e57-29f4d4ecaca8","local_time":"20210116051618","is_ascension_mode":false,"campfire_choices":[{"data":"Saiyan:EnergyBlast","floor":6,"key":"SMITH"},{"floor":8,"key":"REST"},{"floor":15,"key":"REST"},{"floor":23,"key":"REST"},{"data":"Saiyan:SuperSaiyanThree","floor":30,"key":"SMITH"},{"floor":32,"key":"REST"},{"floor":40,"key":"REST"},{"floor":45,"key":"REST"},{"floor":49,"key":"REST"}],"circlet_count":0,"master_deck":["Saiyan:SAIYA_Strike","Saiyan:SAIYA_Strike","Saiyan:SAIYA_Strike","Saiyan:SAIYA_Strike","Saiyan:SAIYA_Defend","Saiyan:SAIYA_Defend","Saiyan:SAIYA_Defend","Saiyan:SAIYA_Defend","Saiyan:EnergyBlast+1","Saiyan:KaioKen","Saiyan:RuthlessBlow","BloodyBrimstone","Saiyan:DrainingStrike","Saiyan:Flurry","Saiyan:RemoveWeights","Saiyan:MajinSeal","Saiyan:SaiyanHubris","Saiyan:WarmUp","Saiyan:ExpandingShockwave","Saiyan:BigBangAttack","Saiyan:ExpandingShockwave","Saiyan:Kienzan","Saiyan:SuperSaiyanThree+1","Saiyan:SuperSaiyanThree","Saiyan:KiExplosion+1","Saiyan:FinalFlash+1","Saiyan:SuperSaiyanForm+1","Saiyan:SoulSpice+1","RitualDagger","Saiyan:RemoveWeights","Saiyan:KameHameHa","Saiyan:MeteorDash+1","Saiyan:TransfigurationBeam","Saiyan:SuperSaiyanForm","Saiyan:SenzuBean","Saiyan:Furor","Saiyan:ReverberatingForce","Saiyan:PowerUp","Saiyan:ExtremeSpeed+1","Saiyan:Medicine","Saiyan:DragonRadar","Saiyan:FingerParry+1","Saiyan:PowerUp"],"relics":["SaiyanSoul","SaiyanHeart","HushsDoor","DoctorsRemote","LetterFromLob","hubris:Towel","DemoMod:MonsterBlood","Velvet Choker","infinitespire:Lucky Rock","Mango","BlankCard","hubris:Icosahedron","hubris:ScarierMask","theSenshi:SailorFukuRelic","Smiling Mask","RedMistMask","jedi:HeartOfTheCards"],"acts_visited":["Exordium","TheCity","TheBeyond"],"potions_floor_usage":[16,16,19,28,33,36,39,41,41,50],"damage_taken":[{"damage":3,"enemies":"Jaw Worm","floor":1,"turns":4},{"damage":0,"enemies":"Small Slimes","floor":3,"turns":2},{"damage":0,"enemies":"Cultist","floor":4,"turns":3},{"damage":10,"enemies":"2 Fungi Beasts","floor":7,"turns":3},{"damage":21,"enemies":"Red Slaver","floor":10,"turns":5},{"damage":12,"enemies":"Blue Slaver","floor":12,"turns":4},{"damage":12,"enemies":"Exordium Thugs","floor":13,"turns":4},{"damage":6,"enemies":"2 Fungi Beasts","floor":14,"turns":3},{"damage":36,"enemies":"Hexaghost","floor":16,"turns":7},{"damage":0,"enemies":"3 Byrds","floor":18,"turns":1},{"damage":32,"enemies":"Chosen","floor":19,"turns":5},{"damage":11,"enemies":"3 Cultists","floor":20,"turns":3},{"damage":3,"enemies":"Chosen and Byrds","floor":21,"turns":6},{"damage":0,"enemies":"Cultist and Chosen","floor":25,"turns":4},{"damage":3,"enemies":"Slavers","floor":28,"turns":4},{"damage":0,"enemies":"Sentry and Sphere","floor":31,"turns":1},{"damage":34,"enemies":"hubris:MusketHawk","floor":33,"turns":7},{"damage":56,"enemies":"3 Shapes","floor":35,"turns":7},{"damage":0,"enemies":"3 Darklings","floor":36,"turns":5},{"damage":0,"enemies":"Jaw Worm Horde","floor":39,"turns":4},{"damage":42,"enemies":"Writhing Mass","floor":41,"turns":6},{"damage":29,"enemies":"Spire Growth","floor":46,"turns":8},{"damage":0,"enemies":"Sphere and 2 Shapes","floor":47,"turns":3},{"damage":60,"enemies":"infinitespire:MassOfShapes","floor":50,"turns":9}],"seed_played":"-8755261555220120785","potions_obtained":[{"floor":0,"key":"CultistPotion"},{"floor":0,"key":"jedi:hoardpotion"},{"floor":3,"key":"FearPotion"},{"floor":18,"key":"sneckomod:MuddlingPotion"},{"floor":21,"key":"Block Potion"},{"floor":31,"key":"DemoMod:LeadSkinPotion"},{"floor":33,"key":"Ancient Potion"},{"floor":39,"key":"Fire Potion"}],"is_trial":false,"path_per_floor":["M","?","M","M","$","R","M","R","T","M","?","M","M","M","R","B",null,"M","M","M","M","?","R","$","M","T","M","E","?","R","M","R","B",null,"M","M","$","?","M","R","M","?","T","$","R","M","M","T","R","B"],"character_chosen":"SAIYAJIN","items_purchased":["Saiyan:SaiyanHubris","Saiyan:WarmUp","Saiyan:RemoveWeights","infinitespire:Lucky Rock","Saiyan:KameHameHa","Saiyan:PowerUp","Saiyan:DragonRadar"],"campfire_rested":7,"item_purchase_floors":[5,5,24,24,24,37,44],"current_hp_per_floor":[57,57,57,57,57,57,48,61,68,49,66,55,44,39,60,25,74,71,42,32,29,23,45,45,48,62,62,60,60,60,60,87,55,92,36,38,38,38,38,66,24,24,24,24,51,25,28,28,55,0,0],"gold":132,"neow_bonus":"THREE_SMALL_POTIONS","is_daily":false,"chose_seed":false,"campfire_upgraded":2,"win_rate":0.0,"timestamp":1610745378,"path_taken":["M","?","M","M","$","R","M","R","T","M","?","M","M","M","R","BOSS","M","M","M","M","?","R","$","M","T","?","E","?","R","M","R","BOSS","M","M","$","?","M","R","M","?","T","$","R","M","?","?","R","BOSS"],"items_purchased_type":["Card","Card","Card","Relic","Card","Card","Card"],"build_version":"2020-12-22","purchased_purges":0,"victory":false,"max_hp_per_floor":[60,60,60,60,60,60,61,61,68,70,70,71,72,73,73,74,74,71,74,75,75,75,75,75,78,92,92,93,93,93,90,90,92,92,92,94,94,94,94,94,91,91,91,91,91,91,92,92,92,90,90],"card_choices":[{"not_picked":[],"picked":"BloodyBrimstone","floor":0},{"not_picked":["Saiyan:PressOn","Saiyan:FinalFlash"],"picked":"Saiyan:DrainingStrike","floor":0},{"not_picked":["Saiyan:RemoveWeights","Saiyan:Reset"],"picked":"Saiyan:Flurry","floor":1},{"not_picked":["Saiyan:Afterimage","Saiyan:PressOn"],"picked":"Saiyan:RemoveWeights","floor":3},{"not_picked":["Bomb","Saiyan:Medicine"],"picked":"Saiyan:MajinSeal","floor":4},{"not_picked":["Saiyan:Planning","Saiyan:Quickening"],"picked":"Saiyan:ExpandingShockwave","floor":7},{"not_picked":["Saiyan:Scouter","Saiyan:Expend"],"picked":"Saiyan:BigBangAttack","floor":10},{"not_picked":["Saiyan:DoubleMasenko","Saiyan:PlotArmor"],"picked":"Saiyan:ExpandingShockwave","floor":12},{"not_picked":["Saiyan:DoubleMasenko","Saiyan:AugmentedBlast"],"picked":"Saiyan:Kienzan","floor":13},{"not_picked":["Saiyan:ReverberatingForce","Saiyan:ExpandingShockwave"],"picked":"Saiyan:SuperSaiyanThree","floor":14},{"not_picked":["Saiyan:HyperTimeChamber","Saiyan:SenzuBean"],"picked":"Saiyan:SuperSaiyanThree","floor":16},{"not_picked":["Saiyan:Flurry+1","Saiyan:Endure"],"picked":"Saiyan:KiExplosion+1","floor":18},{"not_picked":["Saiyan:SaiyanHubris","Saiyan:Endure"],"picked":"Saiyan:FinalFlash+1","floor":19},{"not_picked":["Saiyan:MajinSeal","Saiyan:Quickening"],"picked":"Saiyan:SuperSaiyanForm+1","floor":20},{"not_picked":["Saiyan:ConcussiveBlow","Saiyan:SpiritSword"],"picked":"Saiyan:SoulSpice+1","floor":21},{"not_picked":["Saiyan:SaiyanHubris+1","Saiyan:Expend"],"picked":"Saiyan:MeteorDash+1","floor":25},{"not_picked":["Saiyan:PlotArmor","Saiyan:Rekindle"],"picked":"Saiyan:TransfigurationBeam","floor":28},{"not_picked":["Saiyan:Fly","Saiyan:Endure"],"picked":"Saiyan:SuperSaiyanForm","floor":31},{"not_picked":["Saiyan:SolarFlare","Saiyan:MajinSeal"],"picked":"Saiyan:SenzuBean","floor":33},{"not_picked":["Saiyan:RemoveWeights+1","Saiyan:DragonFist"],"picked":"Saiyan:Furor","floor":35},{"not_picked":["Saiyan:TurtleShell","Saiyan:Quickening+1"],"picked":"Saiyan:ReverberatingForce","floor":36},{"not_picked":["Saiyan:DragonFist","Saiyan:Quickening"],"picked":"Saiyan:ExtremeSpeed+1","floor":39},{"not_picked":["Saiyan:Flurry","Saiyan:Scouter"],"picked":"Saiyan:Medicine","floor":41},{"not_picked":["Saiyan:PowerPole+1","Saiyan:Taunt+1"],"picked":"Saiyan:FingerParry+1","floor":46},{"not_picked":["Saiyan:KiExplosion","Saiyan:RemoveWeights"],"picked":"Saiyan:PowerUp","floor":47}],"player_experience":1178452,"relics_obtained":[{"floor":1,"key":"LetterFromLob"},{"floor":9,"key":"DemoMod:MonsterBlood"},{"floor":26,"key":"Mango"},{"floor":28,"key":"BlankCard"},{"floor":35,"key":"theSenshi:SailorFukuRelic"},{"floor":43,"key":"Smiling Mask"},{"floor":46,"key":"RedMistMask"},{"floor":48,"key":"jedi:HeartOfTheCards"}],"event_choices":[{"damage_healed":17,"gold_gain":0,"player_choice":"Healed","damage_taken":0,"max_hp_gain":0,"max_hp_loss":0,"event_name":"The Cleric","floor":11,"gold_loss":35},{"damage_healed":0,"gold_gain":0,"player_choice":"Dagger","damage_taken":6,"max_hp_gain":0,"max_hp_loss":0,"event_name":"betterThird:BetterNest","floor":22,"gold_loss":0,"cards_obtained":["RitualDagger"]}],"is_beta":false,"boss_relics":[{"not_picked":["ChampionBelt","hubris:RunicObelisk"],"picked":"Velvet Choker"},{"not_picked":[]},{"not_picked":["hubris:GrandSneckoEye","Fusion Hammer"],"picked":"hubris:ScarierMask"},{"not_picked":[]}],"items_purged_floors":[],"is_endless":false,"potions_floor_spawned":[3,7,10,18,21,31,33,36,39],"killed_by":"infinitespire:MassOfShapes","ascension_level":0}}