{"host":"jl3raagrljzztomj","time":1610717583,"event":{"mods":["Aspiration","BaseMod","BetterRewards","Colored Map","Colored Powertips","Custom Start","Hermit","Highlight Path","Minty Spire (QoL Compilation)","Permanent Neow","StSLib","SuperFastMode","The Runesmith"],"gold_per_floor":[115,190,77,94,369,398,398,413,463,142,156,172,172,188,188,188,188],"floor_reached":16,"language":"ENG","playtime":579,"items_purged":["Regret"],"score":127,"play_id":"bb87286c-889c-472d-ab42-490ffb025b32","local_time":"20210115073303","daily_mods":["Specialized"],"is_ascension_mode":false,"campfire_choices":[{"floor":7,"key":"REST"},{"data":"Zap","floor":13,"key":"SMITH"},{"data":"Dualcast","floor":15,"key":"SMITH"}],"circlet_count":0,"master_deck":["Strike_B","Strike_B","Strike_B","Strike_B","Defend_B","Defend_B","Defend_B","Defend_B","Zap+1","Dualcast+1","Chill","Chill","Chill","Chill","Chill","Cold Snap","Chill","Conserve Battery","Meteor Strike","Coolheaded","Meteor Strike"],"relics":["Cracked Core","Pocketwatch","Omamori","Bag of Preparation","Matryoshka"],"acts_visited":["Exordium"],"potions_floor_usage":[16,16,16],"damage_taken":[{"damage":0,"enemies":"2 Louse","floor":1,"turns":3},{"damage":1,"enemies":"Jaw Worm","floor":4,"turns":4},{"damage":24,"enemies":"Gremlin Nob","floor":6,"turns":6},{"damage":1,"enemies":"Cultist","floor":8,"turns":4},{"damage":0,"enemies":"3 Louse","floor":11,"turns":4},{"damage":0,"enemies":"Lots of Slimes","floor":12,"turns":7},{"damage":6,"enemies":"Looter","floor":14,"turns":3},{"damage":57,"enemies":"Hexaghost","floor":16,"turns":16}],"seed_played":"5353531502116013249","potions_obtained":[{"floor":4,"key":"Weak Potion"},{"floor":6,"key":"ColorlessPotion"},{"floor":11,"key":"Weak Potion"}],"is_trial":true,"path_per_floor":["M","?","?","M","?","E","R","M","T","$","M","M","R","M","R","B"],"character_chosen":"DEFECT","items_purchased":["Matryoshka"],"campfire_rested":1,"item_purchase_floors":[10],"current_hp_per_floor":[75,64,64,63,63,39,61,60,60,60,60,60,60,54,54,0,0],"gold":188,"neow_bonus":"","is_daily":false,"chose_seed":false,"campfire_upgraded":2,"win_rate":0.0,"timestamp":1610717583,"path_taken":["M","?","?","?","?","E","R","M","T","$","M","?","R","?","R","BOSS"],"items_purchased_type":["Relic"],"build_version":"2020-12-22","purchased_purges":1,"victory":false,"max_hp_per_floor":[75,75,75,75,75,75,75,75,75,75,75,75,75,75,75,75,75],"card_choices":[{"not_picked":["Coolheaded","Steam"],"picked":"Cold Snap","floor":1},{"not_picked":["Auto Shields","Leap"],"picked":"Chill","floor":4},{"not_picked":["Stack","Rebound"],"picked":"Conserve Battery","floor":6},{"not_picked":["Steam","Sweeping Beam"],"picked":"Meteor Strike","floor":8},{"not_picked":["Redo","FTL"],"picked":"Coolheaded","floor":11},{"not_picked":["Sweeping Beam","Leap","Steam"],"picked":"SKIP","floor":12},{"not_picked":["Gash","Melter"],"picked":"Meteor Strike","floor":14}],"player_experience":943673,"relics_obtained":[{"floor":6,"key":"Omamori"},{"floor":9,"key":"Bag of Preparation"}],"event_choices":[{"damage_healed":0,"gold_gain":75,"player_choice":"Gather Gold","damage_taken":11,"max_hp_gain":0,"max_hp_loss":0,"event_name":"World of Goop","floor":2,"gold_loss":0},{"damage_healed":0,"gold_gain":0,"player_choice":"Paid Gold","damage_taken":0,"relics_obtained":["Pocketwatch"],"max_hp_gain":0,"max_hp_loss":0,"event_name":"WeMeetAgain","floor":3,"gold_loss":113},{"damage_healed":0,"gold_gain":275,"player_choice":"Desecrate","damage_taken":0,"max_hp_gain":0,"max_hp_loss":0,"event_name":"Golden Shrine","floor":5,"gold_loss":0,"cards_obtained":["Regret"]}],"is_beta":false,"boss_relics":[],"items_purged_floors":[10],"is_endless":false,"potions_floor_spawned":[4,6,11],"killed_by":"Hexaghost","ascension_level":0}}