{"host":"rupmf8lnk599ormj","time":1610752019,"event":{"mods":["2.2 Compatiblity","AchievementEnabler","BaseMod","Better Match","Better Third Choice","BetterRewards","Colored Map","Colored Powertips","Conspire","Downfall","Evolution","Gold Saver","Googly Eyes","Hubris","Minty Spire (QoL Compilation)","Quick Restart","Rare Cards Sparkle","Replay The Spire","Shade Mod","Spicy Shops","StSLib","The Cursed","The Jungle","The Runesmith"],"gold_per_floor":[116,131,143,143,143,143,27,27,27,27,27,65,90,130,130,249,249,267,110,133,133,133,166,166,180,254,272,272,290,309,349,349,469,469,490,490,12,12,27,0,0,23,48,48,48,91,107,130,130,130,130,130,130,164,164,164],"floor_reached":55,"language":"ENG","playtime":10648,"items_purged":[],"score":770,"play_id":"762ed534-745b-4295-97b6-46a611f0b80d","local_time":"20210115180659","is_ascension_mode":false,"campfire_choices":[{"floor":6,"key":"RECALL"},{"data":"Runesmith:Firestorm","floor":8,"key":"SMITH"},{"data":"Runesmith:BackupBattery+1","floor":11,"key":"SMITH"},{"floor":24,"key":"REST"},{"floor":28,"key":"REST"},{"floor":32,"key":"REST"},{"data":"Runesmith:BackupBattery+2","floor":41,"key":"SMITH"},{"data":"Amnesia","floor":45,"key":"PURGE"},{"floor":49,"key":"REST"},{"floor":52,"key":"DIG"}],"circlet_count":0,"master_deck":["Runesmith:Strike_RS","Runesmith:Strike_RS","Runesmith:Strike_RS","Runesmith:Strike_RS","Runesmith:Defend_RS","Runesmith:Defend_RS","Runesmith:Defend_RS","Runesmith:Defend_RS","Runesmith:CraftFirestone","Runesmith:Fortify","Runesmith:BackupBattery+3","Runesmith:EarthShield","Runesmith:CraftProtectio","Injury","Runesmith:Firestorm+1","Runesmith:ChargedHammer","Runesmith:FrozenChisel+1","Runesmith:UnstableHammer","Runesmith:GrandSlam","Runesmith:CraftIndustria","Runesmith:HammerThrow","Runesmith:Permafrost","Runesmith:RunicBlueprint+1","Necronomicurse","Runesmith:Terraform","Runesmith:MakeshiftArmor+1","Runesmith:Grindstone","Runesmith:HeatExchange+1","Runesmith:OneForEveryone","Runesmith:ArcReactor","Runesmith:HammerThrow+1","Replay:SS_fish_1","Runesmith:NanitesCloud","Runesmith:GoWithTheFlow+1","Runesmith:LithiumIon+1","Runesmith:EnergizedChisel","Runesmith:StaticCage","Runesmith:GoWithTheFlow+1"],"relics":["Runesmith:BrokenRuby","EVO:Axolotl","NeowsBlessing","Golden Idol","Letter Opener","hubris:Icosahedron","hubris:Spice","Replay:Multitool","hubris:Stopwatch","FossilizedHelix","Necronomicon","hubris:GrandSneckoEye","Quantum Egg","ReplayTheSpireMod:CursedCoin","ReplayTheSpireMod:Ring of Challenge","Ring of Fangs","Red Mask","Art of War","Runesmith:MiniCore"],"acts_visited":["Exordium","TheCity","TheBeyond","TheEnding"],"potions_floor_usage":[16,16,25,29,33,33,46,50,55],"damage_taken":[{"damage":0,"enemies":"Small Slimes","floor":1,"turns":1},{"damage":0,"enemies":"Jaw Worm","floor":2,"turns":1},{"damage":0,"enemies":"2 Louse","floor":3,"turns":1},{"damage":12,"enemies":"Lagavulin","floor":12,"turns":8},{"damage":6,"enemies":"Looter","floor":13,"turns":4},{"damage":19,"enemies":"3 Sentries","floor":14,"turns":7},{"damage":7,"enemies":"Hexaghost","floor":16,"turns":10},{"damage":34,"enemies":"2 Thieves","floor":18,"turns":5},{"damage":11,"enemies":"Shell Parasite","floor":20,"turns":7},{"damage":8,"enemies":"Book of Stabbing","floor":23,"turns":6},{"damage":4,"enemies":"Centurion and Healer","floor":25,"turns":6},{"damage":0,"enemies":"Snecko","floor":27,"turns":6},{"damage":20,"enemies":"3 Cultists","floor":29,"turns":8},{"damage":0,"enemies":"Shelled Parasite and Fungi","floor":30,"turns":7},{"damage":11,"enemies":"conspire:Head Lice","floor":31,"turns":7},{"damage":6,"enemies":"conspire:MysteriousRune","floor":33,"turns":10},{"damage":0,"enemies":"Orb Walker","floor":35,"turns":3},{"damage":10,"enemies":"3 Shapes","floor":39,"turns":3},{"damage":3,"enemies":"Transient","floor":42,"turns":5},{"damage":0,"enemies":"Nemesis","floor":46,"turns":7},{"damage":15,"enemies":"Spire Growth","floor":47,"turns":4},{"damage":14,"enemies":"4 Shapes","floor":48,"turns":4},{"damage":13,"enemies":"Time Eater","floor":50,"turns":13},{"damage":39,"enemies":"Shield and Spear","floor":54,"turns":8},{"damage":29,"enemies":"The Heart","floor":55,"turns":14}],"seed_played":"1832316710123442597","potions_obtained":[{"floor":1,"key":"ColorlessPotion"},{"floor":13,"key":"Energy Potion"},{"floor":14,"key":"FearPotion"},{"floor":18,"key":"Fire Potion"},{"floor":23,"key":"hexamod:EctoCoolerPotion"},{"floor":30,"key":"GamblersBrew"},{"floor":31,"key":"PowerPotion"},{"floor":39,"key":"Fire Potion"},{"floor":42,"key":"SkillPotion"},{"floor":46,"key":"sneckomod:MuddlingPotion"},{"floor":54,"key":"Slimebound:ThreeZeroPotion"}],"is_trial":false,"path_per_floor":["M","M","M","?","?","R","$","R","T","?","R","E","M","E","R","B",null,"M","$","M","?","?","E","R","M","T","M","R","M","M","E","R","B",null,"M","?","$","?","M","?","R","M","T","$","R","E","M","M","R","B",null,"R","$","E","B"],"character_chosen":"RUNESMITH_CLASS","items_purchased":["Runesmith:Firestorm","Runesmith:ChargedHammer","FossilizedHelix","Runesmith:Permafrost","Quantum Egg","ReplayTheSpireMod:CursedCoin","hubris:Spice","Replay:SS_fish_1"],"campfire_rested":4,"item_purchase_floors":[7,7,19,19,37,37,37,37],"current_hp_per_floor":[70,70,70,70,70,70,70,70,70,70,70,66,60,41,64,57,78,44,44,33,17,17,17,42,38,38,38,63,43,43,32,55,49,78,78,78,70,70,60,60,60,57,57,57,57,57,42,28,49,36,70,62,62,23,0,0],"gold":164,"neow_bonus":"THREE_ENEMY_KILL","is_daily":false,"chose_seed":false,"campfire_upgraded":3,"win_rate":0.0,"timestamp":1610752019,"path_taken":["M","M","M","?","?","R","$","R","T","?","R","E","M","E","R","BOSS","M","$","M","?","?","E","R","?","T","M","R","M","M","E","R","BOSS","M","?","$","?","M","?","R","M","T","$","R","E","M","M","R","BOSS","R","$","E","BOSS"],"items_purchased_type":["Card","Card","Relic","Card","Relic","Relic","Relic","Card"],"build_version":"2020-12-22","purchased_purges":0,"victory":false,"max_hp_per_floor":[70,70,70,70,70,70,70,70,70,70,70,78,78,78,78,78,78,78,78,78,78,78,86,86,86,86,86,86,86,86,78,78,78,78,78,78,70,70,70,70,70,70,70,70,70,70,70,70,70,70,70,62,62,54,54,54],"card_choices":[{"not_picked":["Runesmith:Permafrost","Runesmith:HeatedChisel"],"picked":"Runesmith:BackupBattery","floor":1},{"not_picked":["Runesmith:ChargedHammer","Runesmith:Accelerate"],"picked":"Runesmith:EarthShield","floor":2},{"not_picked":["Runesmith:LithiumIon","Runesmith:PerfectChisel"],"picked":"Runesmith:CraftProtectio","floor":3},{"not_picked":["Runesmith:HeatedChisel","Runesmith:HammerThrow"],"picked":"Runesmith:FrozenChisel","floor":12},{"not_picked":["Runesmith:StaticCage","Runesmith:ChargedHammer"],"picked":"Runesmith:UnstableHammer","floor":13},{"not_picked":["Runesmith:BackupBattery","Runesmith:EnergizedChisel"],"picked":"Runesmith:GrandSlam","floor":14},{"not_picked":["Runesmith:LastStand","Runesmith:DuctTape"],"picked":"Runesmith:CraftIndustria","floor":16},{"not_picked":["Runesmith:StaticCage","Runesmith:HeatedChisel"],"picked":"Runesmith:HammerThrow","floor":18},{"not_picked":["Runesmith:StaticCage","Runesmith:CraftProtectio"],"picked":"Runesmith:RunicBlueprint+1","floor":20},{"not_picked":["Runesmith:UnstableHammer","Runesmith:RuneHurl+1"],"picked":"Runesmith:Terraform","floor":23},{"not_picked":["Runesmith:Accelerate","Runesmith:HeatedChisel+1"],"picked":"Runesmith:MakeshiftArmor+1","floor":25},{"not_picked":["Runesmith:LightningRod","Runesmith:BackupBattery"],"picked":"Runesmith:Grindstone","floor":27},{"not_picked":["Runesmith:RuneHurl","Runesmith:EnergizedChisel"],"picked":"Runesmith:HeatExchange+1","floor":29},{"not_picked":["Runesmith:ElementalConversion","Runesmith:Discharge"],"picked":"Runesmith:OneForEveryone","floor":30},{"not_picked":["Runesmith:HeatExchange+1","Runesmith:Repurpose"],"picked":"Runesmith:ArcReactor","floor":31},{"not_picked":["Runesmith:DuctTape","Runesmith:UnlimitedPower"],"picked":"Runesmith:FissionHammer","floor":33},{"not_picked":["Runesmith:Superposition","Runesmith:Grindstone+1"],"picked":"Runesmith:HammerThrow+1","floor":35},{"not_picked":["Runesmith:Malloc+1","Runesmith:Grindstone+1"],"picked":"Runesmith:NanitesCloud","floor":39},{"not_picked":["Runesmith:UnstableHammer+1","Runesmith:StaticCage"],"picked":"Runesmith:GoWithTheFlow+1","floor":42},{"not_picked":["Runesmith:BackupBattery+1","Runesmith:Firestorm"],"picked":"Runesmith:LithiumIon+1","floor":46},{"not_picked":["Runesmith:ChiselStab","Runesmith:Repurpose"],"picked":"Runesmith:EnergizedChisel","floor":47},{"not_picked":["Runesmith:ChiselStab+1","Runesmith:UnstableHammer"],"picked":"Runesmith:StaticCage","floor":48},{"not_picked":["Runesmith:ShiftingStrike","Runesmith:Augment"],"picked":"Runesmith:GoWithTheFlow+1","floor":54}],"player_experience":202233,"relics_obtained":[{"floor":9,"key":"Letter Opener"},{"floor":12,"key":"hubris:Spice"},{"floor":14,"key":"Replay:Multitool"},{"floor":21,"key":"Necronomicon"},{"floor":23,"key":"hubris:Spice"},{"floor":31,"key":"hubris:Spice"},{"floor":38,"key":"ReplayTheSpireMod:Ring of Challenge"},{"floor":38,"key":"Ring of Fangs"},{"floor":43,"key":"Art of War"},{"floor":46,"key":"Runesmith:MiniCore"},{"floor":52,"key":"hubris:Spice"},{"floor":54,"key":"hubris:Spice"}],"event_choices":[{"damage_healed":0,"gold_gain":0,"player_choice":"Take Wound","damage_taken":0,"relics_obtained":["Golden Idol"],"max_hp_gain":0,"max_hp_loss":0,"event_name":"Golden Idol","floor":4,"gold_loss":0,"cards_obtained":["Injury"]},{"damage_healed":0,"gold_gain":0,"player_choice":"Obtained Book","damage_taken":16,"max_hp_gain":0,"max_hp_loss":0,"event_name":"Cursed Tome","floor":21,"gold_loss":0},{"damage_healed":0,"gold_gain":0,"player_choice":"Bought 0 Potions","damage_taken":0,"max_hp_gain":0,"max_hp_loss":0,"event_name":"The Woman in Blue","floor":22,"gold_loss":0},{"cards_removed":["Runesmith:FissionHammer"],"damage_healed":0,"gold_gain":0,"player_choice":"Removed Attack","damage_taken":0,"max_hp_gain":0,"max_hp_loss":0,"event_name":"Falling","floor":36,"gold_loss":0},{"damage_healed":0,"gold_gain":0,"player_choice":"Paid","damage_taken":0,"relics_obtained":["Red Mask"],"max_hp_gain":0,"max_hp_loss":0,"event_name":"Tomb of Lord Red Mask","floor":40,"gold_loss":27}],"is_beta":false,"boss_relics":[{"not_picked":["hubris:RunicObelisk","Replay:Grab Bag"],"picked":"hubris:Stopwatch"},{"not_picked":["Sozu","hubris:Spice"],"picked":"hubris:GrandSneckoEye"}],"items_purged_floors":[],"is_endless":false,"potions_floor_spawned":[1,13,14,18,23,30,31,39,42,46,48,54],"killed_by":"The Heart","ascension_level":0}}