{"host":"kig4ty9d1aubg29s","time":1610722502,"event":{"mods":["BaseMod","Minty Spire (QoL Compilation)","READ ME - Guardian Mod","READ ME - Snecko Mod","StSLib","The Cursed","The Gatherer","The Hierophant","The Runesmith"],"gold_per_floor":[112,130,130,130,150,150,175,175,175,202,218,253,253,253,253,350,350,368,384,384,414,414,414,414,414,414],"floor_reached":24,"language":"KOR","playtime":1034,"items_purged":[],"score":329,"play_id":"6dda90fb-1b6d-4271-b5c1-c3e6f3cdd1dd","local_time":"20210115235502","is_ascension_mode":true,"metric_token":605,"campfire_choices":[{"data":"Gatherer:RottenStipe","floor":6,"key":"SMITH"},{"floor":8,"key":"REST"},{"floor":13,"key":"REST"},{"data":"Gatherer:Pollute","floor":15,"key":"SMITH"},{"floor":23,"key":"REST"}],"circlet_count":0,"master_deck":["AscendersBane","Gatherer:Strike_Gatherer","Gatherer:Strike_Gatherer","Gatherer:Strike_Gatherer","Gatherer:Strike_Gatherer","Gatherer:Strike_Gatherer","Gatherer:Defend_Gatherer","Gatherer:Defend_Gatherer","Gatherer:Defend_Gatherer","Gatherer:Defend_Gatherer","Gatherer:Defend_Gatherer","Gatherer:Centralize","Gatherer:FlowerWhip","Gatherer:BomberForm+1","Gatherer:RottenStipe+1","Gatherer:ScherryThrow","Gatherer:Polymorphism","Gatherer:BalancedGrowth","Gatherer:BambuSword","Gatherer:VenomBarrier","Gatherer:Pollute+1","Gatherer:VenomBarrier","Gatherer:BlackTea","Gatherer:Enchant","Gatherer:SaveValuables","Gatherer:AcidicSpray","Gatherer:BambuSword+1"],"relics":["Gatherer:AlchemyBag","The Courier","Eternal Feather","Happy Flower","Dream Catcher","FossilizedHelix","Gatherer:ExplorersPath","Red Mask"],"acts_visited":["Exordium","TheCity"],"potions_floor_usage":[2,18,19],"damage_taken":[{"damage":7,"enemies":"Small Slimes","floor":1,"turns":4},{"damage":0,"enemies":"Jaw Worm","floor":2,"turns":1},{"damage":1,"enemies":"Cultist","floor":5,"turns":3},{"damage":25,"enemies":"Lagavulin","floor":7,"turns":7},{"damage":29,"enemies":"Gremlin Nob","floor":10,"turns":4},{"damage":3,"enemies":"Blue Slaver","floor":11,"turns":2},{"damage":10,"enemies":"Lagavulin","floor":12,"turns":7},{"damage":10,"enemies":"The Guardian","floor":16,"turns":10},{"damage":0,"enemies":"Spheric Guardian","floor":18,"turns":3},{"damage":0,"enemies":"Chosen","floor":19,"turns":4},{"damage":47,"enemies":"Masked Bandits","floor":21,"turns":5},{"damage":59,"enemies":"Gremlin Leader","floor":24,"turns":6}],"seed_played":"-6425658436065451864","potions_obtained":[{"floor":1,"key":"LiquidMemories"},{"floor":10,"key":"Dexterity Potion"},{"floor":16,"key":"Dexterity Potion"},{"floor":18,"key":"Swift Potion"},{"floor":21,"key":"Ancient Potion"}],"is_trial":false,"path_per_floor":["M","M","?","?","M","R","E","R","T","E","M","E","R","T","R","B",null,"M","M","?","?","?","R","E"],"character_chosen":"THE_GATHERER","items_purchased":[],"campfire_rested":3,"item_purchase_floors":[],"current_hp_per_floor":[40,40,64,64,63,63,38,59,59,30,27,17,50,50,62,52,67,67,67,67,20,20,56,0,0,0],"gold":414,"neow_bonus":"THREE_RARE_CARDS","is_daily":false,"chose_seed":false,"campfire_upgraded":2,"win_rate":0.0,"timestamp":1610722502,"path_taken":["M","M","?","?","?","R","E","R","T","E","M","E","R","?","R","BOSS","M","M","?","?","?","R","E"],"items_purchased_type":[],"build_version":"2020-12-22","purchased_purges":0,"victory":false,"max_hp_per_floor":[72,72,72,72,72,72,72,72,72,72,72,72,72,72,72,72,72,72,72,72,72,72,72,72,72,72],"card_choices":[{"not_picked":["Gatherer:Overflowing","Gatherer:FinishingStrike"],"picked":"Gatherer:BomberForm","floor":0},{"not_picked":["Gatherer:CollectorsShot","Gatherer:FlowerFalling"],"picked":"Gatherer:RottenStipe","floor":1},{"not_picked":["Gatherer:AromaProtection","Gatherer:RecipeChange"],"picked":"Gatherer:ScherryThrow","floor":2},{"not_picked":["Gatherer:AromaProtection","Gatherer:Duality"],"picked":"Gatherer:Polymorphism","floor":5},{"not_picked":["Gatherer:FragileHammer","Gatherer:ScentOfRosmari"],"picked":"Gatherer:BalancedGrowth","floor":7},{"not_picked":["Gatherer:RottenStipe","Gatherer:CollectorsShot"],"picked":"Gatherer:BambuSword","floor":10},{"not_picked":["Gatherer:AromaProtection","Gatherer:BalancedGrowth"],"picked":"Gatherer:VenomBarrier","floor":11},{"not_picked":["Gatherer:OddSpoils","Gatherer:GatherMaterial"],"picked":"Gatherer:Pollute","floor":12},{"not_picked":["Gatherer:FlamingBottle","Gatherer:AromaProtection"],"picked":"Gatherer:VenomBarrier","floor":13},{"not_picked":["Gatherer:ColorfulGarden","Gatherer:Overflowing"],"picked":"Gatherer:BlackTea","floor":16},{"not_picked":["Gatherer:FlowerShield","Gatherer:EchoOfNature"],"picked":"Gatherer:Enchant","floor":18},{"not_picked":["Gatherer:WoolGloves","Gatherer:CollectorsShot"],"picked":"Gatherer:SaveValuables","floor":19},{"not_picked":["Gatherer:GlowingPlant","Gatherer:CarefulStrike"],"picked":"Gatherer:AcidicSpray","floor":21},{"not_picked":["Gatherer:CarefulStrike","Gatherer:AromaProtection"],"picked":"Gatherer:BambuSword+1","floor":23}],"player_experience":1951399,"relics_obtained":[{"floor":7,"key":"The Courier"},{"floor":9,"key":"Eternal Feather"},{"floor":10,"key":"Happy Flower"},{"floor":12,"key":"Dream Catcher"},{"floor":14,"key":"FossilizedHelix"},{"floor":21,"key":"Red Mask"}],"event_choices":[{"damage_healed":24,"gold_gain":0,"player_choice":"Banana","damage_taken":0,"max_hp_gain":0,"max_hp_loss":0,"event_name":"Big Fish","floor":3,"gold_loss":0},{"damage_healed":0,"gold_gain":0,"player_choice":"Grow","damage_taken":0,"max_hp_gain":0,"max_hp_loss":0,"event_name":"Living Wall","floor":4,"gold_loss":0,"cards_upgraded":["Gatherer:BomberForm"]},{"damage_healed":0,"gold_gain":0,"player_choice":"Ignored","damage_taken":0,"max_hp_gain":0,"max_hp_loss":0,"event_name":"Beggar","floor":20,"gold_loss":0},{"damage_healed":0,"gold_gain":0,"player_choice":"Fought Bandits","damage_taken":0,"max_hp_gain":0,"max_hp_loss":0,"event_name":"Masked Bandits","floor":21,"gold_loss":0},{"damage_healed":0,"gold_gain":0,"player_choice":"Ignored","damage_taken":0,"max_hp_gain":0,"max_hp_loss":0,"event_name":"Vampires","floor":22,"gold_loss":0}],"is_beta":false,"boss_relics":[{"not_picked":["Runic Dome","SacredBark"],"picked":"Gatherer:ExplorersPath"}],"items_purged_floors":[],"is_endless":false,"potions_floor_spawned":[1,10,16,18,21],"killed_by":"Gremlin Leader","ascension_level":11}}