{"host":"khkox7sggahain0a","time":1610681768,"event":{"mods":["Act Like it!","Arknights The Spire","BaseMod","Downfall","Gensokyo","Lobotomy","LobotomyExtend","Marisa£®ÏF”Í°°ƒß¿Ì…≥£©","Minty Spire (QoL Compilation)","StSLib","The Animator","Waifu the Spire"],"gold_per_floor":[272,272,292,48,63,95,95,95,95],"floor_reached":8,"language":"ZHS","playtime":331,"items_purged":[],"score":59,"play_id":"3b3a323d-a5f7-4792-a182-6124f9b1cd53","local_time":"20210115113608","is_ascension_mode":true,"campfire_choices":[{"data":"ats:Mental Burst","floor":7,"key":"SMITH"}],"circlet_count":0,"master_deck":["ats:Strike C","ats:Strike G","ats:Strike S","ats:Strike V","ats:Armor Crushing Shot","ats:Defend","ats:Defend","ats:Defend","ats:Defend","ats:Emotion Absorption+1","PunishingBird","ats:Curse Doll","ats:Ignite","ats:Leaping Hammer","ats:Mental Burst+1"],"relics":["ats:Sanity","CogitoBucket","LetterFromLob","Shuriken","ats:Originium","Omamori"],"acts_visited":["Exordium"],"potions_floor_usage":[],"damage_taken":[{"damage":0,"enemies":"2 Louse","floor":1,"turns":4},{"damage":14,"enemies":"Cultist","floor":3,"turns":5},{"damage":10,"enemies":"Small Slimes","floor":5,"turns":4},{"damage":16,"enemies":"Gremlin Nob","floor":6,"turns":3},{"damage":34,"enemies":"3 Sentries","floor":8,"turns":6}],"seed_played":"-8632431440659464678","potions_obtained":[{"floor":3,"key":"EssenceOfSteel"}],"is_trial":false,"path_per_floor":["M","?","M","$","M","E","R","E"],"character_chosen":"DOCTOR_CLASS","items_purchased":["Shuriken"],"campfire_rested":0,"item_purchase_floors":[4],"current_hp_per_floor":[72,72,58,58,52,36,36,2,2],"gold":95,"neow_bonus":"","is_daily":false,"chose_seed":false,"campfire_upgraded":1,"win_rate":0.0,"timestamp":1610681768,"path_taken":["M","?","M","$","?","E","R","E"],"items_purchased_type":["Relic"],"build_version":"2020-12-22","purchased_purges":0,"victory":false,"max_hp_per_floor":[72,72,72,72,72,72,72,72,72],"card_choices":[{"not_picked":["HeroicMonk","Porccubus"],"picked":"PunishingBird","floor":1},{"not_picked":["ats:Shell Defense","ats:Consecutive Shot Auto"],"picked":"ats:Curse Doll","floor":1},{"not_picked":["ShyLook","OldLady","Scorched"],"picked":"Singing Bowl","floor":3},{"not_picked":["ats:Cat Scratch","ats:Echo Reverb"],"picked":"ats:Ignite","floor":3},{"not_picked":["Scorched","LittlePrince","ShyLook"],"picked":"Singing Bowl","floor":5},{"not_picked":["ats:Steam Pump","ats:Beaten Up"],"picked":"ats:Leaping Hammer","floor":5},{"not_picked":["CherryBlossoms","ShyLook","OSAHOGD"],"picked":"Singing Bowl","floor":6},{"not_picked":["ats:Ignite","ats:Blood Oath"],"picked":"ats:Mental Burst","floor":6}],"player_experience":318229,"relics_obtained":[{"floor":1,"key":"LetterFromLob"},{"floor":6,"key":"ats:Originium"},{"floor":6,"key":"Omamori"}],"event_choices":[{"damage_healed":0,"gold_gain":0,"player_choice":"Upgraded","damage_taken":0,"max_hp_gain":0,"max_hp_loss":0,"event_name":"Upgrade Shrine","floor":2,"gold_loss":0,"cards_upgraded":["ats:Emotion Absorption"]}],"is_beta":false,"boss_relics":[],"items_purged_floors":[],"is_endless":false,"potions_floor_spawned":[3],"killed_by":"3 Sentries","ascension_level":1}}