{"host":"6jtzbi9kl8x9w6dt","time":1610678310,"event":{"mods":["Act Like it!","Aspiration","BaseMod","BetterRewards","Colored Powertips","Defuse TimeMaze Blight","Downfall","Friendly Minions","Halation","Hallownest","Hermit","Hubris","Marisa????????","Mimic Mod","Minty Spire (QoL Compilation)","Prisma Mod","READ ME - Guardian Mod","StSLib","SuperFastMode","Td1madao Mod","The Animator","The Bladedancer","The Construct","The Cursed","The Disciple","The Hierophant","The Mystic","The Necromancer","The Senshi","The Servant 0.9.4"],"gold_per_floor":[99,115,115,265,265,265,265,265,298,298,223,236,146,166,183,284,284,284,303,98,112,131,131,157,157,168,185,220,170,190,204,223,223,223],"floor_reached":33,"language":"ENG","playtime":1235,"items_purged":["Slimebound:Icky","Strike_S"],"score":269,"play_id":"fd208a2c-7d64-49cc-86e0-4d7d9d4fdf41","local_time":"20210114183830","is_ascension_mode":false,"campfire_choices":[{"data":"KidneyShot","floor":1,"key":"SMITH"},{"floor":6,"key":"RECALL"},{"floor":11,"key":"REST"},{"data":"MurderousAura","floor":18,"key":"SMITH"},{"floor":25,"key":"REST"}],"circlet_count":0,"master_deck":["Strike_S","Strike_S","Defend_S","Defend_S","Defend_S","Defend_S","KidneyShot+1","Exchange","TimeWarp","ShatteredReality","GearUp","SilverBlades","WasteNot","TimeWarp","MurderousAura+1","Ricochet","Dilation","ShatteredReality+1","Comet","Potential","Replace","Revamp","ShatteredReality+1","Initiator","Starlight","Replace","Hightail+1","Alleviate","Starlight"],"relics":["SplendidAttire","halation:EternalFortune","Kunai","Dream Catcher","downfall:HeartBlessingRed","MealTicket","halation:Toothbrush"],"acts_visited":["Exordium","TheCity"],"potions_floor_usage":[5,5,9,16,28,31,33,33],"damage_taken":[{"damage":1,"enemies":"Jaw Worm","floor":2,"turns":4},{"damage":16,"enemies":"Lagavulin","floor":9,"turns":6},{"damage":0,"enemies":"2 Louse","floor":12,"turns":1},{"damage":0,"enemies":"downfall:FleeingMerchant","floor":13,"turns":4},{"damage":0,"enemies":"Small Slimes","floor":14,"turns":3},{"damage":3,"enemies":"2 Fungi Beasts","floor":15,"turns":3},{"damage":13,"enemies":"downfall:Watcher","floor":16,"turns":9},{"damage":14,"enemies":"3 Byrds","floor":19,"turns":4},{"damage":4,"enemies":"downfall:FleeingMerchant","floor":20,"turns":4},{"damage":14,"enemies":"Centurion and Healer","floor":21,"turns":4},{"damage":13,"enemies":"Snake Plant","floor":22,"turns":6},{"damage":0,"enemies":"Cultist and Chosen","floor":26,"turns":3},{"damage":2,"enemies":"3 Cultists","floor":27,"turns":3},{"damage":23,"enemies":"Gremlin Leader","floor":28,"turns":3},{"damage":29,"enemies":"Snake Plant","floor":30,"turns":3},{"damage":9,"enemies":"Shelled Parasite and Fungi","floor":31,"turns":2},{"damage":8,"enemies":"Centurion and Healer","floor":32,"turns":6},{"damage":19,"enemies":"downfall:Defect","floor":33,"turns":3}],"seed_played":"1636194763341940384","potions_obtained":[{"floor":0,"key":"EntropicBrew"},{"floor":0,"key":"Fruit Juice"},{"floor":0,"key":"BlessingOfTheForge"},{"floor":9,"key":"Strength Potion"},{"floor":19,"key":"DuplicationPotion"},{"floor":32,"key":"Fire Potion"}],"is_trial":false,"path_per_floor":["R","M","?","?","?","R","T","?","E","?","R","M","$","M","M","B",null,"R","M","$","M","M","?","T","R","M","M","E","?","M","M","M","B"],"character_chosen":"THE_SERVANT","items_purchased":["Potential","Replace"],"campfire_rested":2,"item_purchase_floors":[20,20],"current_hp_per_floor":[65,64,67,67,73,73,73,73,57,57,73,73,73,73,70,60,76,76,62,58,44,31,31,31,53,53,51,28,57,28,19,14,0,0],"gold":223,"neow_bonus":"THREE_SMALL_POTIONS","is_daily":false,"chose_seed":false,"campfire_upgraded":2,"win_rate":0.0,"timestamp":1610678310,"path_taken":["R","M","?","?","?","R","T","?","E","?","R","M","$","M","M","BOSS","R","M","$","M","M","?","T","R","M","M","E","?","M","M","M","BOSS"],"items_purchased_type":["Card","Card"],"build_version":"2020-12-22","purchased_purges":2,"victory":false,"max_hp_per_floor":[65,65,68,68,73,73,73,73,73,73,73,73,73,73,73,76,76,76,76,76,76,76,76,76,76,76,76,76,76,76,76,79,79,79],"card_choices":[{"not_picked":["Snipe","Revamp"],"picked":"TimeWarp","floor":2},{"not_picked":["DualDimension","MoonPhase"],"picked":"ShatteredReality","floor":9},{"not_picked":["TimeWarp","Unruled"],"picked":"SilverBlades","floor":11},{"not_picked":["Rearm","FastForward"],"picked":"WasteNot","floor":12},{"not_picked":["ShatteredReality","SurpressingFire"],"picked":"TimeWarp","floor":13},{"not_picked":["Alleviate","Revamp"],"picked":"MurderousAura","floor":14},{"not_picked":["ReturningBlade","FastForward"],"picked":"Ricochet","floor":15},{"not_picked":["ForgedInTime","LightFlow"],"picked":"Dilation","floor":16},{"not_picked":["TimeWarp+1","Shuttle+1"],"picked":"ShatteredReality+1","floor":19},{"not_picked":["TimeWarp+1","DoubleEdge"],"picked":"Comet","floor":20},{"not_picked":["FastForward+1","MoonPhase"],"picked":"Revamp","floor":21},{"not_picked":["WasteNot","TimeWarp"],"picked":"ShatteredReality+1","floor":22},{"not_picked":["WasteNot","GearUp+1"],"picked":"Initiator","floor":25},{"not_picked":["Luminosity","Snipe"],"picked":"Starlight","floor":26},{"not_picked":["Shuttle","ShatteredReality"],"picked":"Replace","floor":27},{"not_picked":["Starlight","Alleviate"],"picked":"Hightail+1","floor":28},{"not_picked":["FastForward","Rearm+1"],"picked":"Alleviate","floor":30},{"not_picked":["Defy","DoubleEdge"],"picked":"Starlight","floor":31},{"not_picked":["Shuttle","Alleviate","StarChef"],"picked":"SKIP","floor":32}],"player_experience":86645,"relics_obtained":[{"floor":7,"key":"Kunai"},{"floor":9,"key":"Dream Catcher"},{"floor":16,"key":"halation:EternalFortune"},{"floor":24,"key":"MealTicket"},{"floor":28,"key":"halation:Toothbrush"},{"floor":32,"key":"halation:EternalFortune"}],"event_choices":[{"damage_healed":0,"gold_gain":0,"cards_transformed":["Strike_S"],"player_choice":"Change","damage_taken":0,"max_hp_gain":0,"max_hp_loss":0,"event_name":"Living Wall","floor":10,"gold_loss":0,"cards_obtained":["GearUp"]}],"is_beta":false,"boss_relics":[{"not_picked":["halation:Risk","Calling Bell"],"picked":"SplendidAttire"}],"items_purged_floors":[13,20],"is_endless":false,"potions_floor_spawned":[9,15,19,21,26,32],"killed_by":"downfall:Defect","ascension_level":0}}