{"host":"kgfs5ebhusfk1t4t","time":1610736647,"event":{"mods":["BaseMod","Colored Map","DeckTracker","Highlight Path","KOR Keyword Fix","Keyboard Shortcuts","Minty Spire (QoL Compilation)","Permanent Neow","Quick Restart","StSLib","SuperFastMode","everything is the same but u backflip on backflip"],"gold_per_floor":[119,44,61,78,153,187,197,217,217,217,247,36,52,100,100,196,196,214,41,140,140,156,188,219,23,74,90,119,134,134,154,154,250,250,268,278,278,50,0,30,30,30,30],"floor_reached":42,"language":"KOR","playtime":1722,"items_purged":["Strike_R","Strike_R","Strike_R","Bash"],"score":883,"play_id":"acb9a26b-5113-4bd4-b40d-a766628ff539","local_time":"20210116035047","is_ascension_mode":true,"campfire_choices":[{"floor":10.0,"key":"REST"},{"data":"Battle Trance","floor":15.0,"key":"SMITH"},{"floor":30.0,"key":"REST"},{"floor":32.0,"key":"REST"},{"floor":41,"key":"RECALL"}],"circlet_count":0,"master_deck":["AscendersBane","Defend_R","Defend_R","Carnage+1","True Grit+1","Bludgeon+1","Battle Trance+1","Thunderclap","Flame Barrier","Second Wind","Berserk","Double Tap","Sentinel","CurseOfTheBell","Purity","Bloodletting"],"relics":["Astrolabe","Red Skull","Singing Bowl","Pen Nib","Centennial Puzzle","Fusion Hammer","WingedGreaves","Happy Flower","Membership Card","StrikeDummy","Calling Bell","PreservedInsect","White Beast Statue","TungstenRod","Ice Cream","Red Mask","Juzu Bracelet"],"acts_visited":["Exordium","TheCity","TheBeyond"],"potions_floor_usage":[36,40,42],"damage_taken":[{"damage":0.0,"enemies":"Cultist","floor":1.0,"turns":2.0},{"damage":7.0,"enemies":"Jaw Worm","floor":3.0,"turns":2.0},{"damage":0.0,"enemies":"2 Louse","floor":4.0,"turns":3.0},{"damage":25.0,"enemies":"3 Sentries","floor":6.0,"turns":8.0},{"damage":3.0,"enemies":"Blue Slaver","floor":7.0,"turns":3.0},{"damage":6.0,"enemies":"3 Louse","floor":8.0,"turns":3.0},{"damage":24.0,"enemies":"Lots of Slimes","floor":13.0,"turns":12.0},{"damage":38.0,"enemies":"The Guardian","floor":16.0,"turns":6.0},{"damage":0.0,"enemies":"Spheric Guardian","floor":18.0,"turns":2.0},{"damage":1.0,"enemies":"Shell Parasite","floor":22.0,"turns":3.0},{"damage":0.0,"enemies":"Gremlin Leader","floor":23.0,"turns":1.0},{"damage":34.0,"enemies":"Book of Stabbing","floor":24.0,"turns":5.0},{"damage":0.0,"enemies":"3 Cultists","floor":27.0,"turns":3.0},{"damage":18.0,"enemies":"Gremlin Leader","floor":28.0,"turns":3.0},{"damage":9.0,"enemies":"Centurion and Healer","floor":29.0,"turns":2.0},{"damage":15.0,"enemies":"Snake Plant","floor":31.0,"turns":3.0},{"damage":12,"enemies":"Champ","floor":33,"turns":4},{"damage":0,"enemies":"Orb Walker","floor":35,"turns":1},{"damage":2,"enemies":"3 Shapes","floor":36,"turns":7},{"damage":9,"enemies":"Nemesis","floor":40,"turns":3},{"damage":77,"enemies":"Reptomancer","floor":42,"turns":4}],"seed_played":"-7769643120487950959","potions_obtained":[{"floor":1.0,"key":"BlessingOfTheForge"},{"floor":4.0,"key":"DuplicationPotion"},{"floor":6.0,"key":"Regen Potion"},{"floor":13.0,"key":"BlessingOfTheForge"},{"floor":16.0,"key":"Strength Potion"},{"floor":18.0,"key":"DuplicationPotion"},{"floor":27.0,"key":"Fire Potion"},{"floor":28.0,"key":"ElixirPotion"},{"floor":29.0,"key":"GamblersBrew"},{"floor":36,"key":"Fruit Juice"},{"floor":40,"key":"Fire Potion"}],"is_trial":false,"path_per_floor":["M","$","M","M","?","E","M","M","T","R","?","$","M","T","R","B",null,"M","$","?","?","M","E","E","$","T","M","E","M","R","M","R","B",null,"M","M","?","$","?","E","R","E"],"character_chosen":"IRONCLAD","items_purchased":["Regen Potion","Second Wind","BloodPotion","Membership Card","Sentinel","Ice Cream"],"campfire_rested":3,"item_purchase_floors":[12,12,19,25,25,38],"current_hp_per_floor":[72,72,65,65,54,29,26,20,20,44,44,44,77,77,77,39,71,73,73,73,73,74,76,59,59,59,61,45,38,66,53,81,71,91,93,98,98,98,98,89,89,12,12],"gold":30,"neow_bonus":"BOSS_RELIC","is_daily":false,"chose_seed":false,"campfire_upgraded":1,"win_rate":0.0,"timestamp":1610736647,"path_taken":["M","$","?","M","?","E","M","M","T","R","?","$","M","?","R","BOSS","M","$","?","?","?","E","E","$","T","M","E","M","R","?","R","BOSS","M","?","?","$","?","E","R","E"],"items_purchased_type":["Potion","Card","Potion","Relic","Card","Relic"],"build_version":"2020-12-22","purchased_purges":4,"victory":false,"max_hp_per_floor":[80,80,80,80,80,80,80,80,80,80,80,80,82,82,82,82,82,84,84,84,84,86,88,88,88,88,90,92,94,94,96,96,98,98,100,107,107,107,107,107,107,107,107],"card_choices":[{"not_picked":["Rage","Infernal Blade"],"picked":"Battle Trance","floor":1.0},{"not_picked":["Headbutt","Sword Boomerang","Infernal Blade"],"picked":"SKIP","floor":3.0},{"not_picked":["Body Slam","Warcry","Havoc"],"picked":"SKIP","floor":4.0},{"not_picked":["Rupture","Limit Break"],"picked":"Thunderclap","floor":6.0},{"not_picked":["Blood for Blood","Clothesline"],"picked":"Flame Barrier","floor":7.0},{"not_picked":["Twin Strike","Disarm","Iron Wave"],"picked":"SKIP","floor":8.0},{"not_picked":["Heavy Blade","Twin Strike","Disarm"],"picked":"Singing Bowl","floor":13.0},{"not_picked":["Reaper","Feed"],"picked":"Berserk","floor":16.0},{"not_picked":["Headbutt","Sword Boomerang","Twin Strike+1"],"picked":"Singing Bowl","floor":18.0},{"not_picked":["Second Wind","Rage","Anger+1"],"picked":"Singing Bowl","floor":22.0},{"not_picked":["Armaments","Flex","Uppercut"],"picked":"Singing Bowl","floor":23.0},{"not_picked":["Ghostly Armor","Feed"],"picked":"Double Tap","floor":24.0},{"not_picked":["Warcry","Armaments","Perfected Strike"],"picked":"Singing Bowl","floor":27.0},{"not_picked":["Pommel Strike","Shrug It Off","Rampage"],"picked":"Singing Bowl","floor":28.0},{"not_picked":["Offering","Fire Breathing","Feel No Pain"],"picked":"Singing Bowl","floor":29.0},{"not_picked":["Sever Soul","Fire Breathing","Heavy Blade"],"picked":"Singing Bowl","floor":31.0},{"not_picked":["Immolate","Demon Form","Fiend Fire"],"picked":"Singing Bowl","floor":33},{"not_picked":["Sword Boomerang+1","Havoc","Flame Barrier"],"picked":"Singing Bowl","floor":35},{"not_picked":["True Grit","Headbutt+1","Armaments"],"picked":"Singing Bowl","floor":36},{"not_picked":["Metamorphosis","HandOfGreed"],"picked":"Purity","floor":37},{"not_picked":["Armaments","Exhume"],"picked":"Bloodletting","floor":40}],"player_experience":492072,"relics_obtained":[{"floor":6.0,"key":"Red Skull"},{"floor":9.0,"key":"Singing Bowl"},{"floor":14.0,"key":"Centennial Puzzle"},{"floor":23.0,"key":"WingedGreaves"},{"floor":24.0,"key":"Happy Flower"},{"floor":28.0,"key":"StrikeDummy"},{"floor":34,"key":"PreservedInsect"},{"floor":34,"key":"White Beast Statue"},{"floor":34,"key":"TungstenRod"},{"floor":40,"key":"Juzu Bracelet"}],"event_choices":[{"damage_healed":0.0,"max_hp_gain":0.0,"max_hp_loss":0.0,"gold_gain":75.0,"event_name":"World of Goop","player_choice":"Gather Gold","floor":5.0,"gold_loss":0.0,"damage_taken":11.0},{"damage_healed":0.0,"max_hp_gain":0.0,"max_hp_loss":0.0,"gold_gain":30.0,"event_name":"Dead Adventurer","player_choice":"Searched \u00273\u0027 times","floor":11.0,"gold_loss":0.0,"damage_taken":0.0,"relics_obtained":["Pen Nib"]},{"damage_healed":0.0,"max_hp_gain":0.0,"max_hp_loss":0.0,"gold_gain":99.0,"event_name":"Nest","player_choice":"Stole From Cult","floor":20.0,"gold_loss":0.0,"damage_taken":0.0},{"cards_removed":["Defend_R"],"damage_healed":0.0,"max_hp_gain":0.0,"max_hp_loss":0.0,"gold_gain":0.0,"event_name":"Purifier","player_choice":"Purged","floor":21.0,"gold_loss":0.0,"damage_taken":0.0},{"damage_healed":0,"gold_gain":0,"player_choice":"Memory 1","damage_taken":0,"max_hp_gain":0,"max_hp_loss":0,"event_name":"SensoryStone","floor":37,"gold_loss":0},{"damage_healed":0,"gold_gain":0,"player_choice":"Paid","damage_taken":0,"relics_obtained":["Red Mask"],"max_hp_gain":0,"max_hp_loss":0,"event_name":"Tomb of Lord Red Mask","floor":39,"gold_loss":50}],"is_beta":false,"boss_relics":[{"not_picked":["Pandora\u0027s Box","Busted Crown"],"picked":"Fusion Hammer"},{"not_picked":["Black Star","Coffee Dripper"],"picked":"Calling Bell"}],"items_purged_floors":[2,12,19,38],"is_endless":false,"potions_floor_spawned":[1,4,6,13,16,18,27,28,29,35,36,40],"killed_by":"Reptomancer","ascension_level":12}}