{"host":"81vb4cbob60wa1na","time":1610722702,"event":{"mods":["BaseMod","Downfall","GifTheSpireLib","Hermit","Highlight Path","Minty Spire (QoL Compilation)","StSLib","The Cursed","The Disciple"],"gold_per_floor":[99,116,116,116,128,128,152,152,494,11,33,46,46,77,104,199,199,199,214,239,239,51,51,103,127,236,246,246,267,267,304,333,442,442,442,458,480,480,8,26,110,110,141,203,203,209,234,243,257,257,257,257],"floor_reached":50,"language":"ENG","playtime":2794,"items_purged":[],"score":527,"play_id":"d385aa5a-c7a1-4b5a-9e23-76b2e1609ba2","local_time":"20210115095822","is_ascension_mode":false,"campfire_choices":[{"data":"hexamod:Float","floor":1,"key":"SMITH"},{"data":"hexamod:FastForward","floor":6,"key":"SMITH"},{"data":"hexamod:AdvancingGuard","floor":8,"key":"SMITH"},{"floor":13,"key":"REST"},{"data":"expansioncontent:StudyTheSpire","floor":18,"key":"SMITH"},{"floor":30,"key":"REST"},{"data":"hexamod:ApocalypticArmor","floor":35,"key":"SMITH"},{"floor":42,"key":"REST"},{"floor":45,"key":"REST"}],"circlet_count":0,"master_deck":["hexamod:Strike","hexamod:Strike","hexamod:Strike","hexamod:Defend","hexamod:Defend","hexamod:Defend","hexamod:Defend","hexamod:Sear+1","hexamod:Float+1","hexamod:FastForward+1","hexamod:AdvancingGuard+1","hexamod:SwordOfDarkness","hexamod:InspiringFlames","expansioncontent:StudyTheSpire+1","hexamod:SwordOfDarkness","hexamod:GhostOfSpirePast","hexamod:SpectralAdrenaline","expansioncontent:DashGenerateEvil","hexamod:HauntingEcho","hexamod:SkipABeat+1","hexamod:FirstSeal","hexamod:InspiringFlames+1","hexamod:HauntingEcho+1","hexamod:ApocalypticArmor+1","hexamod:HauntingEcho","expansioncontent:StudyTheSpire+1","Decay","expansioncontent:ManipulateTime+1","Master of Strategy+1","hexamod:SkipABeat+1","Injury"],"relics":["hexamod:SpiritBrand","CeramicFish","Old Coin","Omamori","ClockworkSouvenir","Akabeko","Cursed Key","Toxic Egg 2","Nunchaku","Torii","Bottled Tornado","Art of War","hexamod:IceCube","DollysMirror","Incense Burner","Bottled Lightning","Oddly Smooth Stone"],"acts_visited":["Exordium","TheCity","TheBeyond"],"potions_floor_usage":[12,15,16,22,28,29,29,33,33,39,43,46,47,50],"damage_taken":[{"damage":0,"enemies":"Jaw Worm","floor":2,"turns":3},{"damage":0,"enemies":"Cultist","floor":5,"turns":3},{"damage":34,"enemies":"Gremlin Nob","floor":9,"turns":5},{"damage":0,"enemies":"downfall:FleeingMerchant","floor":10,"turns":4},{"damage":0,"enemies":"Small Slimes","floor":11,"turns":3},{"damage":20,"enemies":"Gremlin Gang","floor":12,"turns":4},{"damage":13,"enemies":"Lagavulin","floor":14,"turns":7},{"damage":1,"enemies":"Exordium Thugs","floor":15,"turns":4},{"damage":4,"enemies":"downfall:Watcher","floor":16,"turns":6},{"damage":6,"enemies":"3 Byrds","floor":19,"turns":5},{"damage":0,"enemies":"Spheric Guardian","floor":20,"turns":4},{"damage":0,"enemies":"downfall:FleeingMerchant","floor":22,"turns":4},{"damage":5,"enemies":"Cultist and Chosen","floor":25,"turns":6},{"damage":17,"enemies":"downfall:Silent","floor":26,"turns":8},{"damage":1,"enemies":"3 Cultists","floor":27,"turns":4},{"damage":9,"enemies":"Snake Plant","floor":29,"turns":3},{"damage":19,"enemies":"Book of Stabbing","floor":31,"turns":4},{"damage":11,"enemies":"Shelled Parasite and Fungi","floor":32,"turns":5},{"damage":26,"enemies":"downfall:Ironclad","floor":33,"turns":9},{"damage":17,"enemies":"3 Darklings","floor":36,"turns":6},{"damage":2,"enemies":"3 Shapes","floor":37,"turns":4},{"damage":6,"enemies":"downfall:FleeingMerchant","floor":39,"turns":4},{"damage":26,"enemies":"Maw","floor":40,"turns":8},{"damage":48,"enemies":"Giant Head","floor":43,"turns":8},{"damage":5,"enemies":"downfall:FleeingMerchant","floor":46,"turns":4},{"damage":22,"enemies":"Jaw Worm Horde","floor":47,"turns":4},{"damage":34,"enemies":"Sphere and 2 Shapes","floor":49,"turns":5},{"damage":12,"enemies":"downfall:Silent","floor":50,"turns":3}],"seed_played":"-849656970144702039","potions_obtained":[{"floor":9,"key":"SteroidPotion"},{"floor":11,"key":"SpeedPotion"},{"floor":14,"key":"Weak Potion"},{"floor":20,"key":"hexamod:EctoCoolerPotion"},{"floor":26,"key":"SteroidPotion"},{"floor":27,"key":"Fire Potion"},{"floor":28,"key":"Fruit Juice"},{"floor":28,"key":"EssenceOfSteel"},{"floor":31,"key":"SpeedPotion"},{"floor":36,"key":"Slimebound:ThreeZeroPotion"},{"floor":40,"key":"DuplicationPotion"},{"floor":43,"key":"DuplicationPotion"},{"floor":49,"key":"Fire Potion"}],"is_trial":false,"path_per_floor":["R","M","?","?","M","R","T","R","E","$","M","M","R","E","M","B",null,"R","M","M","T","$","?","T","M","?","M","?","M","R","E","M","B",null,"R","M","M","?","$","M","T","R","E","T","R","$","M","?","M","B"],"character_chosen":"THE_SPIRIT","items_purchased":["Omamori","expansioncontent:StudyTheSpire","ClockworkSouvenir","expansioncontent:DashGenerateEvil","DollysMirror","Incense Burner","LiquidBronze","expansioncontent:ManipulateTime+1","Master of Strategy+1"],"campfire_rested":4,"item_purchase_floors":[10,10,10,22,39,39,46,46,46],"current_hp_per_floor":[70,70,75,75,75,75,75,75,41,41,41,21,43,30,29,25,75,75,69,69,69,69,69,69,64,47,46,51,42,66,54,50,31,80,80,70,68,68,69,50,50,74,33,33,57,59,37,37,10,0,0,0],"gold":257,"neow_bonus":"UPGRADE_CARD","is_daily":false,"chose_seed":false,"campfire_upgraded":5,"win_rate":0.0,"timestamp":1610722702,"path_taken":["R","M","?","?","M","R","T","R","E","?","M","M","R","E","M","BOSS","R","M","M","?","$","?","T","M","?","M","?","?","R","E","M","BOSS","R","M","M","?","$","M","T","R","E","?","R","$","M","?","M","BOSS"],"items_purchased_type":["Relic","Card","Relic","Card","Relic","Relic","Potion","Card","Card"],"build_version":"2020-12-22","purchased_purges":0,"victory":false,"max_hp_per_floor":[70,70,75,75,75,75,75,75,75,75,75,75,75,75,75,75,75,75,75,75,75,75,75,75,75,75,75,80,80,80,80,80,80,80,80,80,80,80,80,80,80,80,80,80,80,80,80,80,80,80,80,80],"card_choices":[{"not_picked":["hexamod:Again","hexamod:Hexaguard"],"picked":"hexamod:FastForward","floor":2},{"not_picked":["hexamod:SpectralSpark","hexamod:SwordOfDarkness"],"picked":"hexamod:AdvancingGuard","floor":5},{"not_picked":["hexamod:BacktrackSmack","hexamod:ThermalTransfer"],"picked":"hexamod:SwordOfDarkness","floor":9},{"not_picked":["hexamod:AdvancingGuard","hexamod:VolcanoVisage"],"picked":"hexamod:InspiringFlames","floor":10},{"not_picked":["hexamod:PowerFromBeyond","hexamod:GhostOfSpirePresent"],"picked":"hexamod:SwordOfDarkness","floor":11},{"not_picked":["hexamod:SpectersWail","hexamod:BurningTouch","hexamod:Hexaguard"],"picked":"SKIP","floor":12},{"not_picked":["hexamod:AdvancingGuard","hexamod:ThermalTransfer","hexamod:GhostOfSpirePresent"],"picked":"SKIP","floor":14},{"not_picked":["hexamod:AdvancingGuard","hexamod:EmpoweringStance"],"picked":"hexamod:GhostOfSpirePast","floor":15},{"not_picked":["hexamod:RainOfEmbers","hexamod:ThermalTransfer","hexamod:Firestarter"],"picked":"SKIP","floor":19},{"not_picked":["hexamod:Hexaguard","hexamod:GhostLash"],"picked":"hexamod:SpectralAdrenaline","floor":20},{"not_picked":["hexamod:SuperheatedStrike","hexamod:EmpoweredFlame","hexamod:SoulSteal+1"],"picked":"SKIP","floor":22},{"not_picked":["hexamod:SpectersWail","hexamod:HeatCrush+1"],"picked":"hexamod:HauntingEcho","floor":25},{"not_picked":["hexamod:RainOfEmbers","hexamod:SpectralSpark+1"],"picked":"hexamod:SkipABeat+1","floor":26},{"not_picked":["hexamod:SpectersWail","hexamod:BacktrackSmack","hexamod:ThermalTransfer"],"picked":"SKIP","floor":27},{"not_picked":["hexamod:Incineration","hexamod:Hexaguard+1"],"picked":"hexamod:FirstSeal","floor":29},{"not_picked":["hexamod:SpectersWail+1","hexamod:ThermalTransfer"],"picked":"hexamod:InspiringFlames+1","floor":31},{"not_picked":["hexamod:DynamicBlow","hexamod:SoulSteal+1"],"picked":"hexamod:HauntingEcho+1","floor":32},{"not_picked":["hexamod:Toasty","hexamod:TimeWarp"],"picked":"hexamod:ApocalypticArmor","floor":33},{"not_picked":["hexamod:ThirdSeal","hexamod:ThermalTransfer","hexamod:NightmareStrike"],"picked":"SKIP","floor":36},{"not_picked":["hexamod:SwordOfDarkness","hexamod:SoulSteal+1"],"picked":"hexamod:HauntingEcho","floor":37},{"not_picked":["hexamod:GhostOfSpirePresent+1","hexamod:Toasty","hexamod:EtherealExpedition+1"],"picked":"SKIP","floor":39},{"not_picked":["hexamod:GhostOfSpirePast","hexamod:NightmareGuise+1","hexamod:BacktrackSmack+1"],"picked":"SKIP","floor":40},{"not_picked":["hexamod:InspiringFlames+1","hexamod:NightmareStrike","hexamod:SuperheatedStrike+1"],"picked":"SKIP","floor":43},{"not_picked":["hexamod:GhostShield+1","hexamod:Hexaguard+1","hexamod:FourthSeal"],"picked":"SKIP","floor":46},{"not_picked":["hexamod:NightmareStrike+1","hexamod:Hexaguard+1"],"picked":"hexamod:SkipABeat+1","floor":47},{"not_picked":["hexamod:NecessarySacrifice+1","hexamod:ExtraCrispy+1","hexamod:RainOfEmbers"],"picked":"SKIP","floor":49}],"player_experience":244513,"relics_obtained":[{"floor":7,"key":"CeramicFish"},{"floor":9,"key":"Old Coin"},{"floor":14,"key":"Akabeko"},{"floor":21,"key":"Toxic Egg 2"},{"floor":24,"key":"Nunchaku"},{"floor":26,"key":"Torii"},{"floor":26,"key":"Bottled Tornado"},{"floor":31,"key":"Art of War"},{"floor":43,"key":"Bottled Lightning"},{"floor":44,"key":"Oddly Smooth Stone"}],"event_choices":[{"damage_healed":0,"gold_gain":0,"player_choice":"Donut","damage_taken":0,"max_hp_gain":5,"max_hp_loss":0,"event_name":"Big Fish","floor":3,"gold_loss":0},{"damage_healed":0,"gold_gain":0,"player_choice":"Ignored","damage_taken":0,"max_hp_gain":0,"max_hp_loss":0,"event_name":"Vampires","floor":23,"gold_loss":0},{"damage_healed":0,"gold_gain":0,"player_choice":"Got Potions","damage_taken":0,"max_hp_gain":0,"max_hp_loss":0,"event_name":"Lab","floor":28,"gold_loss":0},{"damage_healed":0,"gold_gain":0,"cards_transformed":["Normality"],"player_choice":"Transformed","damage_taken":0,"max_hp_gain":0,"max_hp_loss":0,"event_name":"Transmorgrifier","floor":48,"gold_loss":0,"cards_obtained":["Injury"]}],"is_beta":false,"boss_relics":[{"not_picked":["Velvet Choker","Busted Crown"],"picked":"Cursed Key"},{"not_picked":["Pandora\u0027s Box","Sozu"],"picked":"hexamod:IceCube"}],"items_purged_floors":[],"is_endless":false,"potions_floor_spawned":[9,11,14,20,26,27,31,36,40,43,49],"killed_by":"downfall:Silent","ascension_level":0}}