{"host":"l84l8xigz5v5foa2","time":1610719641,"event":{"mods":["2.2 Compatiblity","AchievementEnabler","BaseMod","Better Note","Better Vampires","Card Filter","Colored Map","DeckTracker","Downfall","Gremlin Skip","Highlight Path","Keyboard Shortcuts","Minty Spire (QoL Compilation)","Permanent Neow","Quick Restart","Relic Filter","Relic Stats","StSLib","SuperFastMode","Transform Curses","Unknown Chances"],"gold_per_floor":[99,111,111,111,125,125,125,138,63,92,192,192,219,129,146,225,225,225,241,260,274,274,274,274,291,291,391,418,418,418,264,282,358,358,358,374,388,225,225,150,230,240,274,274,292,325,250,250,260,260,260,294,112,112,112],"floor_reached":56,"language":"ENG","playtime":3894,"items_purged":["Slimebound:Icky","Guardian:Strike_Guardian","Guardian:Defend_Guardian"],"score":2721,"play_id":"b7eee9ef-5cba-44df-a7ed-88b6a0f29f7b","local_time":"20210115230721","is_ascension_mode":true,"campfire_choices":[{"data":"Guardian:CurlUp","floor":1.0,"key":"SMITH"},{"data":"Guardian:TwinSlam","floor":6.0,"key":"SMITH"},{"data":"Guardian:SentryBeam","floor":9.0,"key":"SMITH"},{"data":"Guardian:BronzeArmor","floor":12.0,"key":"SMITH"},{"data":"Guardian:FuturePlans","floor":18.0,"key":"SMITH"},{"data":"Guardian:StasisEngine","floor":26.0,"key":"SMITH"},{"data":"Guardian:GemFinder","floor":29.0,"key":"SMITH"},{"floor":35.0,"key":"RECALL"},{"data":"Guardian:StasisEngine","floor":40.0,"key":"SMITH"},{"data":"Guardian:TimeCapacitor","floor":44.0,"key":"SMITH"},{"data":"Guardian:PolyBeam","floor":47.0,"key":"SMITH"},{"data":"Guardian:PrismaticBarrier","floor":54.0,"key":"SMITH"}],"circlet_count":0,"master_deck":["AscendersBane","Guardian:Defend_Guardian","Guardian:CurlUp+1","Guardian:TwinSlam+1","Guardian:BronzeArmor+1","Guardian:SentryBeam+1","Guardian:PrismaticBarrier+1","Guardian:DonusPower+1","Guardian:FuturePlans+1","Guardian:Suspension+1","Guardian:GemFinder+1","Guardian:Recover+1","Guardian:StasisEngine+1","Guardian:Clone+1","Guardian:StasisEngine+1","Guardian:PiercingHide+1","Guardian:DecasProtection+1","Guardian:Suspension+1","Guardian:PrimingBeam","Guardian:PolyBeam+1","Guardian:TimeCapacitor+1","Guardian:StasisField+1","Guardian:ExploitGems+1"],"relics":["Guardian:ModeShifter","Mercury Hourglass","downfall:ShatteredFragment","downfall:HeartBlessingBlue","Toxic Egg 2","Odd Mushroom","Coffee Dripper","Enchiridion","Bird Faced Urn","Akabeko","Singing Bowl","Philosopher\u0027s Stone","downfall:HeartBlessingRed","Bottled Tornado","InkBottle","Prayer Wheel","downfall:HeartBlessingGreen","Bottled Lightning"],"acts_visited":["Exordium","TheCity","TheBeyond","TheEnding"],"potions_floor_usage":[],"damage_taken":[{"damage":13.0,"enemies":"Cultist","floor":2.0,"turns":6.0},{"damage":0.0,"enemies":"Jaw Worm","floor":5.0,"turns":3.0},{"damage":0.0,"enemies":"2 Louse","floor":8.0,"turns":2.0},{"damage":5.0,"enemies":"3 Sentries","floor":10.0,"turns":4.0},{"damage":0.0,"enemies":"The Mushroom Lair","floor":13.0,"turns":3.0},{"damage":0.0,"enemies":"downfall:FleeingMerchant","floor":14.0,"turns":4.0},{"damage":0.0,"enemies":"Blue Slaver","floor":15.0,"turns":3.0},{"damage":19.0,"enemies":"downfall:Defect","floor":16.0,"turns":9.0},{"damage":9.0,"enemies":"3 Byrds","floor":19.0,"turns":4.0},{"damage":0.0,"enemies":"Cultist and Chosen","floor":20.0,"turns":6.0},{"damage":9.0,"enemies":"Snake Plant","floor":21.0,"turns":4.0},{"damage":0.0,"enemies":"Chosen and Byrds","floor":25.0,"turns":5.0},{"damage":14.0,"enemies":"downfall:Augmenter","floor":27.0,"turns":4.0},{"damage":0.0,"enemies":"Slavers","floor":28.0,"turns":5.0},{"damage":0.0,"enemies":"downfall:FleeingMerchant","floor":31.0,"turns":2.0},{"damage":0.0,"enemies":"Snecko","floor":32.0,"turns":3.0},{"damage":0.0,"enemies":"downfall:Silent","floor":33.0,"turns":3.0},{"damage":0.0,"enemies":"3 Shapes","floor":36.0,"turns":4.0},{"damage":11.0,"enemies":"Orb Walker","floor":37.0,"turns":4.0},{"damage":0.0,"enemies":"Sphere and 2 Shapes","floor":42.0,"turns":2.0},{"damage":0.0,"enemies":"Giant Head","floor":43.0,"turns":3.0},{"damage":5.0,"enemies":"Transient","floor":45.0,"turns":2.0},{"damage":0.0,"enemies":"Reptomancer","floor":46.0,"turns":2.0},{"damage":0.0,"enemies":"4 Shapes","floor":49.0,"turns":2.0},{"damage":0.0,"enemies":"downfall:Watcher","floor":50.0,"turns":2.0},{"damage":16.0,"enemies":"downfall:CharBossMerchant","floor":52.0,"turns":3.0},{"damage":0,"enemies":"downfall:NeowBoss","floor":55,"turns":10}],"seed_played":"-8604693026357404050","potions_obtained":[{"floor":2.0,"key":"Dexterity Potion"},{"floor":5.0,"key":"Strength Potion"},{"floor":13.0,"key":"Dexterity Potion"},{"floor":21.0,"key":"LiquidBronze"},{"floor":25.0,"key":"hexamod:EctoCoolerPotion"},{"floor":32.0,"key":"Guardian:DefensiveModePotion"},{"floor":33.0,"key":"Explosive Potion"},{"floor":52.0,"key":"Weak Potion"}],"is_trial":false,"path_per_floor":["R","M","T","?","M","R","T","M","R","E","?","R","?","$","M","B",null,"R","M","M","M","?","?","T","M","R","?","E","R","?","$","M","B",null,"R","M","M","$","?","R","T","M","E","R","M","E","R","?","M","B",null,"E","$","R","B",null],"character_chosen":"GUARDIAN","items_purchased":["Singing Bowl","Guardian:PolyBeam","Guardian:ExploitGems+1","Weak Potion"],"campfire_rested":0,"item_purchase_floors":[31,31,38,53],"current_hp_per_floor":[65,52,52,28,28,28,28,28,38,33,33,33,33,33,33,14,65,65,56,56,47,47,26,26,34,34,32,44,44,44,58,72,86,86,86,88,79,79,79,79,79,92,94,94,96,98,98,98,104,104,104,102,102,102,110],"gold":112,"neow_bonus":"REMOVE_CARD","is_daily":false,"chose_seed":false,"campfire_upgraded":11,"win_rate":0.0,"timestamp":1610719641,"path_taken":["R","M","?","?","M","R","T","M","R","E","?","R","?","?","M","BOSS","R","M","M","M","?","?","T","M","R","?","E","R","?","$","M","BOSS","R","M","M","$","?","R","T","?","E","R","M","E","R","?","M","BOSS","E","$","R","BOSS"],"items_purchased_type":["Relic","Card","Card","Potion"],"build_version":"2020-12-22","purchased_purges":3,"victory":true,"max_hp_per_floor":[72,72,72,72,72,72,72,72,82,82,82,82,82,82,82,82,82,82,82,82,82,82,82,82,82,82,82,82,82,82,82,84,86,86,86,88,90,90,90,90,90,92,94,94,96,98,98,98,104,104,104,110,110,110,110],"relic_stats":{"Singing Bowl":28,"counters":[27,102],"Bird Faced Urn":[102],"Prayer Wheel":1,"obtain_stats":[{"downfall:ShatteredFragment":4,"Singing Bowl":31,"downfall:HeartBlessingRed":40,"Guardian:ModeShifter":0,"Enchiridion":23,"downfall:HeartBlessingGreen":47,"Odd Mushroom":13,"Bottled Tornado":41,"Akabeko":28,"Mercury Hourglass":3,"downfall:HeartBlessingBlue":9,"Bird Faced Urn":24,"Philosopher\u0027s Stone":34,"Prayer Wheel":46,"Coffee Dripper":17,"Bottled Lightning":52,"Toxic Egg 2":10,"InkBottle":43},{"downfall:ShatteredFragment":1,"Singing Bowl":15,"downfall:HeartBlessingRed":19,"Guardian:ModeShifter":0,"Enchiridion":11,"downfall:HeartBlessingGreen":23,"Odd Mushroom":5,"Bottled Tornado":19,"Akabeko":14,"Mercury Hourglass":1,"downfall:HeartBlessingBlue":3,"Bird Faced Urn":11,"Philosopher\u0027s Stone":17,"Prayer Wheel":23,"Coffee Dripper":8,"Bottled Lightning":26,"Toxic Egg 2":4,"InkBottle":21},{"downfall:ShatteredFragment":6,"Singing Bowl":63,"downfall:HeartBlessingRed":76,"Guardian:ModeShifter":0,"Enchiridion":48,"downfall:HeartBlessingGreen":85,"Odd Mushroom":18,"Bottled Tornado":76,"Akabeko":61,"Mercury Hourglass":6,"downfall:HeartBlessingBlue":11,"Bird Faced Urn":48,"Philosopher\u0027s Stone":69,"Prayer Wheel":85,"Coffee Dripper":34,"Bottled Lightning":92,"Toxic Egg 2":15,"InkBottle":81}],"InkBottle":[38],"Mercury Hourglass":[369]},"card_choices":[{"not_picked":["Guardian:CrystalBeam","Guardian:DonusPower"],"picked":"Guardian:BronzeArmor","floor":2.0},{"not_picked":["Guardian:PolyBeam","Guardian:Suspension"],"picked":"Guardian:SentryBeam","floor":5.0},{"not_picked":["Guardian:TimeCapacitor","Guardian:GuardianWhirl"],"picked":"Guardian:PrismaticBarrier","floor":8.0},{"not_picked":["Guardian:MultiBeam","Guardian:FloatingOrbs"],"picked":"Guardian:DonusPower+1","floor":10.0},{"not_picked":["Guardian:Gem_Red","Guardian:PrimingBeam"],"picked":"Guardian:FuturePlans","floor":13.0},{"not_picked":["Guardian:Gem_White","Guardian:Reroute"],"picked":"Guardian:Gem_Synthetic","floor":14.0},{"not_picked":["Guardian:CrystalBeam","Guardian:GuardianWhirl"],"picked":"Guardian:Suspension+1","floor":15.0},{"not_picked":["Guardian:StasisEngine","Guardian:ExploitGems+1"],"picked":"Guardian:GemFinder","floor":16.0},{"not_picked":["Guardian:Incinerate","Guardian:Emergency+1"],"picked":"Guardian:Recover+1","floor":19.0},{"not_picked":["Guardian:Gem_Red","Guardian:Gem_Green"],"picked":"Guardian:Gem_Cyan","floor":19.0},{"not_picked":["Guardian:Gem_Red","Guardian:RefractedBeam"],"picked":"Guardian:StasisEngine","floor":20.0},{"not_picked":["Guardian:Gem_Green","Guardian:Gem_Red"],"picked":"Guardian:Gem_Cyan","floor":20.0},{"not_picked":["Guardian:PiercingHide+1","Guardian:ChargeCore+1"],"picked":"Guardian:Clone+1","floor":21.0},{"not_picked":["Guardian:Gem_Red","Guardian:Gem_Green"],"picked":"Guardian:Gem_Cyan","floor":21.0},{"not_picked":["Guardian:Gem_Green","Guardian:Gem_Cyan"],"picked":"Guardian:Gem_Red","floor":25.0},{"not_picked":["Guardian:PiercingHide+1","Guardian:Planning+1"],"picked":"Guardian:StasisEngine","floor":25.0},{"not_picked":["Guardian:Emergency+1","Guardian:Recover+1"],"picked":"Guardian:DecasProtection+1","floor":27.0},{"not_picked":["Guardian:AncientConstruct","Guardian:WalkerClaw"],"picked":"Guardian:Suspension+1","floor":28.0},{"not_picked":["Guardian:Gem_Green","Guardian:Gem_Lightblue"],"picked":"Guardian:Gem_Cyan","floor":28.0},{"not_picked":["Guardian:Recover+1","Guardian:Gem_Cyan"],"picked":"Guardian:PrimingBeam","floor":31.0},{"not_picked":["Guardian:PiercingHide+1","Guardian:VentSteam+1"],"picked":"Guardian:TimeCapacitor","floor":32.0},{"not_picked":["Guardian:Gem_Red","Guardian:Gem_Green","Guardian:Gem_Lightblue"],"picked":"Singing Bowl","floor":32.0},{"not_picked":["Guardian:GemFinder","Guardian:HyperBeam_Guardian"],"picked":"Guardian:StasisField+1","floor":33.0},{"not_picked":["Guardian:Gem_Cyan","Guardian:Gem_Green","Guardian:Gem_Lightblue"],"picked":"Singing Bowl","floor":33.0},{"not_picked":["Guardian:ChargeCore","Guardian:PrimingBeam"],"picked":"Guardian:Incinerate","floor":36.0},{"not_picked":["Guardian:Gem_Lightblue","Guardian:Gem_Cyan","Guardian:Gem_Red"],"picked":"Singing Bowl","floor":36.0},{"not_picked":["Guardian:Planning+1","Guardian:Reroute+1","Guardian:ChargeUp+1"],"picked":"Singing Bowl","floor":37.0},{"not_picked":["Guardian:CrystalBeam","Guardian:SpikerProtocol","Guardian:Reroute"],"picked":"Singing Bowl","floor":42.0},{"not_picked":["Guardian:Gem_Cyan","Guardian:Gem_Red"],"picked":"Guardian:Gem_Green","floor":42.0},{"not_picked":["Guardian:Gem_Red","Guardian:Gem_Green"],"picked":"Guardian:Gem_Cyan","floor":43.0},{"not_picked":["Guardian:Gem_Lightblue","Guardian:Gem_Green"],"picked":"Guardian:Gem_Red","floor":43.0},{"not_picked":["Guardian:Recover+1","Guardian:TemporalStrike","Guardian:Gem_Red"],"picked":"Singing Bowl","floor":43.0},{"not_picked":["Guardian:PiercingHide+1","Guardian:Gem_Red"],"picked":"Guardian:Gem_Fragmented","floor":45.0},{"not_picked":["Guardian:Gem_Green","Guardian:Gem_Lightblue"],"picked":"Guardian:Gem_Cyan","floor":45.0},{"not_picked":["Guardian:Gem_Lightblue","Guardian:Gem_Green","Guardian:Gem_Red"],"picked":"Singing Bowl","floor":45.0},{"not_picked":["Guardian:PiercingHide+1","Guardian:CrystalBeam+1","Guardian:ChargeCore+1"],"picked":"Singing Bowl","floor":46.0},{"not_picked":["Guardian:Gem_Red","Guardian:Gem_Lightblue"],"picked":"Guardian:Gem_Cyan","floor":46.0},{"not_picked":["Guardian:Planning+1","Guardian:Gem_Cyan","Guardian:PolyBeam"],"picked":"Singing Bowl","floor":49.0},{"not_picked":["Guardian:Suspension+1","Guardian:VentSteam+1","Guardian:WalkerClaw"],"picked":"Singing Bowl","floor":49.0},{"not_picked":["Guardian:Gem_Red","Guardian:Gem_Lightblue","Guardian:Gem_Green"],"picked":"Singing Bowl","floor":49.0},{"not_picked":["Guardian:ChargeCore","Guardian:Suspension+1","Guardian:TemporalShield+1"],"picked":"Singing Bowl","floor":52.0},{"not_picked":["Guardian:Gem_Lightblue","Guardian:Gem_Red","Guardian:Gem_Cyan"],"picked":"Singing Bowl","floor":52.0},{"not_picked":["Guardian:Gem_Cyan","Guardian:Gem_Lightblue","Guardian:Gem_Red"],"picked":"Singing Bowl","floor":52.0}],"player_experience":3226326,"relics_obtained":[{"floor":3.0,"key":"Mercury Hourglass"},{"floor":10.0,"key":"Toxic Egg 2"},{"floor":13.0,"key":"Odd Mushroom"},{"floor":23.0,"key":"Enchiridion"},{"floor":24.0,"key":"Bird Faced Urn"},{"floor":28.0,"key":"Akabeko"},{"floor":41.0,"key":"Bottled Tornado"},{"floor":43.0,"key":"InkBottle"},{"floor":46.0,"key":"Prayer Wheel"},{"floor":52.0,"key":"Bottled Lightning"}],"event_choices":[{"damage_healed":0.0,"max_hp_gain":0.0,"max_hp_loss":0.0,"gold_gain":0.0,"event_name":"Mushrooms","player_choice":"Fought Mushrooms","floor":13.0,"gold_loss":0.0,"damage_taken":0.0},{"cards_removed":["Guardian:Defend_Guardian"],"damage_healed":0.0,"max_hp_gain":0.0,"max_hp_loss":0.0,"gold_gain":0.0,"event_name":"Back to Basics","player_choice":"Elegance","floor":22.0,"gold_loss":0.0,"damage_taken":0.0},{"cards_removed":["Guardian:Strike_Guardian"],"damage_healed":0.0,"max_hp_gain":0.0,"max_hp_loss":0.0,"gold_gain":0.0,"event_name":"Bonfire Elementals","player_choice":"Offered Basic","floor":39.0,"gold_loss":0.0,"damage_taken":0.0},{"cards_removed":["Guardian:Incinerate"],"damage_healed":0.0,"max_hp_gain":0.0,"max_hp_loss":0.0,"gold_gain":0.0,"event_name":"Falling","player_choice":"Removed Attack","floor":48.0,"gold_loss":0.0,"damage_taken":0.0}],"is_beta":false,"boss_relics":[{"not_picked":["expansioncontent:StudyCardRelic","Astrolabe"],"picked":"Coffee Dripper"},{"not_picked":["Fusion Hammer","Empty Cage"],"picked":"Philosopher\u0027s Stone"}],"items_purged_floors":[14,31,53],"is_endless":false,"potions_floor_spawned":[2,5,13,21,25,32,33,36,37,42,52],"ascension_level":20}}