{"host":"ixbvfs3so5a39bhe","time":1610705060,"event":{"mods":["BaseMod","Minty Spire (QoL Compilation)","Quick Restart","StSLib"],"gold_per_floor":[114,114,114,124,43,75,85,85,85,85,85],"floor_reached":10,"language":"ZHS","playtime":246,"items_purged":[],"score":105,"play_id":"b6fc3675-5802-4cc3-bc0f-db12e45a0395","local_time":"20210115180420","is_ascension_mode":true,"campfire_choices":[{"data":"Fire Breathing","floor":8,"key":"SMITH"}],"circlet_count":0,"master_deck":["Strike_R","Strike_R","Strike_R","Strike_R","Strike_R","Defend_R","Defend_R","Defend_R","Defend_R","Fire Breathing+1","Battle Trance+1"],"relics":["Burning Blood","NeowsBlessing","Strawberry","Toxic Egg 2","Matryoshka"],"acts_visited":["Exordium"],"potions_floor_usage":[],"damage_taken":[{"damage":0,"enemies":"Cultist","floor":1,"turns":1},{"damage":0,"enemies":"Jaw Worm","floor":4,"turns":1},{"damage":0,"enemies":"3 Sentries","floor":6,"turns":2},{"damage":20,"enemies":"Small Slimes","floor":7,"turns":4},{"damage":75,"enemies":"Lagavulin","floor":10,"turns":6}],"seed_played":"-1607518448274687323","potions_obtained":[{"floor":4,"key":"BlessingOfTheForge"}],"is_trial":false,"path_per_floor":["M","?","T","M","$","E","M","R","T","E"],"character_chosen":"IRONCLAD","items_purchased":["Fire Breathing"],"campfire_rested":0,"item_purchase_floors":[5],"current_hp_per_floor":[80,73,80,86,86,87,73,73,73,0,0],"gold":85,"neow_bonus":"THREE_ENEMY_KILL","is_daily":false,"chose_seed":false,"campfire_upgraded":1,"win_rate":0.0,"timestamp":1610705060,"path_taken":["M","?","?","M","$","E","?","R","T","E"],"items_purchased_type":["Card"],"build_version":"2020-12-22","purchased_purges":0,"victory":false,"max_hp_per_floor":[80,80,87,87,87,87,87,87,87,87,87],"card_choices":[{"not_picked":["Headbutt","Flex","Anger"],"picked":"SKIP","floor":1},{"not_picked":["Dropkick","Clothesline","Infernal Blade"],"picked":"SKIP","floor":4},{"not_picked":["Hemokinesis","Inflame","True Grit+1"],"picked":"SKIP","floor":6},{"not_picked":["True Grit+1","Thunderclap"],"picked":"Battle Trance+1","floor":7}],"player_experience":151624,"relics_obtained":[{"floor":3,"key":"Strawberry"},{"floor":6,"key":"Toxic Egg 2"},{"floor":9,"key":"Matryoshka"}],"event_choices":[{"cards_removed":["Bash"],"damage_healed":0,"gold_gain":0,"player_choice":"Card Removal","damage_taken":7,"max_hp_gain":0,"max_hp_loss":0,"event_name":"Golden Wing","floor":2,"gold_loss":0}],"is_beta":false,"boss_relics":[],"items_purged_floors":[],"is_endless":false,"potions_floor_spawned":[4],"killed_by":"Lagavulin","ascension_level":3}}