{"host":"9slw7l0ws16384qq","time":1610709476,"event":{"mods":["BaseMod","Colored Map","Hubris","Minty Spire (QoL Compilation)","Replay The Spire","Shedinja","StSLib","The Dragon Tamer","The Marked"],"gold_per_floor":[114,114,114,134,151,151,151],"floor_reached":6,"language":"FRA","playtime":76,"items_purged":[],"score":36,"play_id":"e89715d2-8f68-47b2-a3f7-cf85f9ec063a","local_time":"20210115121756","is_ascension_mode":false,"campfire_choices":[],"circlet_count":0,"master_deck":["Shedinja:Scratch","Shedinja:Scratch","Shedinja:Scratch","Shedinja:Scratch","Shedinja:Scratch","Shedinja:Endure","Shedinja:Endure","Shedinja:Endure","Shedinja:Endure","Shedinja:Endure","Shedinja:FocusSash","ReplayTheSpireMod:IOU","Survivor"],"relics":["Shedinja:WonderGuard","NeowsBlessing","ReplayTheSpireMod:Ring of Exchange","Ring of Panic"],"acts_visited":["Exordium"],"potions_floor_usage":[],"damage_taken":[{"damage":0,"enemies":"Jaw Worm","floor":1,"turns":1},{"damage":0,"enemies":"2 Louse","floor":4,"turns":1},{"damage":0,"enemies":"Cultist","floor":5,"turns":1},{"damage":0,"enemies":"Gremlin Nob","floor":6,"turns":1}],"seed_played":"5580884868714122101","potions_obtained":[],"is_trial":false,"path_per_floor":["M","?","?","M","M","E"],"character_chosen":"THE_DEFAULT","items_purchased":[],"campfire_rested":0,"item_purchase_floors":[],"current_hp_per_floor":[1,1,1,1,1,1,1],"gold":151,"neow_bonus":"THREE_ENEMY_KILL","is_daily":false,"chose_seed":false,"campfire_upgraded":0,"win_rate":0.0,"timestamp":1610709476,"path_taken":["M","?","?","?","M","E"],"items_purchased_type":[],"build_version":"2020-12-22","purchased_purges":0,"victory":false,"max_hp_per_floor":[1,1,1,1,1,1,1],"card_choices":[{"not_picked":["Shedinja:WillOWisp","Shedinja:NightSlash","Shedinja:Ether"],"picked":"SKIP","floor":1},{"not_picked":["Shedinja:Thief","Shedinja:ShadowBall","Shedinja:Facade"],"picked":"SKIP","floor":4},{"not_picked":["Shedinja:Facade","Shedinja:StruggleBug","Shedinja:Thief"],"picked":"SKIP","floor":5}],"player_experience":1621895,"relics_obtained":[{"floor":2,"key":"ReplayTheSpireMod:Ring of Exchange"},{"floor":2,"key":"Ring of Panic"}],"event_choices":[{"cards_removed":["Shedinja:FocusSash"],"damage_healed":0,"gold_gain":0,"player_choice":"Took Card","damage_taken":0,"max_hp_gain":0,"max_hp_loss":0,"event_name":"NoteForYourself","floor":3,"gold_loss":0,"cards_obtained":["Survivor"]}],"is_beta":false,"boss_relics":[],"items_purged_floors":[],"is_endless":false,"potions_floor_spawned":[],"killed_by":"Gremlin Nob","ascension_level":0}}