{"host":"c3lc60y5x60jlt1y","time":1610712901,"event":{"mods":["AchievementEnabler","BaseMod","Bestiary","Colored Map","Minty Spire (QoL Compilation)","Quick Restart","StSLib","ojb\u0027s Info Mod"],"gold_per_floor":[365,365,1,18,36,61,61,26,105,139,39,55,55,71,71,71,71],"floor_reached":16,"language":"ENG","playtime":754,"items_purged":["Doubt","Strike_B"],"score":176,"play_id":"a90bfb11-cb81-4db9-a8fa-800fd5748df9","local_time":"20210115141501","is_ascension_mode":true,"campfire_choices":[{"data":"Blade Dance","floor":7,"key":"SMITH"},{"data":"Prostrate","floor":13,"key":"SMITH"},{"data":"Fission","floor":15,"key":"SMITH"}],"circlet_count":0,"master_deck":["Strike_B","Strike_B+1","Strike_B","Defend_B","Defend_B","Defend_B","Defend_B","Zap","Dualcast","Auto Shields+1","Headbutt","Blade Dance+1","Evaluate","Prostrate+1","Fission+1"],"relics":["Cracked Core","DataDisk","PrismaticShard","Lantern","Gremlin Horn","Letter Opener"],"acts_visited":["Exordium"],"potions_floor_usage":[10,16],"damage_taken":[{"damage":2,"enemies":"2 Louse","floor":1,"turns":2},{"damage":2,"enemies":"Jaw Worm","floor":4,"turns":3},{"damage":3,"enemies":"Small Slimes","floor":5,"turns":3},{"damage":30,"enemies":"3 Sentries","floor":6,"turns":7},{"damage":0,"enemies":"Gremlin Nob","floor":10,"turns":3},{"damage":0,"enemies":"Looter","floor":12,"turns":3},{"damage":0,"enemies":"2 Fungi Beasts","floor":14,"turns":2},{"damage":35,"enemies":"Hexaghost","floor":16,"turns":10}],"seed_played":"4547303604989067557","potions_obtained":[{"floor":4,"key":"SpeedPotion"},{"floor":6,"key":"Weak Potion"},{"floor":10,"key":"Fire Potion"}],"is_trial":false,"path_per_floor":["M","?","$","M","M","E","R","?","T","E","$","M","R","M","R","B"],"character_chosen":"DEFECT","items_purchased":["DataDisk","PrismaticShard"],"campfire_rested":0,"item_purchase_floors":[3,3],"current_hp_per_floor":[66,51,51,49,46,16,16,34,34,34,34,34,34,34,34,0,0],"gold":71,"neow_bonus":"TWO_FIFTY_GOLD","is_daily":false,"chose_seed":false,"campfire_upgraded":3,"win_rate":0.0,"timestamp":1610712901,"path_taken":["M","?","$","M","M","E","R","?","T","E","?","M","R","M","R","BOSS"],"items_purchased_type":["Relic","Relic"],"build_version":"2020-12-22","purchased_purges":2,"victory":false,"max_hp_per_floor":[75,75,75,75,75,75,75,75,75,75,75,75,75,75,75,75,75],"card_choices":[{"not_picked":["Gash","Loop"],"picked":"Auto Shields","floor":1},{"not_picked":["Poisoned Stab","Sucker Punch"],"picked":"Headbutt","floor":4},{"not_picked":["FlyingSleeves","Finisher","BowlingBash"],"picked":"SKIP","floor":5},{"not_picked":["Hologram","FTL"],"picked":"Blade Dance","floor":6},{"not_picked":["Limit Break","PathToVictory"],"picked":"Evaluate","floor":10},{"not_picked":["Clash","Loop"],"picked":"Prostrate","floor":12},{"not_picked":["Accuracy","Bloodletting"],"picked":"Fission","floor":14}],"player_experience":8074539,"relics_obtained":[{"floor":6,"key":"Lantern"},{"floor":9,"key":"Gremlin Horn"},{"floor":10,"key":"Letter Opener"}],"event_choices":[{"damage_healed":0,"gold_gain":0,"player_choice":"Entered Light","damage_taken":15,"max_hp_gain":0,"max_hp_loss":0,"event_name":"Shining Light","floor":2,"gold_loss":0,"cards_upgraded":["Strike_B","Auto Shields"]},{"damage_healed":18,"gold_gain":0,"player_choice":"Healed","damage_taken":0,"max_hp_gain":0,"max_hp_loss":0,"event_name":"The Cleric","floor":8,"gold_loss":35}],"is_beta":false,"boss_relics":[],"items_purged_floors":[3,11],"is_endless":false,"potions_floor_spawned":[4,6,10],"killed_by":"Hexaghost","ascension_level":6}}