{"host":"wha9hktbkslqvblg","time":1610716650,"event":{"mods":["BaseMod","Colored Map","Minty Spire (QoL Compilation)","Relic Stats","SuperFastMode","everything is the same but u backflip on backflip"],"gold_per_floor":[111,111,111,32,51,51,86,86,86,11,40,40,40,40,40,138,138,162,77,49,49,99,134,134,148,148,163,188,188,231,231,231,321,321,321,321],"floor_reached":35,"language":"KOR","playtime":634,"items_purged":["Strike_G"],"score":864,"play_id":"b01ab3b5-dccc-4147-bf49-d6ea1cda4687","local_time":"20210115221730","is_ascension_mode":true,"campfire_choices":[{"data":"Noxious Fumes","floor":6.0,"key":"SMITH"},{"data":"Bouncing Flask","floor":8.0,"key":"SMITH"},{"floor":12.0,"key":"REST"},{"floor":15.0,"key":"RECALL"},{"floor":24.0,"key":"REST"},{"data":"Wraith Form v2","floor":29.0,"key":"SMITH"},{"data":"Venomology","floor":32.0,"key":"SMITH"}],"circlet_count":0,"master_deck":["AscendersBane","Defend_G","Defend_G","Defend_G","Survivor","Neutralize","Noxious Fumes+1","Acrobatics","Bouncing Flask+1","A Thousand Cuts+1","Glass Knife+1","Glass Knife+1","Backflip","Venomology+1","Doppelganger","Wraith Form v2+1","After Image"],"relics":["Ring of the Snake","NeowsBlessing","Akabeko","HornCleat","White Beast Statue","Golden Idol","Astrolabe","Bag of Preparation","Blood Vial","Incense Burner","Sozu"],"acts_visited":["Exordium","TheCity","TheBeyond"],"potions_floor_usage":[],"damage_taken":[{"damage":0.0,"enemies":"Cultist","floor":1.0,"turns":1.0},{"damage":0.0,"enemies":"Jaw Worm","floor":5.0,"turns":1.0},{"damage":0.0,"enemies":"Lagavulin","floor":7.0,"turns":1.0},{"damage":24.0,"enemies":"Gremlin Nob","floor":11.0,"turns":4.0},{"damage":0.0,"enemies":"3 Sentries","floor":14.0,"turns":1.0},{"damage":21.0,"enemies":"The Guardian","floor":16.0,"turns":8.0},{"damage":5.0,"enemies":"3 Byrds","floor":18.0,"turns":3.0},{"damage":18.0,"enemies":"Book of Stabbing","floor":23.0,"turns":4.0},{"damage":3.0,"enemies":"2 Thieves","floor":25.0,"turns":3.0},{"damage":10.0,"enemies":"Centurion and Healer","floor":27.0,"turns":6.0},{"damage":0.0,"enemies":"Snecko","floor":28.0,"turns":3.0},{"damage":12.0,"enemies":"Gremlin Leader","floor":30.0,"turns":5.0},{"damage":10.0,"enemies":"Collector","floor":33.0,"turns":9.0},{"damage":0,"enemies":"3 Shapes","floor":35,"turns":1}],"seed_played":"6759082269474775921","potions_obtained":[{"floor":3.0,"key":"SmokeBomb"},{"floor":3.0,"key":"LiquidBronze"},{"floor":16.0,"key":"Explosive Potion"},{"floor":18.0,"key":"Swift Potion"},{"floor":23.0,"key":"Block Potion"},{"floor":25.0,"key":"Fire Potion"},{"floor":28.0,"key":"DuplicationPotion"},{"floor":30.0,"key":"Dexterity Potion"},{"floor":33.0,"key":"Explosive Potion"}],"is_trial":false,"path_per_floor":["M","?","?","$","M","R","E","R","T","$","E","R","?","E","R","B",null,"M","?","$","?","?","E","R","M","T","M","M","R","E","?","R","B",null,"M"],"character_chosen":"THE_SILENT","items_purchased":["Noxious Fumes","Backflip"],"campfire_rested":2,"item_purchase_floors":[4,20],"current_hp_per_floor":[59,52,52,52,52,52,52,52,52,52,28,47,47,47,47,26,52,47,47,47,47,47,29,47,46,46,38,40,40,30,30,30,22,51,53,53],"gold":321,"neow_bonus":"THREE_ENEMY_KILL","is_daily":false,"chose_seed":false,"campfire_upgraded":4,"win_rate":0.0,"timestamp":1610716650,"path_taken":["M","?","?","$","?","R","E","R","T","$","E","R","?","E","R","BOSS","M","?","$","?","?","E","R","M","T","?","M","R","E","?","R","BOSS","M"],"items_purchased_type":["Card","Card"],"build_version":"2020-12-22","purchased_purges":1,"victory":false,"max_hp_per_floor":[66,66,66,66,66,66,66,66,66,66,66,66,60,60,60,60,60,60,60,60,60,60,60,60,60,60,60,60,60,60,60,60,60,60,60,60],"relic_stats":{"Blood Vial":12,"Sozu":0,"counters":[14,50],"Golden Idol":78,"Astrolabe":["A Thousand Cuts","Glass Knife","Glass Knife"],"Bag of Preparation":[14],"obtain_stats":[{"Blood Vial":23,"Sozu":34,"HornCleat":9,"NeowsBlessing":0,"Golden Idol":13,"Astrolabe":17,"Bag of Preparation":19,"Incense Burner":30,"Akabeko":7,"White Beast Statue":11,"Ring of the Snake":0},{"Blood Vial":8,"Sozu":13,"HornCleat":3,"NeowsBlessing":0,"Golden Idol":4,"Astrolabe":6,"Bag of Preparation":7,"Incense Burner":12,"Akabeko":3,"White Beast Statue":4,"Ring of the Snake":0},{"Blood Vial":23,"Sozu":49,"HornCleat":3,"NeowsBlessing":0,"Golden Idol":7,"Astrolabe":16,"Bag of Preparation":19,"Incense Burner":40,"Akabeko":3,"White Beast Statue":7,"Ring of the Snake":0}],"Ring of the Snake":[28]},"card_choices":[{"not_picked":["Slice","Underhanded Strike","Dodge and Roll"],"picked":"SKIP","floor":1.0},{"not_picked":["Backstab","Sucker Punch"],"picked":"Acrobatics","floor":5.0},{"not_picked":["Endless Agony","Accuracy"],"picked":"Bouncing Flask","floor":7.0},{"not_picked":["Flying Knee","Sucker Punch","Bane"],"picked":"SKIP","floor":11.0},{"not_picked":["Heel Hook","Choke","Skewer"],"picked":"SKIP","floor":18.0},{"not_picked":["Leg Sweep","Quick Slash","Poisoned Stab"],"picked":"SKIP","floor":23.0},{"not_picked":["Bane","Underhanded Strike","Infinite Blades"],"picked":"SKIP","floor":25.0},{"not_picked":["Cloak And Dagger","Underhanded Strike","Endless Agony"],"picked":"SKIP","floor":27.0},{"not_picked":["Dagger Spray","Backflip"],"picked":"Wraith Form v2","floor":28.0},{"not_picked":["PiercingWail","Bane","Dodge and Roll"],"picked":"SKIP","floor":30.0},{"not_picked":["Unload","Envenom"],"picked":"After Image","floor":33.0}],"player_experience":974298,"relics_obtained":[{"floor":7.0,"key":"Akabeko"},{"floor":9.0,"key":"HornCleat"},{"floor":11.0,"key":"White Beast Statue"},{"floor":23.0,"key":"Blood Vial"},{"floor":30.0,"key":"Incense Burner"}],"event_choices":[{"cards_removed":["Defend_G"],"damage_healed":0.0,"max_hp_gain":0.0,"max_hp_loss":0.0,"gold_gain":0.0,"event_name":"Golden Wing","player_choice":"Card Removal","floor":2.0,"gold_loss":0.0,"damage_taken":7.0},{"damage_healed":0.0,"max_hp_gain":0.0,"max_hp_loss":0.0,"gold_gain":0.0,"event_name":"Lab","player_choice":"Got Potions","floor":3.0,"gold_loss":0.0,"damage_taken":0.0},{"damage_healed":0.0,"max_hp_gain":0.0,"max_hp_loss":6.0,"gold_gain":0.0,"event_name":"Golden Idol","player_choice":"Lose Max HP","floor":13.0,"gold_loss":0.0,"damage_taken":0.0,"relics_obtained":["Golden Idol"]},{"damage_healed":0.0,"max_hp_gain":0.0,"max_hp_loss":0.0,"gold_gain":0.0,"event_name":"Addict","player_choice":"Obtained Relic","floor":19.0,"gold_loss":85.0,"damage_taken":0.0,"relics_obtained":["Bag of Preparation"]},{"damage_healed":0.0,"max_hp_gain":0.0,"max_hp_loss":0.0,"gold_gain":0.0,"cards_transformed":["Strike_G","Defend_G"],"event_name":"Drug Dealer","player_choice":"Became Test Subject","floor":21.0,"gold_loss":0.0,"damage_taken":0.0,"cards_obtained":["Venomology","Doppelganger"]},{"damage_healed":0.0,"max_hp_gain":0.0,"max_hp_loss":0.0,"gold_gain":50.0,"event_name":"Golden Shrine","player_choice":"Pray","floor":22.0,"gold_loss":0.0,"damage_taken":0.0},{"damage_healed":0.0,"max_hp_gain":0.0,"max_hp_loss":0.0,"gold_gain":0.0,"event_name":"Cursed Tome","player_choice":"Ignored","floor":31.0,"gold_loss":0.0,"damage_taken":0.0}],"is_beta":false,"boss_relics":[{"not_picked":["Snecko Eye","Runic Pyramid"],"picked":"Astrolabe"},{"not_picked":["Ring of the Serpent","Velvet Choker"],"picked":"Sozu"}],"items_purged_floors":[10],"is_endless":false,"potions_floor_spawned":[14,16,18,23,25,27,28,30,33],"killed_by":"3 Shapes","ascension_level":20}}