{"host":"56ghxnzsglgdq727","time":1610739780,"event":{"mods":["AchievementEnabler","BaseMod","Downfall","Duelist Mod","Minty Spire (QoL Compilation)","Rare Cards Sparkle","StSLib","The Bug Knight","The Exalted","The Senshi","The Wild Card"],"gold_per_floor":[15,15,34,34,44,44,76,76,103,123,158,135,163,178,178,281,281,292,140,140,151,151,151,151],"floor_reached":23,"language":"ENG","playtime":1413,"items_purged":[],"score":272,"play_id":"23e43856-31b5-496b-b018-fa8aa3315378","local_time":"20210115144300","is_ascension_mode":true,"campfire_choices":[{"data":"theDuelist:GiantTrapHole","floor":6,"key":"SMITH"},{"floor":8,"key":"REST"},{"floor":15,"key":"REST"}],"circlet_count":0,"master_deck":["theDuelist:CastleWalls","theDuelist:CastleWalls","theDuelist:DarkMagician","theDuelist:MysticalElf","theDuelist:MysticalElf","theDuelist:NeoMagic","theDuelist:NeoMagic","theDuelist:Sparks","theDuelist:Sparks","theDuelist:Sparks","theDuelist:GiantTrapHole+1","theDuelist:ExodiaRL","theDuelist:InjectionFairy","theDuelist:PotAvarice","theDuelist:HammerShot","theDuelist:ExodiaHead","theDuelist:ExodiaLA"],"relics":["theDuelist:MillenniumPuzzle","theDuelist:CardPoolRelic","theDuelist:CardPoolBasicRelic","theDuelist:BoosterPackPoolRelic","theDuelist:CardPoolAddRelic","theDuelist:CardPoolMinusRelic","theDuelist:CardPoolSaveRelic","theDuelist:CardPoolOptionsRelic","Lizard Tail","theDuelist:ZoneToken","Omamori","Centennial Puzzle","Charon\u0027s Ashes","Darkstone Periapt","theDuelist:HauntedRelic","theDuelist:MillenniumRod"],"acts_visited":["Exordium","TheCity"],"potions_floor_usage":[7,11,13,21],"damage_taken":[{"damage":0,"enemies":"Cultist","floor":1,"turns":3},{"damage":0,"enemies":"Small Slimes","floor":3,"turns":3},{"damage":0,"enemies":"2 Louse","floor":5,"turns":3},{"damage":31,"enemies":"Gremlin Nob","floor":7,"turns":6},{"damage":23,"enemies":"Large Slime","floor":10,"turns":8},{"damage":35,"enemies":"HollowMod:MossKnight","floor":11,"turns":12},{"damage":4,"enemies":"Gremlin Nob","floor":13,"turns":4},{"damage":8,"enemies":"Looter","floor":14,"turns":4},{"damage":43,"enemies":"Slime Boss","floor":16,"turns":11},{"damage":36,"enemies":"Chosen","floor":18,"turns":6},{"damage":13,"enemies":"2 Thieves","floor":21,"turns":3},{"damage":1,"enemies":"HollowMod:Nosk","floor":23,"turns":3}],"seed_played":"6254085718722830371","potions_obtained":[{"floor":1,"key":"DuplicationPotion"},{"floor":5,"key":"theDuelist:SolderPotionB"},{"floor":7,"key":"theDuelist:GiftPotion"},{"floor":11,"key":"Fire Potion"},{"floor":18,"key":"theDuelist:ElectricBrew"},{"floor":21,"key":"theDuelist:VoidBottle"}],"is_trial":false,"path_per_floor":["M","?","M","?","M","R","E","R","T","M","E","$","E","M","R","B",null,"M","$","?","M","?","E"],"character_chosen":"THE_DUELIST","items_purchased":["theDuelist:InjectionFairy","theDuelist:MillenniumRod"],"campfire_rested":2,"item_purchase_floors":[12,19],"current_hp_per_floor":[72,72,72,72,72,72,41,65,65,42,21,21,25,21,45,14,64,32,32,32,21,21,24,24],"gold":151,"neow_bonus":"ONE_RARE_RELIC","is_daily":false,"chose_seed":false,"campfire_upgraded":1,"win_rate":0.0,"timestamp":1610739780,"path_taken":["M","?","?","?","M","R","E","R","T","M","E","$","E","M","R","BOSS","M","$","?","M","?","E"],"items_purchased_type":["Card","Relic"],"build_version":"2020-12-22","purchased_purges":0,"victory":false,"max_hp_per_floor":[80,80,80,80,80,80,80,80,80,80,80,80,80,80,80,80,80,80,80,80,82,82,82,82],"card_choices":[{"not_picked":["theDuelist:MillenniumGolem","theDuelist:Cloning","theDuelist:BlueBloodedOni","theDuelist:FutureFusion"],"picked":"theDuelist:GiantTrapHole","floor":1},{"not_picked":["Jack Of All Trades","Mind Blast","Purity","Secret Technique"],"picked":"SKIP","floor":3},{"not_picked":["theDuelist:RainbowDarkDragon","theDuelist:IrisEarthMother","theDuelist:RainbowMagician","theDuelist:RainbowKuriboh","theDuelist:RainbowOverdragon"],"picked":"SKIP","floor":5},{"not_picked":["theDuelist:SpellShatteringArrow","theDuelist:SangaThunder","theDuelist:InjectionFairy","theDuelist:DarkMagician","theDuelist:SilentDoom"],"picked":"SKIP","floor":7},{"not_picked":["theDuelist:BlizzardWarrior","theDuelist:FlyingSaucer","theDuelist:GeminiElf","theDuelist:AltarTribute","theDuelist:CosmicHorrorGangiel"],"picked":"SKIP","floor":10},{"not_picked":["theDuelist:NeoMagic","theDuelist:Mudballman","theDuelist:ThousandEyesIdol","theDuelist:Yami"],"picked":"theDuelist:ExodiaRL","floor":11},{"not_picked":["theDuelist:EvilswarmHeliotrope","theDuelist:RedMedicine","theDuelist:EarthEffigy","theDuelist:BlackPendant"],"picked":"theDuelist:PotAvarice","floor":13},{"not_picked":["theDuelist:EarthquakeGiant","theDuelist:GraniteLoyalist","theDuelist:LightningVortex","theDuelist:WormWarlord"],"picked":"theDuelist:HammerShot","floor":14},{"not_picked":["theDuelist:RainbowDarkDragon","theDuelist:GrandSpellbookTower","theDuelist:SwordsRevealing","theDuelist:SwordsBurning"],"picked":"theDuelist:ExodiaHead","floor":16},{"not_picked":["theDuelist:ExodiaRL","theDuelist:BlueDragonSummoner","theDuelist:TimeWizard","theDuelist:BlizzardPrincess"],"picked":"theDuelist:ExodiaLA","floor":18},{"not_picked":["theDuelist:BlizzardWarrior+1","theDuelist:InjectionFairy","theDuelist:LegendaryExodia","theDuelist:LegendaryFlameLord+1","theDuelist:GuardianAngel"],"picked":"SKIP","floor":21}],"player_experience":260000,"relics_obtained":[{"floor":7,"key":"Omamori"},{"floor":9,"key":"Centennial Puzzle"},{"floor":11,"key":"Charon\u0027s Ashes"},{"floor":13,"key":"Darkstone Periapt"}],"event_choices":[{"damage_healed":0,"gold_gain":0,"player_choice":"Gave Potion","damage_taken":0,"relics_obtained":["theDuelist:ZoneToken"],"max_hp_gain":0,"max_hp_loss":0,"event_name":"WeMeetAgain","floor":2,"gold_loss":0},{"damage_healed":0,"gold_gain":0,"player_choice":"Leave","duelist":true,"damage_taken":0,"max_hp_gain":0,"max_hp_loss":0,"event_name":"Battle City","floor":4,"gold_loss":0},{"damage_healed":0,"gold_gain":0,"player_choice":"Ignored","damage_taken":0,"max_hp_gain":0,"max_hp_loss":0,"event_name":"Ghosts","floor":20,"gold_loss":0},{"damage_healed":0,"gold_gain":0,"player_choice":"Leave","duelist":true,"damage_taken":0,"max_hp_gain":0,"max_hp_loss":0,"event_name":"Tomb of the Nameless","floor":22,"gold_loss":0}],"is_beta":false,"boss_relics":[{"not_picked":["theDuelist:MillenniumKey","theDuelist:ElectricKey"],"picked":"theDuelist:HauntedRelic"}],"items_purged_floors":[],"is_endless":false,"potions_floor_spawned":[1,5,7,11,18,21],"killed_by":"HollowMod:Nosk","ascension_level":6}}