{"host":"m1hsm1cztz438mir","time":1610745078,"event":{"mods":["2.2 Compatiblity","AchievementEnabler","Act Like it!","Aspiration","BaseMod","Better Altar","Better Match","Better Sensory Stone","Better Skull","Better Third Choice","Colored Map","Minty Spire (QoL Compilation)","Relic Stats","Replay The Spire","Shop Mod","StSLib","The Fake Hero","The Runesmith"],"gold_per_floor":[118,136,154,34,49,49,63,93,93,93,93],"floor_reached":10,"language":"ENG","playtime":621,"items_purged":[],"score":100,"play_id":"a805926d-a4de-4559-9a20-b414be5efc79","local_time":"20210115211118","is_ascension_mode":true,"campfire_choices":[{"data":"Runesmith:Firestorm","floor":6,"key":"SMITH"}],"circlet_count":0,"master_deck":["Runesmith:Strike_RS","Runesmith:Strike_RS","Runesmith:Strike_RS","Runesmith:Strike_RS","Runesmith:Defend_RS","Runesmith:Defend_RS","Runesmith:Defend_RS","Runesmith:Defend_RS","Runesmith:CraftFirestone","Runesmith:Fortify","Runesmith:CraftMagma","Runesmith:BackupBattery","Runesmith:CraftProtectio","Runesmith:Firestorm+1","Runesmith:CraftMagma","Runesmith:CraftMagma","Runesmith:StaticCage","Runesmith:DoubleUp"],"relics":["Runesmith:BrokenRuby","NeowsBlessing","Strawberry","Dead Branch"],"acts_visited":["Exordium"],"potions_floor_usage":[],"damage_taken":[{"damage":0,"enemies":"Small Slimes","floor":1,"turns":1},{"damage":0,"enemies":"Jaw Worm","floor":2,"turns":1},{"damage":0,"enemies":"2 Louse","floor":3,"turns":2},{"damage":8,"enemies":"2 Fungi Beasts","floor":5,"turns":4},{"damage":0,"enemies":"Blue Slaver","floor":7,"turns":4},{"damage":0,"enemies":"Lagavulin","floor":8,"turns":7},{"damage":73,"enemies":"Gremlin Nob","floor":10,"turns":5}],"seed_played":"-8625282206863760537","potions_obtained":[{"floor":5,"key":"AttackPotion"},{"floor":8,"key":"DuplicationPotion"}],"is_trial":false,"path_per_floor":["M","M","M","$","M","R","M","E","T","E"],"character_chosen":"RUNESMITH_CLASS","items_purchased":["Runesmith:Firestorm","Runesmith:CraftMagma"],"campfire_rested":0,"item_purchase_floors":[4,4],"current_hp_per_floor":[70,70,70,70,62,62,62,69,69,0,0],"gold":93,"neow_bonus":"THREE_ENEMY_KILL","is_daily":false,"chose_seed":false,"campfire_upgraded":1,"win_rate":0.0,"timestamp":1610745078,"path_taken":["M","M","M","$","M","R","M","E","T","E"],"items_purchased_type":["Card","Card"],"build_version":"2020-12-22","purchased_purges":0,"victory":false,"max_hp_per_floor":[70,70,70,70,70,70,70,77,77,77,77],"relic_stats":{"counters":[7,24],"Dead Branch":[1],"obtain_stats":[{"Runesmith:BrokenRuby":0,"NeowsBlessing":0,"Strawberry":8,"Dead Branch":9},{"Runesmith:BrokenRuby":0,"NeowsBlessing":0,"Strawberry":6,"Dead Branch":6},{"Runesmith:BrokenRuby":0,"NeowsBlessing":0,"Strawberry":19,"Dead Branch":19}]},"card_choices":[{"not_picked":["Runesmith:HeatedChisel","Runesmith:MakeshiftArmor"],"picked":"Runesmith:CraftMagma","floor":1},{"not_picked":["Runesmith:CraftIncendium","Runesmith:RuneHurl"],"picked":"Runesmith:BackupBattery","floor":2},{"not_picked":["Runesmith:Overpower","Runesmith:UnstableHammer"],"picked":"Runesmith:CraftProtectio","floor":3},{"not_picked":["Runesmith:RunicBlueprint","Runesmith:RuneHurl"],"picked":"Runesmith:CraftMagma","floor":5},{"not_picked":["Runesmith:CraftIncendium","Runesmith:Repurpose"],"picked":"Runesmith:StaticCage","floor":7},{"not_picked":["Runesmith:Superposition","Runesmith:Retool"],"picked":"Runesmith:DoubleUp","floor":8}],"player_experience":294114,"relics_obtained":[{"floor":8,"key":"Strawberry"},{"floor":9,"key":"Dead Branch"}],"event_choices":[],"is_beta":false,"boss_relics":[],"items_purged_floors":[],"is_endless":false,"potions_floor_spawned":[5,8],"killed_by":"Gremlin Nob","ascension_level":1}}