{"host":"i09pxcjttd31eh4q","time":1610741064,"event":{"mods":["AchievementEnabler","BaseMod","Colored Map","Keyboard Shortcuts","Minty Spire (QoL Compilation)","StSLib","SuperFastMode"],"gold_per_floor":[109,109,34,34,51,51,80,80,104,132,145,171,171,71,71,147,147,163,163,38,56,82,109,109,124,151,151,1,19,19,44,44,117,117,127,127,151,151,167,167,201,201,201,227,186,203,36,46,46,46,46,46,46,46,79,79,79],"floor_reached":56,"language":"KOR","playtime":1368,"items_purged":["Strike_P","Strike_P","Defend_P","Strike_P"],"score":2614,"play_id":"5ea7fd2b-d442-4439-a2e2-3bf7ac6e417c","local_time":"20210116050424","is_ascension_mode":true,"campfire_choices":[{"data":"Eruption","floor":6.0,"key":"SMITH"},{"data":"Tantrum","floor":13.0,"key":"SMITH"},{"data":"Vigilance","floor":15.0,"key":"SMITH"},{"data":"DeusExMachina","floor":24.0,"key":"SMITH"},{"floor":27.0,"key":"RECALL"},{"floor":30.0,"key":"REST"},{"data":"Defend_P","floor":32.0,"key":"SMITH"},{"data":"Adaptation","floor":40.0,"key":"SMITH"},{"data":"Adaptation","floor":49.0,"key":"SMITH"},{"data":"Scrawl","floor":53.0,"key":"SMITH"}],"circlet_count":0,"master_deck":["AscendersBane","Defend_P+1","Eruption+1","Vigilance+1","Tantrum+1","DeusExMachina+1","CurseOfTheBell","CrushJoints+1","Scrawl+1","Adaptation+1","InnerPeace","Evaluate","Adaptation+1"],"relics":["PureWater","NeowsBlessing","White Beast Statue","Centennial Puzzle","Pen Nib","Blue Candle","Calling Bell","Damaru","TeardropLocket","FossilizedHelix","Bag of Preparation","Molten Egg 2","Nunchaku","Mercury Hourglass","Philosopher\u0027s Stone","Pear","Juzu Bracelet","Blood Vial","MealTicket","Orrery","Akabeko"],"acts_visited":["Exordium","TheCity","TheBeyond","TheEnding"],"potions_floor_usage":[56,56],"damage_taken":[{"damage":0.0,"enemies":"Small Slimes","floor":1.0,"turns":1.0},{"damage":0.0,"enemies":"2 Louse","floor":5.0,"turns":1.0},{"damage":0.0,"enemies":"3 Sentries","floor":7.0,"turns":1.0},{"damage":14.0,"enemies":"Lagavulin","floor":10.0,"turns":4.0},{"damage":0.0,"enemies":"Jaw Worm","floor":11.0,"turns":3.0},{"damage":16.0,"enemies":"Gremlin Nob","floor":12.0,"turns":3.0},{"damage":16.0,"enemies":"The Guardian","floor":16.0,"turns":15.0},{"damage":1.0,"enemies":"Shell Parasite","floor":18.0,"turns":2.0},{"damage":22.0,"enemies":"2 Thieves","floor":21.0,"turns":2.0},{"damage":1.0,"enemies":"Slavers","floor":23.0,"turns":3.0},{"damage":8.0,"enemies":"Snake Plant","floor":25.0,"turns":3.0},{"damage":1.0,"enemies":"Shelled Parasite and Fungi","floor":29.0,"turns":2.0},{"damage":0.0,"enemies":"Gremlin Leader","floor":31.0,"turns":3.0},{"damage":0.0,"enemies":"Champ","floor":33.0,"turns":4.0},{"damage":0.0,"enemies":"Orb Walker","floor":35.0,"turns":1.0},{"damage":1.0,"enemies":"3 Darklings","floor":39.0,"turns":2.0},{"damage":0.0,"enemies":"Nemesis","floor":41.0,"turns":3.0},{"damage":0.0,"enemies":"Giant Head","floor":44.0,"turns":4.0},{"damage":1.0,"enemies":"Transient","floor":46.0,"turns":1.0},{"damage":0.0,"enemies":"4 Shapes","floor":48.0,"turns":2.0},{"damage":0.0,"enemies":"Donu and Deca","floor":50.0,"turns":1.0},{"damage":0.0,"enemies":"Awakened One","floor":51.0,"turns":2.0},{"damage":0,"enemies":"Shield and Spear","floor":55,"turns":1},{"damage":74,"enemies":"The Heart","floor":56,"turns":3}],"seed_played":"8508699470273045885","potions_obtained":[{"floor":1.0,"key":"ColorlessPotion"},{"floor":10.0,"key":"LiquidMemories"},{"floor":11.0,"key":"Fire Potion"},{"floor":16.0,"key":"LiquidMemories"},{"floor":21.0,"key":"DistilledChaos"},{"floor":23.0,"key":"SkillPotion"},{"floor":25.0,"key":"DuplicationPotion"},{"floor":29.0,"key":"Strength Potion"},{"floor":31.0,"key":"StancePotion"},{"floor":33.0,"key":"StancePotion"},{"floor":35.0,"key":"SteroidPotion"},{"floor":39.0,"key":"SkillPotion"}],"is_trial":false,"path_per_floor":["M","?","$","?","M","R","E","$","T","E","M","E","R","$","R","B",null,"M","?","$","M","T","E","R","M","T","R","$","M","R","E","R","B",null,"M","$","T","?","M","R","E","?","T","E","$","M","$","M","R","B","B",null,"R","$","E","B"],"character_chosen":"WATCHER","items_purchased":["InnerPeace","Orrery"],"campfire_rested":1,"item_purchase_floors":[45,47],"current_hp_per_floor":[61,54,54,59,59,59,59,59,59,45,45,29,29,29,29,13,58,57,57,57,35,35,34,34,26,26,26,26,25,46,46,46,46,66,66,66,66,76,75,75,75,75,75,77,83,82,83,83,83,83,83,83,83,83,83,9,9],"gold":79,"neow_bonus":"THREE_ENEMY_KILL","is_daily":false,"chose_seed":false,"campfire_upgraded":8,"win_rate":0.0,"timestamp":1610741064,"path_taken":["M","?","$","?","M","R","E","?","T","E","M","E","R","$","R","BOSS","M","?","?","M","?","E","R","?","T","R","?","M","R","E","R","BOSS","M","$","?","?","M","R","E","?","T","E","$","M","$","M","R","BOSS","BOSS","R","$","E","BOSS"],"items_purchased_type":["Card","Relic"],"build_version":"2020-12-22","purchased_purges":4,"victory":false,"max_hp_per_floor":[68,68,68,73,73,73,73,73,73,73,73,73,73,73,73,73,73,73,73,73,73,73,73,73,73,73,73,73,73,73,73,73,73,73,73,73,73,83,83,83,83,83,83,83,83,83,83,83,83,83,83,83,83,83,83,83,83],"card_choices":[{"not_picked":["Study","Conclude","SignatureMove"],"picked":"SKIP","floor":1.0},{"not_picked":["DeceiveReality","Collect"],"picked":"Tantrum","floor":5.0},{"not_picked":["Brilliance","Protect","ClearTheMind"],"picked":"SKIP","floor":7.0},{"not_picked":["JustLucky","Meditate","DevaForm"],"picked":"SKIP","floor":10.0},{"not_picked":["Meditate","ThirdEye","CrushJoints"],"picked":"SKIP","floor":11.0},{"not_picked":["Indignation","BowlingBash","SashWhip"],"picked":"SKIP","floor":12.0},{"not_picked":["ConjureBlade","Ragnarok"],"picked":"DeusExMachina","floor":16.0},{"not_picked":["Vengeance","CutThroughFate+1","WreathOfFlame"],"picked":"SKIP","floor":18.0},{"not_picked":["Weave","SignatureMove","ThirdEye"],"picked":"SKIP","floor":21.0},{"not_picked":["SashWhip+1","Establishment","FlurryOfBlows+1"],"picked":"SKIP","floor":23.0},{"not_picked":["FlurryOfBlows+1","DeceiveReality","LikeWater"],"picked":"SKIP","floor":25.0},{"not_picked":["FlyingSleeves+1","ThirdEye","Indignation"],"picked":"SKIP","floor":29.0},{"not_picked":["DeceiveReality","CutThroughFate+1"],"picked":"CrushJoints+1","floor":31.0},{"not_picked":["Omniscience","SpiritShield"],"picked":"Scrawl","floor":33.0},{"not_picked":["JustLucky+1","SignatureMove+1","FlyingSleeves+1"],"picked":"SKIP","floor":35.0},{"not_picked":["CutThroughFate+1","ClearTheMind"],"picked":"Adaptation","floor":39.0},{"not_picked":["FlyingSleeves+1","WheelKick+1","Pray"],"picked":"SKIP","floor":41.0},{"not_picked":["Protect","WreathOfFlame","EmptyFist+1"],"picked":"SKIP","floor":44.0},{"not_picked":["Conclude+1","EmptyFist+1","Wireheading"],"picked":"SKIP","floor":46.0},{"not_picked":["Swivel","EmptyBody"],"picked":"Evaluate","floor":47.0},{"not_picked":["FlyingSleeves+1","WaveOfTheHand"],"picked":"Adaptation","floor":47.0},{"not_picked":["Conclude+1","Evaluate","Alpha"],"picked":"SKIP","floor":48.0},{"not_picked":["Protect","SandsOfTime+1","EmptyBody"],"picked":"SKIP","floor":55}],"player_experience":860040,"relics_obtained":[{"floor":7.0,"key":"White Beast Statue"},{"floor":9.0,"key":"Centennial Puzzle"},{"floor":10.0,"key":"Pen Nib"},{"floor":12.0,"key":"Blue Candle"},{"floor":17.0,"key":"Damaru"},{"floor":17.0,"key":"TeardropLocket"},{"floor":17.0,"key":"FossilizedHelix"},{"floor":22.0,"key":"Bag of Preparation"},{"floor":23.0,"key":"Molten Egg 2"},{"floor":26.0,"key":"Nunchaku"},{"floor":31.0,"key":"Mercury Hourglass"},{"floor":41.0,"key":"Juzu Bracelet"},{"floor":43.0,"key":"Blood Vial"},{"floor":44.0,"key":"MealTicket"},{"floor":55,"key":"Akabeko"}],"event_choices":[{"cards_removed":["Defend_P"],"damage_healed":0.0,"max_hp_gain":0.0,"max_hp_loss":0.0,"gold_gain":0.0,"event_name":"Golden Wing","player_choice":"Card Removal","floor":2.0,"gold_loss":0.0,"damage_taken":7.0},{"damage_healed":0.0,"max_hp_gain":5.0,"max_hp_loss":0.0,"gold_gain":0.0,"event_name":"Big Fish","player_choice":"Donut","floor":4.0,"gold_loss":0.0,"damage_taken":0.0},{"cards_removed":["Defend_P"],"damage_healed":0.0,"max_hp_gain":0.0,"max_hp_loss":0.0,"gold_gain":0.0,"event_name":"Back to Basics","player_choice":"Elegance","floor":19.0,"gold_loss":0.0,"damage_taken":0.0},{"damage_healed":0.0,"max_hp_gain":0.0,"max_hp_loss":0.0,"gold_gain":0.0,"event_name":"WeMeetAgain","player_choice":"Gave Potion","floor":38.0,"gold_loss":0.0,"damage_taken":0.0,"relics_obtained":["Pear"]},{"cards_removed":["Strike_P"],"damage_healed":0.0,"max_hp_gain":0.0,"max_hp_loss":0.0,"gold_gain":0.0,"event_name":"Falling","player_choice":"Removed Attack","floor":42.0,"gold_loss":0.0,"damage_taken":0.0}],"is_beta":false,"boss_relics":[{"not_picked":["Tiny House","SacredBark"],"picked":"Calling Bell"},{"not_picked":["Velvet Choker","HolyWater"],"picked":"Philosopher\u0027s Stone"}],"items_purged_floors":[3,14,20,28],"is_endless":false,"potions_floor_spawned":[1,10,11,12,16,18,21,23,25,29,31,33,35,39,41,44,46,48,55],"killed_by":"The Heart","ascension_level":20}}