{"host":"qjv9b7mze4c73keh","time":1610696398,"event":{"mods":["BaseMod","Minty Spire (QoL Compilation)"],"gold_per_floor":[115,126,126,126,147,190,190,204,227,239,276,304,316,304,316,459,471,508,520,311,226,240,240,253,253,253,268,268,268,288,304,304,304,304],"floor_reached":33,"language":"RUS","playtime":2860,"items_purged":["Strike_R"],"score":251,"play_id":"0498bde3-f76f-4c2a-a57d-a081b4f010e1","local_time":"20210115123958","is_ascension_mode":false,"campfire_choices":[{"floor":7,"key":"REST"},{"floor":10,"key":"REST"},{"floor":13,"key":"REST"},{"data":"Body Slam","floor":15,"key":"SMITH"},{"floor":23,"key":"REST"},{"floor":25,"key":"REST"},{"floor":29,"key":"REST"},{"floor":32,"key":"REST"}],"circlet_count":0,"master_deck":["Strike_R","Strike_R","Strike_R","Strike_R","Defend_R","Defend_R","Defend_R","Defend_R","Bash","Burning Pact","Battle Trance","Body Slam+1","Rampage","Shrug It Off","Armaments","Ghostly Armor"],"relics":["Burning Blood","Pen Nib","Golden Idol","Potion Belt","MawBank","MutagenicStrength","ClockworkSouvenir","Anchor","Oddly Smooth Stone"],"acts_visited":["Exordium","TheCity"],"potions_floor_usage":[6,6,16,16,24,31,33],"damage_taken":[{"damage":1,"enemies":"2 Louse","floor":1,"turns":4},{"damage":4,"enemies":"Jaw Worm","floor":2,"turns":7},{"damage":5,"enemies":"Small Slimes","floor":5,"turns":4},{"damage":40,"enemies":"Lagavulin","floor":6,"turns":8},{"damage":15,"enemies":"Looter","floor":8,"turns":3},{"damage":11,"enemies":"2 Fungi Beasts","floor":11,"turns":6},{"damage":8,"enemies":"Blue Slaver","floor":12,"turns":8},{"damage":19,"enemies":"Exordium Thugs","floor":14,"turns":5},{"damage":28,"enemies":"Hexaghost","floor":16,"turns":11},{"damage":34,"enemies":"Chosen","floor":18,"turns":6},{"damage":36,"enemies":"Spheric Guardian","floor":22,"turns":7},{"damage":42,"enemies":"Chosen and Byrds","floor":24,"turns":8},{"damage":24,"enemies":"Snake Plant","floor":27,"turns":5},{"damage":6,"enemies":"Centurion and Healer","floor":30,"turns":7},{"damage":64,"enemies":"Snecko","floor":31,"turns":9},{"damage":90,"enemies":"Collector","floor":33,"turns":6}],"seed_played":"6910398070310612785","potions_obtained":[{"floor":1,"key":"Fire Potion"},{"floor":5,"key":"BlessingOfTheForge"},{"floor":8,"key":"Weak Potion"},{"floor":14,"key":"SkillPotion"},{"floor":16,"key":"BlessingOfTheForge"},{"floor":18,"key":"FairyPotion"},{"floor":30,"key":"AttackPotion"},{"floor":31,"key":"Regen Potion"}],"is_trial":false,"path_per_floor":["M","M","?","?","M","E","R","M","T","R","M","M","R","M","R","B",null,"M","?","$","?","M","R","M","R","T","M","?","R","M","M","R","B"],"character_chosen":"IRONCLAD","items_purchased":["ClockworkSouvenir"],"campfire_rested":7,"item_purchase_floors":[20],"current_hp_per_floor":[88,88,76,54,55,21,47,38,38,64,59,57,83,70,70,48,88,60,60,60,60,30,56,20,46,46,28,28,54,54,32,58,0,0],"gold":304,"neow_bonus":"TEN_PERCENT_HP_BONUS","is_daily":false,"chose_seed":false,"campfire_upgraded":1,"win_rate":0.0,"timestamp":1610696398,"path_taken":["M","M","?","?","M","E","R","M","T","R","M","M","R","M","R","BOSS","M","?","$","?","M","R","M","R","T","M","?","R","M","M","R","BOSS"],"items_purchased_type":["Relic"],"build_version":"2020-12-22","purchased_purges":1,"victory":false,"max_hp_per_floor":[88,88,88,88,88,88,88,88,88,88,88,88,88,88,88,88,88,88,88,88,88,88,88,88,88,88,88,88,88,88,88,88,88,88],"card_choices":[{"not_picked":["Shockwave","Warcry","Flame Barrier"],"picked":"SKIP","floor":1},{"not_picked":["Havoc","Headbutt"],"picked":"Burning Pact","floor":2},{"not_picked":["Dropkick","Pommel Strike"],"picked":"Battle Trance","floor":5},{"not_picked":["Anger","Sever Soul","Carnage"],"picked":"SKIP","floor":6},{"not_picked":["Perfected Strike","Headbutt","Cleave"],"picked":"SKIP","floor":8},{"not_picked":["Entrench","Armaments"],"picked":"Body Slam","floor":11},{"not_picked":["Flame Barrier","Brutality"],"picked":"Rampage","floor":12},{"not_picked":["Heavy Blade","Flex","Warcry"],"picked":"SKIP","floor":14},{"not_picked":["Flex","Blood for Blood","Combust"],"picked":"SKIP","floor":18},{"not_picked":["True Grit","Havoc"],"picked":"Shrug It Off","floor":22},{"not_picked":["Heavy Blade+1","Clash","Iron Wave"],"picked":"SKIP","floor":24},{"not_picked":["Heavy Blade","Clothesline"],"picked":"Armaments","floor":27},{"not_picked":["Pummel","Exhume"],"picked":"Ghostly Armor","floor":30},{"not_picked":["Anger+1","True Grit","Sword Boomerang"],"picked":"SKIP","floor":31}],"player_experience":71265,"relics_obtained":[{"floor":6,"key":"Potion Belt"},{"floor":9,"key":"MawBank"},{"floor":26,"key":"Oddly Smooth Stone"}],"event_choices":[{"damage_healed":0,"gold_gain":0,"player_choice":"Success","damage_taken":12,"relics_obtained":["Pen Nib"],"max_hp_gain":0,"max_hp_loss":0,"event_name":"Scrap Ooze","floor":3,"gold_loss":0},{"damage_healed":0,"gold_gain":0,"player_choice":"Take Damage","damage_taken":22,"relics_obtained":["Golden Idol"],"max_hp_gain":0,"max_hp_loss":0,"event_name":"Golden Idol","floor":4,"gold_loss":0},{"damage_healed":0,"gold_gain":0,"player_choice":"Inject Mutagens","damage_taken":0,"relics_obtained":["MutagenicStrength"],"max_hp_gain":0,"max_hp_loss":0,"event_name":"Drug Dealer","floor":19,"gold_loss":0},{"damage_healed":0,"gold_gain":0,"player_choice":"Obtained Relic","damage_taken":0,"relics_obtained":["Anchor"],"max_hp_gain":0,"max_hp_loss":0,"event_name":"Addict","floor":21,"gold_loss":85},{"damage_healed":0,"gold_gain":0,"player_choice":"Ignored","damage_taken":0,"max_hp_gain":0,"max_hp_loss":0,"event_name":"The Mausoleum","floor":28,"gold_loss":0}],"is_beta":false,"boss_relics":[{"not_picked":["Busted Crown","Black Star","Ectoplasm"]}],"items_purged_floors":[20],"is_endless":false,"potions_floor_spawned":[1,5,8,14,16,18,30,31],"killed_by":"Collector","ascension_level":0}}