{"host":"vyjryxuuuxkt43k4","time":1610725928,"event":{"mods":["AchievementEnabler","BaseMod","Colored Map","DeckTracker","Minty Spire (QoL Compilation)","Permanent Neow","Quick Restart","StSLib","SuperFastMode","everything is the same but u backflip on backflip"],"gold_per_floor":[20,20,36,50,0,0,25,37,37,65,78,0,0,30,30,127,127,138,153,63,76,90,90,118,138,217,217,217,217,142,185,185,320,320,368,413,413,458,458,507,507,602,626,669,321,711,160,248,248,278,278],"floor_reached":50,"language":"KOR","playtime":3058,"items_purged":["LikeWater+1","ThirdEye+1","Swivel+1"],"score":819,"play_id":"d8da853a-0b7a-40d6-bab6-9e56363ca021","local_time":"20210116005208","is_ascension_mode":true,"campfire_choices":[{"data":"Eruption","floor":6.0,"key":"SMITH"},{"data":"Consecrate","floor":13.0,"key":"SMITH"},{"data":"SandsOfTime","floor":15.0,"key":"SMITH"},{"data":"MentalFortress","floor":23.0,"key":"SMITH"},{"data":"FlurryOfBlows","floor":27.0,"key":"SMITH"},{"data":"Vigilance","floor":32.0,"key":"SMITH"},{"data":"Adaptation","floor":41.0,"key":"SMITH"},{"floor":49.0,"key":"RECALL"}],"circlet_count":0,"master_deck":["Strike_P","Eruption+1","Vigilance+1","FlurryOfBlows+1","FlurryOfBlows+1","DeceiveReality+1","ClearTheMind+1","Consecrate+1","SandsOfTime+1","Indignation+1","InnerPeace+1","Scrawl+1","Halt+1","EmptyBody+1","MentalFortress+1","Blasphemy+1","Crescendo+1","Halt+1","Wish+1","Wish+1","InnerPeace+1","Adaptation+1","Finesse+1","MentalFortress+1","Tantrum+1","Ragnarok"],"relics":["PureWater","Toxic Egg 2","Bottled Flame","Bag of Preparation","Astrolabe","Omamori","Darkstone Periapt","Coffee Dripper","Mummified Hand","Bronze Scales","Bottled Lightning","Old Coin","InkBottle","PreservedInsect"],"acts_visited":["Exordium","TheCity","TheBeyond"],"potions_floor_usage":[50,50],"damage_taken":[{"damage":0.0,"enemies":"Cultist","floor":1.0,"turns":2.0},{"damage":0.0,"enemies":"Small Slimes","floor":3.0,"turns":2.0},{"damage":9.0,"enemies":"2 Louse","floor":4.0,"turns":2.0},{"damage":10.0,"enemies":"Lagavulin","floor":7.0,"turns":4.0},{"damage":1.0,"enemies":"Red Slaver","floor":8.0,"turns":3.0},{"damage":1.0,"enemies":"3 Sentries","floor":10.0,"turns":5.0},{"damage":0.0,"enemies":"3 Louse","floor":11.0,"turns":2.0},{"damage":8.0,"enemies":"Lagavulin","floor":14.0,"turns":3.0},{"damage":21.0,"enemies":"Hexaghost","floor":16.0,"turns":8.0},{"damage":0.0,"enemies":"3 Byrds","floor":18.0,"turns":3.0},{"damage":0.0,"enemies":"Spheric Guardian","floor":19.0,"turns":2.0},{"damage":4.0,"enemies":"Cultist and Chosen","floor":21.0,"turns":3.0},{"damage":0.0,"enemies":"Centurion and Healer","floor":22.0,"turns":5.0},{"damage":2.0,"enemies":"Book of Stabbing","floor":24.0,"turns":3.0},{"damage":8.0,"enemies":"3 Cultists","floor":25.0,"turns":4.0},{"damage":0.0,"enemies":"Cultist and Chosen","floor":31.0,"turns":6.0},{"damage":0.0,"enemies":"Collector","floor":33.0,"turns":9.0},{"damage":6.0,"enemies":"3 Darklings","floor":35.0,"turns":3.0},{"damage":0.0,"enemies":"3 Shapes","floor":36.0,"turns":1.0},{"damage":47.0,"enemies":"Writhing Mass","floor":38.0,"turns":5.0},{"damage":0.0,"enemies":"Spire Growth","floor":40.0,"turns":4.0},{"damage":6.0,"enemies":"Giant Head","floor":42.0,"turns":8.0},{"damage":3.0,"enemies":"3 Darklings","floor":44.0,"turns":3.0},{"damage":0.0,"enemies":"Nemesis","floor":46.0,"turns":5.0},{"damage":0.0,"enemies":"Reptomancer","floor":48.0,"turns":4.0},{"damage":63,"enemies":"Awakened One","floor":50,"turns":4}],"seed_played":"-1347112893945102967","potions_obtained":[{"floor":4.0,"key":"LiquidMemories"},{"floor":7.0,"key":"Swift Potion"},{"floor":8.0,"key":"Block Potion"},{"floor":11.0,"key":"SteroidPotion"},{"floor":16.0,"key":"Fruit Juice"},{"floor":21.0,"key":"Regen Potion"},{"floor":25.0,"key":"PowerPotion"},{"floor":35.0,"key":"Weak Potion"},{"floor":42.0,"key":"Explosive Potion"},{"floor":46.0,"key":"Energy Potion"}],"is_trial":false,"path_per_floor":["M","$","M","M","?","R","E","M","T","E","M","$","R","E","R","B",null,"M","M","?","M","M","R","E","M","T","R","?","?","$","M","R","B",null,"M","M","?","M","?","M","R","E","T","M","$","E","$","E","R","B"],"character_chosen":"WATCHER","items_purchased":["Indignation+1","Bottled Lightning","InkBottle","Ragnarok"],"campfire_rested":0,"item_purchase_floors":[12,45,47,47],"current_hp_per_floor":[72,72,72,63,63,63,53,52,52,51,51,51,51,43,43,22,72,72,72,72,68,68,68,66,63,63,63,63,63,63,63,63,63,77,71,71,71,24,24,36,36,30,30,27,27,27,27,27,27,0,0],"gold":278,"neow_bonus":"TRANSFORM_TWO_CARDS","is_daily":false,"chose_seed":false,"campfire_upgraded":7,"win_rate":0.0,"timestamp":1610725928,"path_taken":["M","?","M","M","?","R","E","M","T","E","M","$","R","E","R","BOSS","M","M","?","M","M","R","E","?","T","R","?","?","$","M","R","BOSS","M","M","?","M","?","M","R","E","T","M","$","E","$","E","R","BOSS"],"items_purchased_type":["Card","Relic","Relic","Card"],"build_version":"2020-12-22","purchased_purges":3,"victory":false,"max_hp_per_floor":[72,72,72,72,72,72,72,72,72,72,72,72,72,72,72,72,72,72,72,72,72,72,72,72,77,77,77,77,77,77,77,77,77,77,77,77,77,77,77,77,77,77,77,77,77,77,77,77,77,77,77],"card_choices":[{"not_picked":["FlurryOfBlows","BowlingBash","Nirvana"],"picked":"SKIP","floor":1.0},{"not_picked":["Sanctity","FlurryOfBlows","ThirdEye"],"picked":"SKIP","floor":3.0},{"not_picked":["Evaluate","Protect","Crescendo"],"picked":"SKIP","floor":4.0},{"not_picked":["SpiritShield+1","CrushJoints"],"picked":"DeceiveReality+1","floor":7.0},{"not_picked":["Prostrate+1","Swivel+1"],"picked":"ClearTheMind+1","floor":8.0},{"not_picked":["EmptyFist","BowlingBash"],"picked":"Consecrate","floor":10.0},{"not_picked":["LikeWater","Conclude"],"picked":"SandsOfTime","floor":11.0},{"not_picked":["Prostrate+1","Worship+1"],"picked":"InnerPeace+1","floor":14.0},{"not_picked":["Brilliance","ConjureBlade+1"],"picked":"Scrawl+1","floor":16.0},{"not_picked":["CrushJoints","Nirvana"],"picked":"Halt+1","floor":18.0},{"not_picked":["BowlingBash","FlurryOfBlows+1"],"picked":"EmptyBody+1","floor":19.0},{"not_picked":["CutThroughFate","EmptyFist","Protect+1"],"picked":"SKIP","floor":21.0},{"not_picked":["Prostrate+1","FearNoEvil"],"picked":"MentalFortress","floor":22.0},{"not_picked":["Sanctity+1","Evaluate+1"],"picked":"Blasphemy+1","floor":24.0},{"not_picked":["Consecrate+1","ThirdEye+1"],"picked":"Crescendo+1","floor":25.0},{"not_picked":["ClearTheMind+1","Protect+1","BattleHymn"],"picked":"SKIP","floor":31.0},{"not_picked":["Alpha+1","Blasphemy+1"],"picked":"Wish+1","floor":33.0},{"not_picked":["SignatureMove+1","JustLucky+1","FlurryOfBlows"],"picked":"SKIP","floor":35.0},{"not_picked":["Evaluate+1","ThirdEye+1"],"picked":"InnerPeace+1","floor":36.0},{"not_picked":["CutThroughFate+1","SashWhip"],"picked":"Adaptation","floor":38.0},{"not_picked":["Blind+1","Violence+1"],"picked":"Finesse+1","floor":39.0},{"not_picked":["FlurryOfBlows","Protect+1","EmptyBody+1"],"picked":"SKIP","floor":40.0},{"not_picked":["Wallop+1","Prostrate+1"],"picked":"MentalFortress+1","floor":42.0},{"not_picked":["WheelKick","Prostrate+1","EmptyBody+1"],"picked":"SKIP","floor":44.0},{"not_picked":["Worship+1","FlurryOfBlows"],"picked":"Tantrum+1","floor":46.0},{"not_picked":["EmptyBody+1","Fasting2","FlurryOfBlows+1"],"picked":"SKIP","floor":48.0}],"player_experience":338783,"relics_obtained":[{"floor":7.0,"key":"Toxic Egg 2"},{"floor":10.0,"key":"Bottled Flame"},{"floor":14.0,"key":"Bag of Preparation"},{"floor":24.0,"key":"Omamori"},{"floor":26.0,"key":"Darkstone Periapt"},{"floor":42.0,"key":"Mummified Hand"},{"floor":43.0,"key":"Bronze Scales"},{"floor":46.0,"key":"Old Coin"},{"floor":48.0,"key":"PreservedInsect"}],"event_choices":[{"cards_removed":["Defend_P"],"damage_healed":0.0,"max_hp_gain":0.0,"max_hp_loss":0.0,"gold_gain":0.0,"event_name":"The Cleric","player_choice":"Card Removal","floor":5.0,"gold_loss":50.0,"damage_taken":0.0},{"cards_removed":["Defend_P"],"damage_healed":0.0,"max_hp_gain":0.0,"max_hp_loss":0.0,"gold_gain":0.0,"event_name":"Designer","player_choice":"Upgrade and Remove","floor":20.0,"gold_loss":90.0,"damage_taken":0.0,"cards_upgraded":["FlurryOfBlows"]},{"damage_healed":0.0,"max_hp_gain":0.0,"max_hp_loss":0.0,"gold_gain":0.0,"event_name":"Ghosts","player_choice":"Ignored","floor":28.0,"gold_loss":0.0,"damage_taken":0.0},{"damage_healed":0.0,"max_hp_gain":0.0,"max_hp_loss":0.0,"gold_gain":0.0,"event_name":"Match and Keep!","player_choice":"2 cards matched","floor":29.0,"gold_loss":0.0,"damage_taken":0.0,"cards_obtained":["Halt","Wish"]},{"damage_healed":0.0,"max_hp_gain":0.0,"max_hp_loss":0.0,"gold_gain":0.0,"event_name":"Tomb of Lord Red Mask","player_choice":"Ignored","floor":37.0,"gold_loss":0.0,"damage_taken":0.0},{"damage_healed":0.0,"max_hp_gain":0.0,"max_hp_loss":0.0,"gold_gain":0.0,"event_name":"SensoryStone","player_choice":"Memory 1","floor":39.0,"gold_loss":0.0,"damage_taken":0.0}],"is_beta":false,"boss_relics":[{"not_picked":["Runic Pyramid","Fusion Hammer"],"picked":"Astrolabe"},{"not_picked":["Philosopher\u0027s Stone","Runic Dome"],"picked":"Coffee Dripper"}],"items_purged_floors":[30,45,47],"is_endless":false,"potions_floor_spawned":[4,7,8,11,16,21,24,25,31,33,35,38,42,46],"killed_by":"Awakened One","ascension_level":2}}