{"host":"ecaj4hn004xnnrw9","time":1610708073,"event":{"mods":["AchievementEnabler","BaseMod","Better Third Choice","Hermit","Hubris","Infinite Spire","Jorbs\u0027s Wanderer Trilogy","Minty Spire (QoL Compilation)","Quick Restart","Shop Mod","StSLib","The Construct","The Jungle","The Runesmith"],"gold_per_floor":[118,136,136,153,170,170,204,204,204,204,204,214,245,255,255,255,255],"floor_reached":16,"language":"ENG","playtime":368,"items_purged":[],"score":144,"play_id":"9703fa4c-6696-4537-a683-feaa1aa8d0fa","local_time":"20210115105433","is_ascension_mode":true,"campfire_choices":[{"data":"Adaptation","floor":6,"key":"SMITH"},{"data":"WheelKick","floor":10,"key":"SMITH"},{"floor":15,"key":"REST"}],"circlet_count":0,"master_deck":["Strike_P","Strike_P","Strike_P","Strike_P","Defend_P","Defend_P","Defend_P","Defend_P","Eruption+1","Vigilance","FlurryOfBlows","SashWhip","Adaptation+1","Halt","WheelKick+1","TalkToTheHand","CrushJoints","InnerPeace"],"relics":["VioletLotus","Blood Vial"],"acts_visited":["Exordium"],"potions_floor_usage":[7,13],"damage_taken":[{"damage":1,"enemies":"Jaw Worm","floor":1,"turns":5},{"damage":0,"enemies":"Cultist","floor":2,"turns":2},{"damage":0,"enemies":"2 Louse","floor":4,"turns":1},{"damage":6,"enemies":"Gremlin Gang","floor":5,"turns":4},{"damage":11,"enemies":"3 Sentries","floor":7,"turns":7},{"damage":0,"enemies":"3 Louse","floor":12,"turns":2},{"damage":0,"enemies":"Lagavulin","floor":13,"turns":7},{"damage":13,"enemies":"2 Fungi Beasts","floor":14,"turns":2},{"damage":0,"enemies":"The Guardian","floor":16,"turns":1}],"seed_played":"3255575965250141204","potions_obtained":[{"floor":1,"key":"StancePotion"},{"floor":4,"key":"Block Potion"},{"floor":7,"key":"EssenceOfSteel"},{"floor":13,"key":"BottledMiracle"}],"is_trial":false,"path_per_floor":["M","M","?","M","M","R","E","?","T","R","?","M","E","M","R","B"],"character_chosen":"WATCHER","items_purchased":[],"campfire_rested":1,"item_purchase_floors":[],"current_hp_per_floor":[71,71,71,71,65,65,54,54,54,54,72,72,72,59,72,72,72],"gold":255,"neow_bonus":"BOSS_RELIC","is_daily":false,"chose_seed":false,"campfire_upgraded":2,"win_rate":0.0,"timestamp":1610708073,"path_taken":["M","M","?","M","?","R","E","?","T","R","?","?","E","M","R","BOSS"],"items_purchased_type":[],"build_version":"2020-12-22","purchased_purges":0,"victory":false,"max_hp_per_floor":[72,72,72,72,72,72,72,72,72,72,72,72,72,72,72,72,72],"card_choices":[{"not_picked":["EmptyFist","Evaluate"],"picked":"FlurryOfBlows","floor":1},{"not_picked":["PathToVictory","Halt"],"picked":"SashWhip","floor":2},{"not_picked":["Vengeance","EmptyFist"],"picked":"Adaptation","floor":4},{"not_picked":["Crescendo","Protect"],"picked":"Halt","floor":5},{"not_picked":["Prostrate","PathToVictory"],"picked":"WheelKick","floor":7},{"not_picked":["CutThroughFate","MentalFortress"],"picked":"TalkToTheHand","floor":12},{"not_picked":["Fasting2","Judgement"],"picked":"CrushJoints","floor":13},{"not_picked":["CarveReality","Prostrate"],"picked":"InnerPeace","floor":14}],"player_experience":348968,"relics_obtained":[{"floor":13,"key":"Blood Vial"}],"event_choices":[{"damage_healed":0,"gold_gain":0,"player_choice":"Upgraded","damage_taken":0,"max_hp_gain":0,"max_hp_loss":0,"event_name":"Upgrade Shrine","floor":3,"gold_loss":0,"cards_upgraded":["Eruption"]},{"damage_healed":0,"gold_gain":0,"player_choice":"LEAVE","damage_taken":0,"max_hp_gain":0,"max_hp_loss":0,"event_name":"betterThird:BetterScrap","floor":8,"gold_loss":0,"cards_obtained":["Unload"]},{"damage_healed":18,"gold_gain":0,"player_choice":"Full Heal","damage_taken":0,"max_hp_gain":0,"max_hp_loss":0,"event_name":"Wheel of Change","floor":11,"gold_loss":0}],"is_beta":false,"boss_relics":[],"items_purged_floors":[],"is_endless":false,"potions_floor_spawned":[1,4,7,13],"killed_by":"The Guardian","ascension_level":1}}