{"host":"s41rn2jhghpwfrvz","time":1610706602,"event":{"mods":["BaseMod","Minty Spire (QoL Compilation)","Quick Restart","Relic Stats","SuperFastMode"],"gold_per_floor":[115,125,50,66,85,111,111,127,177,215,234,250,281,281,281,358,358,371,371,371,386,402,432,443,470,470,487,513,524,544,574,574,648,648,661,661,561,580,580,610,610,630,711,739,268,284,284,296,296,296,296,296,296,131,163,163],"floor_reached":57,"language":"ENG","playtime":38886,"items_purged":["ClearTheMind","Tempest","FTL+1"],"score":3736,"play_id":"10a393e5-31cd-41ff-a759-bd878ad9e26c","local_time":"20210115123002","daily_mods":["SealedDeck","Vintage","Diverse"],"is_ascension_mode":true,"campfire_choices":[{"data":"Prostrate","floor":7,"key":"SMITH"},{"data":"Blur","floor":15,"key":"SMITH"},{"floor":32,"key":"RECALL"},{"data":"Shrug It Off","floor":41,"key":"SMITH"},{"data":"Prepared","floor":47,"key":"SMITH"},{"floor":49,"key":"REST"},{"floor":53,"key":"REST"}],"circlet_count":0,"master_deck":["AscendersBane","Prepared+1","Body Slam+1","Prostrate+1","Shrug It Off+1","Blur+1","Entrench+1","Master of Strategy+1","Shrug It Off+1","Purity+1"],"relics":["Burning Blood","Ice Cream","Bottled Lightning","Whetstone","Toxic Egg 2","Bird Faced Urn","CeramicFish","Lizard Tail","Champion Belt","Toy Ornithopter","Eternal Feather","Philosopher\u0027s Stone","Tiny Chest","MutagenicStrength","Anchor","Art of War","Thread and Needle","Du-Vu Doll","Frozen Egg 2","TungstenRod","Letter Opener","HornCleat","Strawberry","Kunai","CaptainsWheel","Sozu","Potion Belt","Torii","Incense Burner","Centennial Puzzle","Shuriken","StoneCalendar","PreservedInsect","Unceasing Top","Sling","Vajra"],"acts_visited":["Exordium","TheCity","TheBeyond","TheEnding"],"potions_floor_usage":[56,56],"damage_taken":[{"damage":0,"enemies":"Small Slimes","floor":1,"turns":2},{"damage":0,"enemies":"Jaw Worm","floor":2,"turns":4},{"damage":0,"enemies":"Cultist","floor":4,"turns":3},{"damage":0,"enemies":"2 Fungi Beasts","floor":5,"turns":3},{"damage":0,"enemies":"Lagavulin","floor":6,"turns":4},{"damage":4,"enemies":"Exordium Thugs","floor":8,"turns":4},{"damage":0,"enemies":"Gremlin Nob","floor":10,"turns":3},{"damage":0,"enemies":"Red Slaver","floor":11,"turns":4},{"damage":0,"enemies":"Looter","floor":12,"turns":2},{"damage":0,"enemies":"Lagavulin","floor":13,"turns":5},{"damage":0,"enemies":"The Guardian","floor":16,"turns":4},{"damage":0,"enemies":"Spheric Guardian","floor":18,"turns":3},{"damage":0,"enemies":"Chosen","floor":21,"turns":2},{"damage":0,"enemies":"Centurion and Healer","floor":22,"turns":4},{"damage":0,"enemies":"Gremlin Leader","floor":23,"turns":3},{"damage":0,"enemies":"Snake Plant","floor":24,"turns":1},{"damage":0,"enemies":"Slavers","floor":25,"turns":5},{"damage":14,"enemies":"Chosen and Byrds","floor":27,"turns":7},{"damage":0,"enemies":"Book of Stabbing","floor":28,"turns":3},{"damage":0,"enemies":"Centurion and Healer","floor":29,"turns":3},{"damage":0,"enemies":"Shelled Parasite and Fungi","floor":30,"turns":3},{"damage":0,"enemies":"Gremlin Leader","floor":31,"turns":2},{"damage":0,"enemies":"Champ","floor":33,"turns":3},{"damage":0,"enemies":"3 Shapes","floor":35,"turns":3},{"damage":0,"enemies":"3 Darklings","floor":38,"turns":4},{"damage":0,"enemies":"Reptomancer","floor":40,"turns":3},{"damage":0,"enemies":"Spire Growth","floor":42,"turns":2},{"damage":0,"enemies":"Giant Head","floor":44,"turns":3},{"damage":0,"enemies":"Jaw Worm Horde","floor":46,"turns":2},{"damage":0,"enemies":"4 Shapes","floor":48,"turns":7},{"damage":0,"enemies":"Awakened One","floor":50,"turns":4},{"damage":0,"enemies":"Donu and Deca","floor":51,"turns":5},{"damage":0,"enemies":"Shield and Spear","floor":55,"turns":2},{"damage":0,"enemies":"The Heart","floor":56,"turns":8}],"seed_played":"6455398982377506568","potions_obtained":[{"floor":1,"key":"SpeedPotion"},{"floor":4,"key":"Energy Potion"},{"floor":11,"key":"Ancient Potion"}],"is_trial":true,"path_per_floor":["M","M","$","M","M","E","R","M","T","E","M","M","E","?","R","B",null,"M","?","?","M","M","E","M","E","T","M","E","M","M","E","R","B",null,"M","T","$","M","?","E","R","M","T","E","$","M","R","M","R","B","B",null,"R","$","E","B",null],"character_chosen":"IRONCLAD","items_purchased":["Master of Strategy+1","Shrug It Off+1","Purity+1","Sling"],"campfire_rested":2,"item_purchase_floors":[45,45,45,54],"current_hp_per_floor":[74,75,75,75,75,75,75,75,75,75,75,75,75,75,75,75,75,75,75,75,75,75,75,75,75,75,67,73,82,82,82,82,82,82,82,82,82,82,82,82,82,82,82,82,82,82,82,82,82,82,82,82,82,82,82,82],"gold":163,"neow_bonus":"","is_daily":false,"chose_seed":false,"campfire_upgraded":4,"win_rate":0.0,"timestamp":1610706602,"path_taken":["M","M","$","M","M","E","R","M","T","E","M","M","E","?","R","BOSS","M","?","?","?","M","E","M","E","T","M","E","M","M","E","R","BOSS","M","?","$","M","?","E","R","M","T","E","$","M","R","M","R","BOSS","BOSS","R","$","E","BOSS"],"items_purchased_type":["Card","Card","Card","Relic"],"build_version":"2020-12-22","purchased_purges":3,"victory":true,"max_hp_per_floor":[75,75,75,75,75,75,75,75,75,75,75,75,75,75,75,75,75,75,75,75,75,75,75,75,75,75,75,75,82,82,82,82,82,82,82,82,82,82,82,82,82,82,82,82,82,82,82,82,82,82,82,82,82,82,82,82],"relic_stats":{"Torii":0,"counters":[34,120],"CeramicFish":36,"Eternal Feather":0,"StoneCalendar":[21],"PreservedInsect":77,"Whetstone":["FTL","Body Slam"],"Letter Opener":[450],"Burning Blood":25,"Sozu":3,"Lizard Tail":0,"Centennial Puzzle":[0],"Shuriken":[0],"Bird Faced Urn":[0],"Tiny Chest":1,"Art of War":[10],"Champion Belt":[0],"Kunai":[1],"obtain_stats":[{"Ice Cream":1,"Torii":38,"CeramicFish":8,"Vajra":55,"StoneCalendar":44,"Incense Burner":40,"Whetstone":4,"Sling":54,"Burning Blood":0,"Sozu":34,"Lizard Tail":10,"Centennial Puzzle":42,"HornCleat":28,"Strawberry":29,"Philosopher\u0027s Stone":17,"Tiny Chest":18,"Kunai":30,"Toxic Egg 2":5,"Potion Belt":35,"Eternal Feather":13,"Thread and Needle":23,"PreservedInsect":46,"Letter Opener":27,"Frozen Egg 2":25,"Du-Vu Doll":24,"Anchor":21,"CaptainsWheel":31,"Shuriken":43,"Bird Faced Urn":6,"MutagenicStrength":19,"Art of War":22,"Bottled Lightning":2,"Champion Belt":11,"Toy Ornithopter":12,"TungstenRod":26,"Unceasing Top":48},{"Ice Cream":1,"Torii":25,"CeramicFish":6,"Vajra":33,"StoneCalendar":28,"Incense Burner":26,"Whetstone":3,"Sling":32,"Burning Blood":0,"Sozu":23,"Lizard Tail":7,"Centennial Puzzle":27,"HornCleat":19,"Strawberry":20,"Philosopher\u0027s Stone":11,"Tiny Chest":12,"Kunai":21,"Toxic Egg 2":4,"Potion Belt":24,"Eternal Feather":10,"Thread and Needle":15,"PreservedInsect":29,"Letter Opener":18,"Frozen Egg 2":17,"Du-Vu Doll":16,"Anchor":13,"CaptainsWheel":22,"Shuriken":27,"Bird Faced Urn":5,"MutagenicStrength":12,"Art of War":14,"Bottled Lightning":2,"Champion Belt":8,"Toy Ornithopter":9,"TungstenRod":17,"Unceasing Top":30},{"Ice Cream":2,"Torii":84,"CeramicFish":20,"Vajra":112,"StoneCalendar":92,"Incense Burner":87,"Whetstone":9,"Sling":110,"Burning Blood":0,"Sozu":77,"Lizard Tail":23,"Centennial Puzzle":89,"HornCleat":66,"Strawberry":69,"Philosopher\u0027s Stone":38,"Tiny Chest":41,"Kunai":72,"Toxic Egg 2":12,"Potion Belt":80,"Eternal Feather":34,"Thread and Needle":50,"PreservedInsect":94,"Letter Opener":63,"Frozen Egg 2":56,"Du-Vu Doll":51,"Anchor":43,"CaptainsWheel":74,"Shuriken":89,"Bird Faced Urn":16,"MutagenicStrength":41,"Art of War":47,"Bottled Lightning":6,"Champion Belt":27,"Toy Ornithopter":29,"TungstenRod":56,"Unceasing Top":101}],"Toy Ornithopter":0,"TungstenRod":1,"Unceasing Top":[19]},"card_choices":[{"not_picked":["Masterful Stab","Prostrate+1","Setup+1"],"picked":"SKIP","floor":6},{"not_picked":["BattleHymn","Streamline"],"picked":"Entrench+1","floor":10},{"not_picked":["Heel Hook","Sever Soul","Collect+1"],"picked":"SKIP","floor":13},{"not_picked":["Intimidate+1","MentalFortress","FearNoEvil"],"picked":"SKIP","floor":23},{"not_picked":["Riddle With Holes","SandsOfTime","BootSequence+1"],"picked":"SKIP","floor":25},{"not_picked":["Caltrops+1","BowlingBash","True Grit+1"],"picked":"SKIP","floor":28},{"not_picked":["Headbutt","Armaments+1","Auto Shields+1"],"picked":"SKIP","floor":31},{"not_picked":["Grand Finale","Redo+1","Heatsinks+1"],"picked":"SKIP","floor":40},{"not_picked":["Tactician+1","Rage+1","Worship+1"],"picked":"SKIP","floor":44},{"not_picked":["Auto Shields+1","Carnage","Ball Lightning+1"],"picked":"SKIP","floor":55}],"player_experience":1731119,"relics_obtained":[{"floor":1,"key":"Ice Cream"},{"floor":2,"key":"Bottled Lightning"},{"floor":4,"key":"Whetstone"},{"floor":5,"key":"Toxic Egg 2"},{"floor":6,"key":"Bird Faced Urn"},{"floor":8,"key":"CeramicFish"},{"floor":10,"key":"Lizard Tail"},{"floor":11,"key":"Champion Belt"},{"floor":12,"key":"Toy Ornithopter"},{"floor":13,"key":"Eternal Feather"},{"floor":18,"key":"Tiny Chest"},{"floor":21,"key":"Anchor"},{"floor":22,"key":"Art of War"},{"floor":23,"key":"Thread and Needle"},{"floor":24,"key":"Du-Vu Doll"},{"floor":25,"key":"Frozen Egg 2"},{"floor":26,"key":"TungstenRod"},{"floor":27,"key":"Letter Opener"},{"floor":28,"key":"HornCleat"},{"floor":29,"key":"Strawberry"},{"floor":30,"key":"Kunai"},{"floor":31,"key":"CaptainsWheel"},{"floor":35,"key":"Potion Belt"},{"floor":38,"key":"Torii"},{"floor":40,"key":"Incense Burner"},{"floor":42,"key":"Centennial Puzzle"},{"floor":43,"key":"Shuriken"},{"floor":44,"key":"StoneCalendar"},{"floor":46,"key":"PreservedInsect"},{"floor":48,"key":"Unceasing Top"},{"floor":55,"key":"Vajra"}],"event_choices":[{"damage_healed":0,"gold_gain":0,"player_choice":"Ignored","damage_taken":0,"max_hp_gain":0,"max_hp_loss":0,"event_name":"Liars Game","floor":14,"gold_loss":0},{"damage_healed":0,"gold_gain":0,"player_choice":"Inject Mutagens","damage_taken":0,"relics_obtained":["MutagenicStrength"],"max_hp_gain":0,"max_hp_loss":0,"event_name":"Drug Dealer","floor":19,"gold_loss":0},{"cards_removed":["ForeignInfluence"],"damage_healed":0,"gold_gain":0,"player_choice":"Elegance","damage_taken":0,"max_hp_gain":0,"max_hp_loss":0,"event_name":"Back to Basics","floor":20,"gold_loss":0},{"cards_removed":["Shrug It Off"],"damage_healed":0,"gold_gain":0,"player_choice":"Removed Skill","damage_taken":0,"max_hp_gain":0,"max_hp_loss":0,"event_name":"Falling","floor":39,"gold_loss":0}],"is_beta":false,"boss_relics":[{"not_picked":["Tiny House","Snecko Eye"],"picked":"Philosopher\u0027s Stone"},{"not_picked":["Velvet Choker","Runic Cube"],"picked":"Sozu"}],"items_purged_floors":[3,37,45],"is_endless":false,"potions_floor_spawned":[1,4,5,11,12,16,23,25,27,30,35,46,48],"ascension_level":20}}