{"host":"h1qktzcccqnez8tx","time":1610702699,"event":{"mods":["BaseMod","Block Reminder","Colored Map","Colored Powertips","Curses Come First","Downfall","Highlight Path","Minty Spire (QoL Compilation)","Permanent Neow","Relic Stats","Replay The Spire","Say the Spire","StSLib"],"gold_per_floor":[119,129,141,159,170,199,217,217,289,299,318,318,331,347,347,443,443,457,53,63,63,119,164,164],"floor_reached":23,"language":"ENG","playtime":1179,"items_purged":["Eclipse"],"score":201,"play_id":"760f652b-c7b3-4aaa-9a7d-6b04f25b77ba","local_time":"20210115102459","is_ascension_mode":false,"campfire_choices":[{"floor":12,"key":"REST"},{"floor":15,"key":"REST"}],"circlet_count":0,"master_deck":["Strike_R","Strike_R","Strike_R","Strike_R","Defend_R","Defend_R","Defend_R","Defend_R","Bash","Inflame","Perfected Strike","Flex","Clothesline","Pommel Strike","Iron Wave","Infernal Blade","Rupture","Rampage","Inflame","Perfected Strike","Twin Strike","Replay:Undeath\u0027s Touch+1","Spot Weakness","Rage","Looming Evil","Iron Wave"],"relics":["Replay:Bronze Core","Replay:Mystery Machine","White Beast Statue","Philosopher\u0027s Stone","Garlic","Ring of Hypnosis","ReplayTheSpireMod:Ring of Challenge"],"acts_visited":["Exordium","TheCity"],"potions_floor_usage":[6,16,22],"damage_taken":[{"damage":1,"enemies":"Cultist","floor":1,"turns":3},{"damage":1,"enemies":"Jaw Worm","floor":2,"turns":2},{"damage":2,"enemies":"Small Slimes","floor":3,"turns":3},{"damage":16,"enemies":"Exordium Wildlife","floor":4,"turns":5},{"damage":2,"enemies":"3 Louse","floor":5,"turns":3},{"damage":16,"enemies":"Lagavulin","floor":6,"turns":4},{"damage":0,"enemies":"2 Fungi Beasts","floor":7,"turns":2},{"damage":15,"enemies":"Exordium Wildlife","floor":10,"turns":3},{"damage":14,"enemies":"Gremlin Gang","floor":11,"turns":4},{"damage":2,"enemies":"Large Slime","floor":13,"turns":4},{"damage":8,"enemies":"Lots of Slimes","floor":14,"turns":3},{"damage":25,"enemies":"Hexaghost","floor":16,"turns":8},{"damage":25,"enemies":"3 Byrds","floor":18,"turns":5},{"damage":9,"enemies":"Spheric Guardian","floor":20,"turns":3},{"damage":30,"enemies":"Centurion and Healer","floor":22,"turns":5},{"damage":33,"enemies":"Gremlin Leader","floor":23,"turns":3}],"seed_played":"-1659986930765857425","potions_obtained":[{"floor":2,"key":"ColorlessPotion"},{"floor":5,"key":"DuplicationPotion"},{"floor":6,"key":"LiquidBronze"},{"floor":7,"key":"champ:CounterPotion"},{"floor":11,"key":"Flashbang"},{"floor":16,"key":"SpeedPotion"},{"floor":18,"key":"BloodPotion"},{"floor":22,"key":"Ancient Potion"}],"is_trial":false,"path_per_floor":["M","M","M","M","M","E","M","?","T","M","M","R","M","M","R","B",null,"M","$","M","?","M","E"],"character_chosen":"IRONCLAD","items_purchased":["Garlic","Spot Weakness"],"campfire_rested":2,"item_purchase_floors":[19,19],"current_hp_per_floor":[79,78,76,60,58,42,42,42,42,27,13,37,35,27,51,26,80,55,55,46,46,32,0,0],"gold":164,"neow_bonus":"BOSS_RELIC","is_daily":false,"chose_seed":false,"campfire_upgraded":0,"win_rate":0.0,"timestamp":1610702699,"path_taken":["M","M","M","M","M","E","?","?","T","M","M","R","?","M","R","BOSS","M","$","M","?","M","E"],"items_purchased_type":["Relic","Card"],"build_version":"2020-12-22","purchased_purges":1,"victory":false,"max_hp_per_floor":[80,80,80,80,80,80,80,80,80,80,80,80,80,80,80,80,80,80,80,80,80,80,80,80],"relic_stats":{"counters":[16,60],"obtain_stats":[{"Ring of Hypnosis":21,"Replay:Bronze Core":0,"Philosopher\u0027s Stone":17,"Garlic":19,"Replay:Mystery Machine":6,"ReplayTheSpireMod:Ring of Challenge":21,"Burning Blood":0,"White Beast Statue":9},{"Ring of Hypnosis":14,"Replay:Bronze Core":0,"Philosopher\u0027s Stone":12,"Garlic":13,"Replay:Mystery Machine":6,"ReplayTheSpireMod:Ring of Challenge":14,"Burning Blood":0,"White Beast Statue":7},{"Ring of Hypnosis":52,"Replay:Bronze Core":0,"Philosopher\u0027s Stone":44,"Garlic":49,"Replay:Mystery Machine":20,"ReplayTheSpireMod:Ring of Challenge":52,"Burning Blood":0,"White Beast Statue":22}]},"card_choices":[{"not_picked":["Cleave","Armaments"],"picked":"Inflame","floor":1},{"not_picked":["Pommel Strike","Shrug It Off"],"picked":"Perfected Strike","floor":2},{"not_picked":["Abandon","Thunderclap"],"picked":"Flex","floor":3},{"not_picked":["Body Slam","Run Through"],"picked":"Clothesline","floor":4},{"not_picked":["Flex","Sword Boomerang"],"picked":"Pommel Strike","floor":5},{"not_picked":["Intimidate","Juggernaut"],"picked":"Iron Wave","floor":6},{"not_picked":["Carnage","True Grit"],"picked":"Infernal Blade","floor":7},{"not_picked":["Blood for Blood","Pommel Strike"],"picked":"Rampage","floor":10},{"not_picked":["ReplayTheSpireMod:Strike From Hell","ReplayTheSpireMod:Stacked"],"picked":"Inflame","floor":11},{"not_picked":["Anger","Heavy Blade"],"picked":"Perfected Strike","floor":13},{"not_picked":["Warcry","Bludgeon"],"picked":"Twin Strike","floor":14},{"not_picked":["Feed","Berserk"],"picked":"Eclipse","floor":16},{"not_picked":["Cleave","Combust"],"picked":"Replay:Undeath\u0027s Touch+1","floor":18},{"not_picked":["Iron Wave","Replay:Undeath\u0027s Touch"],"picked":"Rage","floor":20},{"not_picked":["Cleave","Dual Wield+1"],"picked":"Iron Wave","floor":22}],"player_experience":50350,"relics_obtained":[{"floor":6,"key":"Replay:Mystery Machine"},{"floor":9,"key":"White Beast Statue"},{"floor":21,"key":"Ring of Hypnosis"},{"floor":21,"key":"ReplayTheSpireMod:Ring of Challenge"}],"event_choices":[{"damage_healed":0,"gold_gain":0,"cards_transformed":["Strike_R"],"player_choice":"Transformed","damage_taken":0,"max_hp_gain":0,"max_hp_loss":0,"event_name":"Transmorgrifier","floor":8,"gold_loss":0,"cards_obtained":["Rupture"]}],"is_beta":false,"boss_relics":[{"not_picked":["Cursed Key","Astrolabe"],"picked":"Philosopher\u0027s Stone"}],"items_purged_floors":[19],"is_endless":false,"potions_floor_spawned":[2,5,6,7,10,11,13,14,16,18,20,22],"killed_by":"Gremlin Leader","ascension_level":0}}