{"host":"xt3o4iokwksypl90","time":1610739604,"event":{"mods":["AchievementEnabler","BaseMod","Googly Eyes","Highlight Path","Minty Spire (QoL Compilation)","Permanent Neow"],"gold_per_floor":[109,128,128,140,154,181,192,220,244,244,244],"floor_reached":10,"language":"ENG","playtime":584,"items_purged":[],"score":104,"play_id":"c7b4f239-9867-4451-847b-1a70b16a4562","local_time":"20210115204004","is_ascension_mode":true,"campfire_choices":[],"circlet_count":0,"master_deck":["Strike_B","Strike_B","Strike_B","Strike_B","Defend_B","Defend_B","Defend_B","Defend_B","Zap","Dualcast","Defragment","Chaos","Ball Lightning","FTL","Streamline","Turbo","BootSequence"],"relics":["Cracked Core","Mummified Hand","MealTicket","Blood Vial"],"acts_visited":["Exordium"],"potions_floor_usage":[],"damage_taken":[{"damage":7.0,"enemies":"Jaw Worm","floor":1.0,"turns":3.0},{"damage":14.0,"enemies":"Small Slimes","floor":2.0,"turns":3.0},{"damage":3.0,"enemies":"Cultist","floor":4.0,"turns":4.0},{"damage":8.0,"enemies":"Blue Slaver","floor":5.0,"turns":3.0},{"damage":26.0,"enemies":"3 Sentries","floor":6.0,"turns":5.0},{"damage":15.0,"enemies":"Exordium Wildlife","floor":7.0,"turns":3.0},{"damage":10.0,"enemies":"Lagavulin","floor":8.0,"turns":4.0},{"damage":8,"enemies":"Gremlin Nob","floor":10,"turns":3}],"seed_played":"357393718794246083","potions_obtained":[{"floor":0.0,"key":"FearPotion"},{"floor":0.0,"key":"SmokeBomb"},{"floor":0.0,"key":"DuplicationPotion"},{"floor":2.0,"key":"Dexterity Potion"},{"floor":5.0,"key":"DuplicationPotion"}],"is_trial":false,"path_per_floor":["M","M","?","M","M","E","M","E","T","E"],"character_chosen":"DEFECT","items_purchased":[],"campfire_rested":0,"item_purchase_floors":[],"current_hp_per_floor":[61,47,72,69,61,35,20,10,10,4,4],"gold":244,"neow_bonus":"THREE_SMALL_POTIONS","is_daily":false,"chose_seed":false,"campfire_upgraded":0,"win_rate":0.0,"timestamp":1610739604,"path_taken":["M","M","?","M","M","E","M","E","T","E"],"items_purchased_type":[],"build_version":"2020-12-22","purchased_purges":0,"victory":false,"max_hp_per_floor":[75,75,75,75,75,75,75,75,75,75,75],"card_choices":[{"not_picked":["Turbo","Go for the Eyes"],"picked":"Defragment","floor":1.0},{"not_picked":["Compile Driver","Hello World"],"picked":"Chaos","floor":2.0},{"not_picked":["Force Field","Rebound"],"picked":"Ball Lightning","floor":4.0},{"not_picked":["Steam","Beam Cell"],"picked":"FTL","floor":5.0},{"not_picked":["Rebound","Coolheaded"],"picked":"Streamline","floor":6.0},{"not_picked":["Rebound","Skim"],"picked":"Turbo","floor":7.0},{"not_picked":["Hologram","Ball Lightning"],"picked":"BootSequence","floor":8.0}],"player_experience":325751,"relics_obtained":[{"floor":6.0,"key":"Mummified Hand"},{"floor":8.0,"key":"MealTicket"},{"floor":9.0,"key":"Blood Vial"}],"event_choices":[{"damage_healed":25.0,"max_hp_gain":0.0,"max_hp_loss":0.0,"gold_gain":0.0,"event_name":"Big Fish","player_choice":"Banana","floor":3.0,"gold_loss":0.0,"damage_taken":0.0}],"is_beta":false,"boss_relics":[],"items_purged_floors":[],"is_endless":false,"potions_floor_spawned":[2,4,5],"killed_by":"Gremlin Nob","ascension_level":6}}