{"host":"q2j4ef1ti78v4imq","time":1610727093,"event":{"mods":["AchievementEnabler","BaseMod","Better Altar","Better Match","Better Note","Better Sensory Stone","Better Skull","Better Third Choice","Block Reminder","Hermit","Minty Spire (QoL Compilation)","Relic Stats","Replay The Spire","Shade Mod","StSLib"],"gold_per_floor":[111,111,127,140,140,140,170,170,170,204,218,230,31,31,31,109,109,128,128,80,100,117,151,151,177,200,200,200,200,212,59,59,131,131,148,173,247,90,0,29,29,40,49,49,63,104,104,104,113,113],"floor_reached":51,"language":"ENG","playtime":2257,"items_purged":["Strike_B"],"score":1373,"play_id":"10b1b597-084c-4e6f-b2f0-76a39d66d07d","local_time":"20210115161133","is_ascension_mode":true,"campfire_choices":[{"data":"Zap","floor":6,"key":"SMITH"},{"floor":8,"key":"REST"},{"floor":27,"key":"REST"},{"floor":32,"key":"DIG"},{"data":"1","floor":41,"key":"LIFT"},{"data":"2","floor":44,"key":"LIFT"},{"floor":49,"key":"REST"}],"circlet_count":0,"master_deck":["AscendersBane","Defend_B","Defend_B+1","Defend_B+1","Defend_B","Zap+1","Dualcast+1","All For One","Go for the Eyes","Self Repair+1","Leap","Coolheaded+1","Gash","All For One","Gash","Gash","Gash","Trip+1","All For One","Gash","Hologram+1","Core Surge","Gash+1","Hallucinations","ReplayTheSpireMod:Faulty Equipment","Steam+1"],"relics":["Cracked Core","Replay:Multitool","Thread and Needle","ReplayTheSpireMod:TigerMarble","Replay:Rubber Ducky","ReplayTheSpireMod:Shallot","War Paint","Replay:Antivirus Software","Peace Pipe","Replay:Grab Bag","Cursed Key","Sozu","Black Star","Girya","Strawberry","Sling","Dream Catcher","CeramicFish","Ornamental Fan","Orichalcum","Boot"],"acts_visited":["Exordium","TheCity","TheBeyond"],"potions_floor_usage":[7,11,21,23,33,50],"damage_taken":[{"damage":5,"enemies":"2 Louse","floor":1,"turns":3},{"damage":2,"enemies":"Cultist","floor":3,"turns":4},{"damage":9,"enemies":"Jaw Worm","floor":4,"turns":4},{"damage":45,"enemies":"Gremlin Nob","floor":7,"turns":6},{"damage":5,"enemies":"Replay:BlueRogue","floor":10,"turns":7},{"damage":12,"enemies":"Lots of Slimes","floor":11,"turns":4},{"damage":0,"enemies":"3 Louse","floor":12,"turns":2},{"damage":0,"enemies":"The Guardian","floor":16,"turns":7},{"damage":8,"enemies":"Shell Parasite","floor":18,"turns":3},{"damage":0,"enemies":"Chosen","floor":21,"turns":3},{"damage":29,"enemies":"Shelled Parasite and Fungi","floor":22,"turns":4},{"damage":36,"enemies":"Slavers","floor":23,"turns":5},{"damage":14,"enemies":"Gremlin Leader","floor":25,"turns":4},{"damage":0,"enemies":"Cultist and Chosen","floor":30,"turns":3},{"damage":39,"enemies":"Collector","floor":33,"turns":7},{"damage":0,"enemies":"Orb Walker","floor":35,"turns":2},{"damage":0,"enemies":"Mind Bloom Boss Battle","floor":36,"turns":4},{"damage":3,"enemies":"Giant Head","floor":40,"turns":5},{"damage":2,"enemies":"3 Shapes","floor":42,"turns":2},{"damage":26,"enemies":"Sphere and 2 Shapes","floor":45,"turns":6},{"damage":30,"enemies":"Nemesis","floor":46,"turns":5},{"damage":26,"enemies":"Donu and Deca","floor":50,"turns":7}],"seed_played":"-9068838014698941079","potions_obtained":[{"floor":1,"key":"SkillPotion"},{"floor":3,"key":"LifebloodPotion"},{"floor":10,"key":"Strength Potion"},{"floor":12,"key":"Flashbang"},{"floor":21,"key":"Fruit Juice"},{"floor":23,"key":"LifebloodPotion"},{"floor":30,"key":"Dexterity Potion"}],"is_trial":false,"path_per_floor":["M","?","M","M","?","R","E","R","T","E","M","M","$","?","R","B",null,"M","?","$","M","M","E","R","E","T","R","?","R","M","$","R","B",null,"M","?","?","$","?","E","R","M","T","R","M","E","?","?","R","B",null],"character_chosen":"DEFECT","items_purchased":["Gash","Trip","Gash","Replay:Antivirus Software","Sling"],"campfire_rested":3,"item_purchase_floors":[13,13,20,31,38],"current_hp_per_floor":[59,59,57,55,55,55,17,38,38,40,35,35,35,35,56,56,67,66,66,66,76,54,25,47,33,33,55,55,76,76,76,76,47,69,69,69,76,76,76,83,83,83,83,83,67,47,47,39,63,47],"gold":113,"neow_bonus":"ONE_RANDOM_RARE_CARD","is_daily":false,"chose_seed":false,"campfire_upgraded":1,"win_rate":0.0,"timestamp":1610727093,"path_taken":["M","?","?","M","?","R","E","R","T","E","M","?","$","?","R","BOSS","M","?","?","?","M","E","R","E","T","R","?","R","M","$","R","BOSS","M","?","?","$","?","E","R","?","T","R","M","E","?","?","R","BOSS"],"items_purchased_type":["Card","Card","Card","Relic","Relic"],"build_version":"2020-12-22","purchased_purges":1,"victory":true,"max_hp_per_floor":[71,71,71,71,71,71,71,71,71,71,71,71,71,71,71,71,71,71,71,71,76,76,76,76,76,76,76,76,76,76,76,76,76,76,76,76,83,83,83,83,83,83,83,83,83,83,83,83,83,83],"relic_stats":{"Peace Pipe":0,"Sozu":5,"Dream Catcher":1,"counters":[22,97],"Ornamental Fan":[60],"CeramicFish":27,"Black Star":2,"War Paint":["Defend_B","Defend_B"],"Orichalcum":[0],"Cursed Key":1,"Boot":[2],"obtain_stats":[{"Girya":36,"Replay:Grab Bag":34,"CeramicFish":40,"Thread and Needle":9,"Replay:Multitool":7,"War Paint":26,"Orichalcum":46,"Cursed Key":34,"Sling":38,"Boot":46,"Replay:Rubber Ducky":23,"Peace Pipe":32,"Sozu":34,"Dream Catcher":40,"ReplayTheSpireMod:Shallot":25,"Ornamental Fan":43,"Strawberry":37,"ReplayTheSpireMod:TigerMarble":10,"Black Star":34,"Replay:Antivirus Software":31,"Cracked Core":0},{"Girya":17,"Replay:Grab Bag":15,"CeramicFish":18,"Thread and Needle":4,"Replay:Multitool":4,"War Paint":13,"Orichalcum":21,"Cursed Key":15,"Sling":17,"Boot":21,"Replay:Rubber Ducky":12,"Peace Pipe":14,"Sozu":15,"Dream Catcher":18,"ReplayTheSpireMod:Shallot":13,"Ornamental Fan":19,"Strawberry":17,"ReplayTheSpireMod:TigerMarble":5,"Black Star":15,"Replay:Antivirus Software":14,"Cracked Core":0},{"Girya":72,"Replay:Grab Bag":66,"CeramicFish":77,"Thread and Needle":17,"Replay:Multitool":17,"War Paint":56,"Orichalcum":90,"Cursed Key":66,"Sling":72,"Boot":90,"Replay:Rubber Ducky":52,"Peace Pipe":59,"Sozu":66,"Dream Catcher":77,"ReplayTheSpireMod:Shallot":56,"Ornamental Fan":79,"Strawberry":72,"ReplayTheSpireMod:TigerMarble":24,"Black Star":66,"Replay:Antivirus Software":59,"Cracked Core":0}]},"card_choices":[{"not_picked":["Streamline","Compile Driver"],"picked":"Go for the Eyes","floor":1},{"not_picked":["Go for the Eyes","Hello World"],"picked":"Self Repair","floor":3},{"not_picked":["Amplify","Ball Lightning"],"picked":"Leap","floor":4},{"not_picked":["Conserve Battery","Compile Driver"],"picked":"Gash","floor":7},{"not_picked":["Tempest","Panic Button","Undo"],"picked":"SKIP","floor":10},{"not_picked":["Cold Snap","Redo"],"picked":"All For One","floor":11},{"not_picked":["Ball Lightning","Double Energy"],"picked":"Gash","floor":12},{"not_picked":["Electrodynamics","Machine Learning"],"picked":"All For One","floor":16},{"not_picked":["Ball Lightning","Lockon","ReplaySolidLightProjector"],"picked":"SKIP","floor":18},{"not_picked":["Sweeping Beam","Leap","Ball Lightning"],"picked":"SKIP","floor":21},{"not_picked":["Cold Snap","Beam Cell"],"picked":"Hologram+1","floor":22},{"not_picked":["Leap","Panic Button","Turbo"],"picked":"SKIP","floor":23},{"not_picked":["Coolheaded+1","Go for the Eyes"],"picked":"Core Surge","floor":25},{"not_picked":["Rebound","Panic Button","Leap"],"picked":"SKIP","floor":30},{"not_picked":["BasicCrystalCard","Beam Cell","Ball Lightning"],"picked":"SKIP","floor":35},{"not_picked":["Ball Lightning","Doom and Gloom"],"picked":"Gash+1","floor":36},{"not_picked":["Rebound+1","Sunder","BootSequence"],"picked":"SKIP","floor":40},{"not_picked":["Fusion+1","Rip and Tear","Genetic Algorithm"],"picked":"SKIP","floor":42},{"not_picked":["Compile Driver","Sunder+1","Barrage"],"picked":"SKIP","floor":45},{"not_picked":["Core Surge","Undo"],"picked":"Loop","floor":46},{"not_picked":["Self Repair","Turbo"],"picked":"Steam+1","floor":49}],"player_experience":844071,"relics_obtained":[{"floor":7,"key":"Replay:Multitool"},{"floor":9,"key":"Thread and Needle"},{"floor":10,"key":"ReplayTheSpireMod:TigerMarble"},{"floor":23,"key":"Replay:Rubber Ducky"},{"floor":25,"key":"ReplayTheSpireMod:Shallot"},{"floor":26,"key":"War Paint"},{"floor":32,"key":"Peace Pipe"},{"floor":36,"key":"Girya"},{"floor":37,"key":"Strawberry"},{"floor":40,"key":"Dream Catcher"},{"floor":40,"key":"CeramicFish"},{"floor":43,"key":"Ornamental Fan"},{"floor":46,"key":"Orichalcum"},{"floor":46,"key":"Boot"}],"event_choices":[{"damage_healed":0,"gold_gain":0,"player_choice":"Bought 0 Potions","damage_taken":0,"max_hp_gain":0,"max_hp_loss":0,"event_name":"The Woman in Blue","floor":2,"gold_loss":0},{"damage_healed":0,"gold_gain":0,"cards_transformed":["Strike_B"],"player_choice":"Transformed","damage_taken":0,"max_hp_gain":0,"max_hp_loss":0,"event_name":"Transmorgrifier","floor":5,"gold_loss":0,"cards_obtained":["Coolheaded"]},{"cards_removed":["Strike_B"],"damage_healed":0,"gold_gain":0,"player_choice":"Purged","damage_taken":0,"max_hp_gain":0,"max_hp_loss":0,"event_name":"Purifier","floor":19,"gold_loss":0},{"damage_healed":0,"gold_gain":0,"player_choice":"Ignored","damage_taken":0,"max_hp_gain":0,"max_hp_loss":0,"event_name":"Ghosts","floor":28,"gold_loss":0},{"damage_healed":0,"gold_gain":0,"player_choice":"Fight","damage_taken":0,"max_hp_gain":0,"max_hp_loss":0,"event_name":"MindBloom","floor":36,"gold_loss":0},{"cards_removed":["Strike_B"],"damage_healed":0,"gold_gain":0,"player_choice":"Upgrade and Remove","damage_taken":0,"max_hp_gain":0,"max_hp_loss":0,"event_name":"Designer","floor":39,"gold_loss":90,"cards_upgraded":["Dualcast"]},{"cards_removed":["Loop"],"damage_healed":0,"gold_gain":0,"player_choice":"Removed Power","damage_taken":0,"max_hp_gain":0,"max_hp_loss":0,"event_name":"Falling","floor":47,"gold_loss":0},{"damage_healed":0,"gold_gain":0,"player_choice":"Damaged","damage_taken":8,"max_hp_gain":0,"max_hp_loss":0,"event_name":"Wheel of Change","floor":48,"gold_loss":0}],"is_beta":false,"boss_relics":[{"not_picked":["Fusion Hammer","ChewingGum","Snecko Heart"]},{"not_picked":["Runic Pyramid","Astrolabe"],"picked":"Replay:Grab Bag"},{"not_picked":["Painkiller Herb","Replay:Bronze Core"],"picked":"Cursed Key"},{"not_picked":["Velvet Choker","Busted Crown"],"picked":"Sozu"},{"not_picked":["Nuclear Battery","FrozenCore"],"picked":"Black Star"}],"items_purged_floors":[13],"is_endless":false,"potions_floor_spawned":[1,3,10,12,16,18,21,23,30,35,45,46],"ascension_level":14}}