{"host":"u9h06qdlnp3wgzsw","time":1610745592,"event":{"mods":["BaseMod","Downfall","Hermit","Minty Spire (QoL Compilation)","Rare Cards Sparkle","Replay The Spire","Shop Mod","StSLib","The Cursed"],"gold_per_floor":[99,111,128,128,578,6,6,20,20,33,33,66,81,99,118,220,220,220,220,220,220,220,17,17,17,17,17,17,17,17,17,17,17,17,17,17,17,17,17,17,17,17,17,17,17,17,17,2,2,2],"floor_reached":51,"language":"ENG","playtime":3329,"items_purged":["Regret"],"score":834,"play_id":"594bb2ea-adea-4e69-acb5-b1e3fd3a18d5","local_time":"20210115161952","is_ascension_mode":false,"campfire_choices":[{"data":"Guardian:CurlUp","floor":1,"key":"SMITH"},{"floor":9,"key":"RECALL"},{"data":"Guardian:SphericShield","floor":11,"key":"SMITH"},{"floor":18,"key":"DIG"},{"floor":27,"key":"REST"},{"data":"Guardian:TimeBomb","floor":35,"key":"SMITH"},{"data":"Slimebound:Icky","floor":42,"key":"PURGE"},{"data":"Slimebound:Icky","floor":47,"key":"PURGE"}],"circlet_count":0,"master_deck":["Guardian:Strike_Guardian","Guardian:Strike_Guardian","Guardian:Strike_Guardian","Guardian:Strike_Guardian","Guardian:Defend_Guardian","Guardian:Defend_Guardian","Guardian:Defend_Guardian","Guardian:Defend_Guardian","Guardian:CurlUp+1","Guardian:TwinSlam","Guardian:PrismaticBeam+1","expansioncontent:YouAreMine+1","Pot Of Greed+1","Pot Of Greed","Guardian:SphericShield+1","Guardian:GatlingBeam","Guardian:TimeBomb+1","Guardian:ChargeUp+1","Pot Of Greed","Guardian:BronzeArmor","Guardian:ChargeCore","Guardian:Repulse","Guardian:Incinerate","Guardian:GatlingBeam+1","Guardian:Gem_Synthetic","Guardian:DecasProtection+1","Guardian:SphericShield+1","Guardian:SpikerProtocol+1","Pot Of Greed","Guardian:TimeCapacitor+1","Guardian:WalkerClaw+1","Guardian:Gem_Fragmented","Guardian:Gem_Yellow"],"relics":["Guardian:ModeShifter","Vajra","Replay:Bottled Eggs","Guide Book","Grinning Jar","HornCleat","downfall:Hecktoplasm","downfall:HeartBlessingRed","downfall:HeartBlessingGreen","Gremlin Food","Enchiridion","Omamori","Golden Egg","Spirit Poop","Peace Pipe","Ice Cream","Ring of Chaos","hexamod:BolsterEngine","downfall:HeartBlessingBlue","Kunai"],"acts_visited":["Exordium","TheCity","TheBeyond"],"potions_floor_usage":[6,6,12,12,16,16,30,32,33,33,33,39,39,46,50,50],"damage_taken":[{"damage":1,"enemies":"Cultist","floor":2,"turns":4},{"damage":0,"enemies":"Jaw Worm","floor":3,"turns":3},{"damage":2,"enemies":"downfall:FleeingMerchant","floor":6,"turns":4},{"damage":2,"enemies":"Small Slimes","floor":8,"turns":5},{"damage":9,"enemies":"Exordium Thugs","floor":10,"turns":4},{"damage":5,"enemies":"Gremlin Nob","floor":12,"turns":4},{"damage":0,"enemies":"Red Slaver","floor":13,"turns":4},{"damage":0,"enemies":"2 Fungi Beasts","floor":14,"turns":4},{"damage":0,"enemies":"Blue Slaver","floor":15,"turns":3},{"damage":42,"enemies":"downfall:Defect","floor":16,"turns":10},{"damage":0,"enemies":"3 Byrds","floor":19,"turns":6},{"damage":8,"enemies":"3 Cultists","floor":20,"turns":5},{"damage":11,"enemies":"Chosen and Byrds","floor":22,"turns":5},{"damage":0,"enemies":"downfall:FleeingMerchant","floor":23,"turns":4},{"damage":0,"enemies":"Sentry and Sphere","floor":26,"turns":3},{"damage":4,"enemies":"3 Cultists","floor":29,"turns":4},{"damage":4,"enemies":"Gremlin Leader","floor":30,"turns":6},{"damage":0,"enemies":"Chosen and Byrds","floor":31,"turns":5},{"damage":0,"enemies":"Centurion and Healer","floor":32,"turns":6},{"damage":31,"enemies":"downfall:Watcher","floor":33,"turns":8},{"damage":0,"enemies":"Orb Walker","floor":36,"turns":3},{"damage":8,"enemies":"3 Darklings","floor":38,"turns":5},{"damage":0,"enemies":"Writhing Mass","floor":39,"turns":5},{"damage":10,"enemies":"R_Hoarder","floor":40,"turns":9},{"damage":0,"enemies":"Giant Head","floor":44,"turns":9},{"damage":0,"enemies":"Spire Growth","floor":45,"turns":5},{"damage":2,"enemies":"Transient","floor":46,"turns":5},{"damage":0,"enemies":"downfall:FleeingMerchant","floor":48,"turns":4},{"damage":0,"enemies":"Maw","floor":49,"turns":6},{"damage":0,"enemies":"downfall:Ironclad","floor":50,"turns":10}],"seed_played":"-2249371546138743448","potions_obtained":[{"floor":2,"key":"EntropicBrew"},{"floor":10,"key":"SpeedPotion"},{"floor":14,"key":"Adrenaline Potion"},{"floor":15,"key":"Doom Potion"},{"floor":22,"key":"sneckomod:MuddlingPotion"},{"floor":29,"key":"LiquidBronze"},{"floor":31,"key":"Reflective Coating"},{"floor":32,"key":"Slimebound:ThreeZeroPotion"},{"floor":33,"key":"Dexterity Potion"},{"floor":37,"key":"downfall:CursedFountainPotion"},{"floor":38,"key":"Explosive Potion"},{"floor":39,"key":"Swift Potion"},{"floor":46,"key":"PowerPotion"},{"floor":49,"key":"Energy Potion"}],"is_trial":false,"path_per_floor":["R","M","M","?","?","$","T","M","R","M","R","E","M","M","M","B",null,"R","M","M","?","M","$","T","?","M","R","?","M","E","M","M","B",null,"R","M","?","M","M","E","T","R","?","E","M","M","R","$","M","B",null],"character_chosen":"GUARDIAN","items_purchased":["Replay:Bottled Eggs","expansioncontent:YouAreMine","Guide Book","Omamori","Guardian:BronzeArmor"],"campfire_rested":1,"item_purchase_floors":[6,6,6,23,23],"current_hp_per_floor":[88,87,87,87,87,85,85,83,83,74,74,69,69,69,69,27,88,88,88,80,64,53,53,53,53,53,79,79,75,71,71,71,40,88,88,88,88,80,80,70,70,80,80,80,80,78,78,78,78,78],"gold":2,"neow_bonus":"TEN_PERCENT_HP_BONUS","is_daily":false,"chose_seed":false,"campfire_upgraded":3,"win_rate":0.0,"timestamp":1610745592,"path_taken":["R","M","?","?","?","$","T","M","R","M","R","E","M","?","M","BOSS","R","M","M","?","M","$","T","?","?","R","?","M","E","M","M","BOSS","R","M","?","?","M","E","T","R","?","E","M","?","R","$","M","BOSS"],"items_purchased_type":["Relic","Card","Relic","Relic","Card"],"build_version":"2020-12-22","purchased_purges":1,"victory":true,"max_hp_per_floor":[88,88,88,88,88,88,88,88,88,88,88,88,88,88,88,88,88,88,88,88,88,88,88,88,88,88,88,88,88,88,88,88,88,88,88,88,88,88,88,88,88,98,98,98,98,98,98,98,98,98],"card_choices":[{"not_picked":["Guardian:Harden","Guardian:PiercingHide"],"picked":"Guardian:PrismaticBeam","floor":2},{"not_picked":["Guardian:ShieldSpikes","Guardian:ShieldCharger"],"picked":"Guardian:Gem_Fragmented","floor":3},{"not_picked":["Guardian:PrimingBeam","Guardian:TimeBomb"],"picked":"Guardian:Gem_Crimson","floor":6},{"not_picked":["Guardian:PiercingHide","Guardian:TimeCapacitor","Guardian:Reroute"],"picked":"SKIP","floor":8},{"not_picked":["Guardian:ChargeCore","Guardian:WalkerClaw"],"picked":"Guardian:SphericShield","floor":10},{"not_picked":["Guardian:StasisStrike","Guardian:Gem_Crimson"],"picked":"Guardian:Gem_Purple","floor":12},{"not_picked":["Guardian:WalkerClaw","Guardian:FuturePlans"],"picked":"Guardian:Gem_Red","floor":13},{"not_picked":["Guardian:PolyBeam","Guardian:Reroute","Guardian:ShieldCharger"],"picked":"SKIP","floor":14},{"not_picked":["Guardian:RefractedBeam","Guardian:Gem_Yellow"],"picked":"Guardian:Gem_Purple","floor":15},{"not_picked":["Guardian:HyperBeam_Guardian","Guardian:StasisEngine"],"picked":"Guardian:GatlingBeam","floor":16},{"not_picked":["Guardian:WalkerClaw","Guardian:Gem_Cyan"],"picked":"Guardian:TimeBomb","floor":19},{"not_picked":["Guardian:DonusPower","Guardian:TemporalStrike+1"],"picked":"Guardian:ChargeUp+1","floor":20},{"not_picked":["Guardian:Reroute","Guardian:FloatingOrbs","Guardian:Planning+1"],"picked":"SKIP","floor":22},{"not_picked":["Guardian:CrystalBeam+1","Guardian:RollAttack"],"picked":"Guardian:Gem_Lightblue","floor":23},{"not_picked":["Guardian:RollAttack","Guardian:ShieldCharger"],"picked":"Guardian:ChargeCore","floor":26},{"not_picked":["Guardian:Suspension","Guardian:Gem_Fragmented"],"picked":"Guardian:Repulse","floor":28},{"not_picked":["Guardian:VentSteam","Guardian:TemporalStrike"],"picked":"Guardian:Incinerate","floor":29},{"not_picked":["Guardian:TimeCapacitor","Guardian:Planning","Guardian:Reroute"],"picked":"SKIP","floor":30},{"not_picked":["Guardian:Suspension","Guardian:Recover+1"],"picked":"Guardian:GatlingBeam","floor":31},{"not_picked":["Guardian:TemporalShield","Guardian:Suspension"],"picked":"Guardian:Gem_Green","floor":32},{"not_picked":["Guardian:FastForward","Guardian:StasisField"],"picked":"Guardian:Gem_Synthetic","floor":33},{"not_picked":["Guardian:RefractedBeam+1","Guardian:PiercingHide+1"],"picked":"Guardian:Gem_Red","floor":36},{"not_picked":["Guardian:Reroute","Guardian:Planning","Guardian:PrimingBeam+1"],"picked":"SKIP","floor":38},{"not_picked":["Guardian:CrystalBeam","Guardian:TemporalStrike"],"picked":"Guardian:DecasProtection+1","floor":39},{"not_picked":["Guardian:ShieldSpikes+1","Guardian:RollAttack","Guardian:StasisStrike"],"picked":"SKIP","floor":40},{"not_picked":["Guardian:Gem_Crimson","Guardian:Reroute"],"picked":"Guardian:SpikerProtocol+1","floor":44},{"not_picked":["Guardian:TemporalStrike+1","Guardian:EvasiveProtocol"],"picked":"Guardian:TimeCapacitor+1","floor":45},{"not_picked":["Guardian:Gem_Crimson","Guardian:Harden"],"picked":"Guardian:WalkerClaw+1","floor":46},{"not_picked":["Guardian:Emergency","Guardian:PrimingBeam"],"picked":"Guardian:Gem_Fragmented","floor":48},{"not_picked":["Guardian:TemporalStrike","Guardian:WalkerClaw"],"picked":"Guardian:Gem_Yellow","floor":49}],"player_experience":767839,"relics_obtained":[{"floor":7,"key":"Grinning Jar"},{"floor":12,"key":"HornCleat"},{"floor":18,"key":"Gremlin Food"},{"floor":21,"key":"Enchiridion"},{"floor":24,"key":"Golden Egg"},{"floor":28,"key":"Peace Pipe"},{"floor":30,"key":"Ice Cream"},{"floor":40,"key":"hexamod:BolsterEngine"},{"floor":44,"key":"Kunai"}],"event_choices":[{"damage_healed":0,"gold_gain":0,"player_choice":"Box","damage_taken":0,"relics_obtained":["Vajra"],"max_hp_gain":0,"max_hp_loss":0,"event_name":"Big Fish","floor":4,"gold_loss":0,"cards_obtained":["Regret"]},{"cards_removed":["Slimebound:Icky"],"damage_healed":0,"gold_gain":0,"player_choice":"Offered Curse","damage_taken":0,"relics_obtained":["Spirit Poop"],"max_hp_gain":0,"max_hp_loss":0,"event_name":"Bonfire Elementals","floor":25,"gold_loss":0},{"damage_healed":0,"gold_gain":0,"player_choice":"Copied","damage_taken":0,"max_hp_gain":0,"max_hp_loss":0,"event_name":"Duplicator","floor":43,"gold_loss":0,"cards_obtained":["Guardian:SphericShield"]}],"is_beta":false,"boss_relics":[{"not_picked":["Runic Dome","Tiny House"],"picked":"downfall:Hecktoplasm"},{"not_picked":["SlaversCollar","Runic Pyramid"],"picked":"Ring of Chaos"}],"items_purged_floors":[6],"is_endless":false,"potions_floor_spawned":[2,10,14,15,22,29,31,32,33,38,39,46,49],"ascension_level":0}}