{"host":"cv77zuuuekizn3ic","time":1610687506,"event":{"mods":["AchievementEnabler","Act Like it!","BaseMod","Gensokyo","Marisa£®ÏF”Í°°ƒß¿Ì…≥£©","Minty Spire (QoL Compilation)","StSLib","Waifu the Spire","everything is the same but u backflip on backflip","slay the spire mod where everything is the same but ironclad has a cowboy hat"],"gold_per_floor":[119,119,119,11,21,21,21,21,21,51,74,90,105,5,5,82,82,96,96,113,42,58,58,58,58],"floor_reached":24,"language":"ZHS","playtime":965,"items_purged":["Strike_MRS"],"score":348,"play_id":"62e826d1-24b3-4b95-a147-1a782ca53566","local_time":"20210115131146","is_ascension_mode":true,"campfire_choices":[{"data":"MilkyWay","floor":6.0,"key":"SMITH"},{"data":"Defend_MRS","floor":8.0,"key":"SMITH"},{"data":"Acceleration","floor":15.0,"key":"SMITH"},{"floor":23,"key":"REST"}],"circlet_count":0,"master_deck":["AscendersBane","Strike_MRS","Strike_MRS","Strike_MRS","Defend_MRS","Defend_MRS","Defend_MRS","Defend_MRS+1","MasterSpark","UpSweep","SatelliteIllusion","SporeBomb","MilkyWay+1","RefractionSpark","PulseMagic+1","GravityBeat","Acceleration+1","FairyDestructionRay","FairyDestructionRay","MilkyWay","CollectingQuirk","6A+1","Gensokyo:FourOfAKind","Gensokyo:FourOfAKind","Gensokyo:FourOfAKind","Gensokyo:FourOfAKind","MysteriousBeam","Acceleration+1","OortCloud"],"relics":["MiniHakkero","Gensokyo:MarisaIngredientList","Sundial","Kunai","Art of War","Pantograph","Runic Pyramid","Centennial Puzzle"],"acts_visited":["Exordium","Gensokyo:Gensokyo"],"potions_floor_usage":[20],"damage_taken":[{"damage":4.0,"enemies":"Gensokyo:2_Kodama","floor":1.0,"turns":4.0},{"damage":7.0,"enemies":"Gensokyo:Python","floor":5.0,"turns":4.0},{"damage":21.0,"enemies":"Gensokyo:Aya","floor":10.0,"turns":6.0},{"damage":9.0,"enemies":"Gensokyo:Gryphon","floor":12.0,"turns":3.0},{"damage":6.0,"enemies":"Gensokyo:2_Rabbits","floor":13.0,"turns":3.0},{"damage":37.0,"enemies":"Gensokyo:Yukari","floor":16.0,"turns":9.0},{"damage":9.0,"enemies":"Gensokyo:Chomper","floor":18.0,"turns":4.0},{"damage":14,"enemies":"Gensokyo:CosmicMonolith","floor":20,"turns":3},{"damage":23,"enemies":"Gensokyo:Wraith","floor":22,"turns":5},{"damage":33,"enemies":"Gensokyo:Swordslinger","floor":24,"turns":1}],"seed_played":"-2196527802804252171","potions_obtained":[{"floor":10.0,"key":"EntropicBrew"},{"floor":12.0,"key":"BlessingOfTheForge"},{"floor":13.0,"key":"PowerPotion"}],"is_trial":false,"path_per_floor":["M","?","?","COS","M","R","?","R","T","E","T","M","M","$","R","B",null,"M","?","M","COS","M","R","M"],"character_chosen":"MARISA","items_purchased":["MilkyWay"],"campfire_rested":1,"item_purchase_floors":[14],"current_hp_per_floor":[59,59,59,59,52,52,52,52,52,31,31,22,16,16,16,4,54,45,45,31,31,8,22,0,0],"gold":58,"neow_bonus":"ONE_RANDOM_RARE_CARD","is_daily":false,"chose_seed":false,"campfire_upgraded":3,"win_rate":0.0,"timestamp":1610687506,"path_taken":["M","?","?","COS","?","R","?","R","T","E","?","M","?","$","R","BOSS","M","?","M","COS","M","R","?"],"items_purchased_type":["Card"],"build_version":"2020-12-22","purchased_purges":1,"victory":false,"max_hp_per_floor":[70,70,70,70,70,70,70,70,70,70,70,70,70,70,70,70,70,70,49,49,49,49,49,49,49],"card_choices":[{"not_picked":["OneTimeOff","ShootingEcho"],"picked":"SporeBomb","floor":1.0},{"not_picked":["WitchOfGreed","SprinkleStarSeal"],"picked":"MilkyWay","floor":3.0},{"not_picked":["UnstableBomb","OneTimeOff"],"picked":"RefractionSpark","floor":3.0},{"not_picked":["WitchOfGreed+1","MeteoricShower+1"],"picked":"PulseMagic+1","floor":5.0},{"not_picked":["PowerUp","AbsoluteMagnitude"],"picked":"GravityBeat","floor":5.0},{"not_picked":["AbsoluteMagnitude","IllusionStar"],"picked":"Acceleration","floor":10.0},{"not_picked":["Occultation","WitchLeyline"],"picked":"FairyDestructionRay","floor":12.0},{"not_picked":["LuminesStrike","IllusionStar"],"picked":"FairyDestructionRay","floor":13.0},{"not_picked":["SuperNova","StarDustReverie"],"picked":"CollectingQuirk","floor":16.0},{"not_picked":["AsteroidBelt","RefractionSpark"],"picked":"6A+1","floor":18.0},{"not_picked":["DoubleSpark","PowerUp"],"picked":"MysteriousBeam","floor":20},{"not_picked":["AsteroidBelt+1","OpenUniverse+1"],"picked":"Acceleration+1","floor":22},{"not_picked":["DeepEcoloBomb","DragonMeteor"],"picked":"OortCloud","floor":22}],"player_experience":896300,"relics_obtained":[{"floor":9.0,"key":"Sundial"},{"floor":10.0,"key":"Kunai"},{"floor":11.0,"key":"Art of War"}],"event_choices":[],"is_beta":false,"boss_relics":[{"not_picked":["ExperimentalFamiliar","RampagingMagicTools"],"picked":"Runic Pyramid"}],"items_purged_floors":[14],"is_endless":false,"potions_floor_spawned":[10,12,13],"killed_by":"Gensokyo:Swordslinger","ascension_level":14}}