{"host":"jpzdg3po3tjxdjri","time":1610741221,"event":{"mods":["BaseMod","Better Third Choice","Colored Map","Colored Powertips","Minty Spire (QoL Compilation)","StSLib"],"gold_per_floor":[109,15,32,42,4,4,35,35,35,35,52,52,72,34,34,132,132,143,156,51,103,120,120,133,133,133],"floor_reached":25,"language":"ENG","playtime":655,"items_purged":[],"score":213,"play_id":"91e1a5c0-e0a5-4947-bb1d-42264560b502","local_time":"20210115200701","is_ascension_mode":true,"campfire_choices":[{"data":"Whirlwind","floor":6,"key":"SMITH"},{"data":"Perfected Strike","floor":8,"key":"SMITH"},{"data":"Inflame","floor":15,"key":"SMITH"},{"floor":23,"key":"REST"}],"circlet_count":0,"master_deck":["Strike_R","Strike_R","Strike_R","Strike_R","Strike_R","Defend_R","Defend_R","Defend_R","Defend_R","Bash","Twin Strike","Uppercut","Armaments","Inflame+1","Wild Strike","Whirlwind+1","Perfected Strike+1","Feel No Pain","Rampage","Dual Wield","Demon Form","CurseOfTheBell","Pommel Strike+1","Perfected Strike+1","Flex","Headbutt+1","Battle Trance","Burning Pact+1"],"relics":["Burning Blood","Matryoshka","Vajra","Calling Bell","Dream Catcher","Molten Egg 2","StoneCalendar","Orichalcum","Nunchaku"],"acts_visited":["Exordium","TheCity"],"potions_floor_usage":[7,16,24,24,24,25],"damage_taken":[{"damage":10,"enemies":"Jaw Worm","floor":1,"turns":4},{"damage":4,"enemies":"Cultist","floor":3,"turns":3},{"damage":2,"enemies":"2 Louse","floor":4,"turns":3},{"damage":23,"enemies":"Lagavulin","floor":7,"turns":5},{"damage":6,"enemies":"2 Fungi Beasts","floor":11,"turns":3},{"damage":0,"enemies":"3 Louse","floor":13,"turns":1},{"damage":58,"enemies":"The Guardian","floor":16,"turns":12},{"damage":30,"enemies":"Spheric Guardian","floor":18,"turns":4},{"damage":1,"enemies":"3 Byrds","floor":19,"turns":4},{"damage":43,"enemies":"Sentry and Sphere","floor":22,"turns":7},{"damage":31,"enemies":"Chosen and Byrds","floor":24,"turns":6},{"damage":58,"enemies":"Book of Stabbing","floor":25,"turns":5}],"seed_played":"3093948538006293246","potions_obtained":[{"floor":4,"key":"BlessingOfTheForge"},{"floor":13,"key":"LiquidMemories"},{"floor":16,"key":"Weak Potion"},{"floor":19,"key":"EntropicBrew"}],"is_trial":false,"path_per_floor":["M","$","M","M","$","R","E","R","T","?","M","$","M","$","R","B",null,"M","M","$","T","M","R","M","E"],"character_chosen":"IRONCLAD","items_purchased":["Uppercut","Armaments","Whirlwind","Dual Wield","Perfected Strike+1","Flex"],"campfire_rested":1,"item_purchase_floors":[2,2,5,14,20,20],"current_hp_per_floor":[84,84,86,88,88,88,71,71,71,76,76,76,82,82,82,30,93,69,74,74,74,37,64,39,0,0],"gold":133,"neow_bonus":"TEN_PERCENT_HP_BONUS","is_daily":false,"chose_seed":false,"campfire_upgraded":3,"win_rate":0.0,"timestamp":1610741221,"path_taken":["M","$","M","M","$","R","E","R","T","?","M","?","?","?","R","BOSS","M","M","$","?","M","R","M","E"],"items_purchased_type":["Card","Card","Card","Card","Card","Card"],"build_version":"2020-12-22","purchased_purges":0,"victory":false,"max_hp_per_floor":[88,88,88,88,88,88,88,88,88,93,93,93,93,93,93,93,93,93,93,93,93,93,93,93,93,93],"card_choices":[{"not_picked":["Warcry","Blood for Blood"],"picked":"Twin Strike","floor":1},{"not_picked":["Perfected Strike","Heavy Blade"],"picked":"Inflame","floor":3},{"not_picked":["Havoc","Body Slam"],"picked":"Wild Strike","floor":4},{"not_picked":["Sentinel","Iron Wave"],"picked":"Perfected Strike","floor":7},{"not_picked":["Warcry","Body Slam"],"picked":"Feel No Pain","floor":11},{"not_picked":["Seeing Red","Havoc"],"picked":"Rampage","floor":13},{"not_picked":["Berserk","Exhume"],"picked":"Demon Form","floor":16},{"not_picked":["Dual Wield","Pummel+1"],"picked":"Pommel Strike+1","floor":18},{"not_picked":["Power Through+1","Havoc+1","Feel No Pain"],"picked":"SKIP","floor":19},{"not_picked":["Thunderclap+1","Combust"],"picked":"Headbutt+1","floor":22},{"not_picked":["Searing Blow+1","Iron Wave+1"],"picked":"Battle Trance","floor":23},{"not_picked":["Rampage+1","Reckless Charge+1"],"picked":"Burning Pact+1","floor":24}],"player_experience":834062,"relics_obtained":[{"floor":7,"key":"Matryoshka"},{"floor":9,"key":"Vajra"},{"floor":17,"key":"Dream Catcher"},{"floor":17,"key":"Molten Egg 2"},{"floor":17,"key":"StoneCalendar"},{"floor":21,"key":"Orichalcum"},{"floor":21,"key":"Nunchaku"}],"event_choices":[{"damage_healed":0,"gold_gain":0,"player_choice":"Donut","damage_taken":0,"max_hp_gain":5,"max_hp_loss":0,"event_name":"Big Fish","floor":10,"gold_loss":0}],"is_beta":false,"boss_relics":[{"not_picked":["Astrolabe","Pandora\u0027s Box"],"picked":"Calling Bell"}],"items_purged_floors":[],"is_endless":false,"potions_floor_spawned":[4,13,16,19],"killed_by":"Book of Stabbing","ascension_level":1}}