{"host":"jwbw4f4imxd0v0b0","time":1610698569,"event":{"mods":["BaseMod","Colored Map","Highlight Path","Minty Spire (QoL Compilation)","Relic Stats","StSLib"],"gold_per_floor":[117,136,146,157,12,12,12,12],"floor_reached":7,"language":"ENG","playtime":440,"items_purged":[],"score":67,"play_id":"19b2e45e-cb6f-4389-8795-3eddd0bb5ae0","local_time":"20210115021609","is_ascension_mode":true,"campfire_choices":[{"data":"Neutralize","floor":6,"key":"SMITH"}],"circlet_count":0,"master_deck":["AscendersBane","Strike_G","Strike_G","Strike_G","Strike_G","Strike_G","Defend_G","Defend_G","Defend_G","Defend_G","Defend_G","Survivor","Neutralize+1","Backflip","Cloak And Dagger","Expertise"],"relics":["Ring of the Snake","MealTicket","PrismaticShard"],"acts_visited":["Exordium"],"potions_floor_usage":[4,4],"damage_taken":[{"damage":2.0,"enemies":"2 Louse","floor":1.0,"turns":3.0},{"damage":1.0,"enemies":"Cultist","floor":2.0,"turns":4.0},{"damage":0.0,"enemies":"Small Slimes","floor":3.0,"turns":5.0},{"damage":6,"enemies":"Exordium Wildlife","floor":4,"turns":7},{"damage":24,"enemies":"3 Sentries","floor":7,"turns":7}],"seed_played":"3241090320235375750","potions_obtained":[{"floor":1.0,"key":"Explosive Potion"},{"floor":3.0,"key":"CunningPotion"}],"is_trial":false,"path_per_floor":["M","M","M","M","$","R","E"],"character_chosen":"THE_SILENT","items_purchased":["PrismaticShard"],"campfire_rested":0,"item_purchase_floors":[5],"current_hp_per_floor":[61,60,60,54,69,69,45,45],"gold":12,"neow_bonus":"RANDOM_COMMON_RELIC","is_daily":false,"chose_seed":false,"campfire_upgraded":1,"win_rate":0.0,"timestamp":1610698569,"path_taken":["M","M","M","M","$","R","E"],"items_purchased_type":["Relic"],"build_version":"2020-12-22","purchased_purges":0,"victory":false,"max_hp_per_floor":[70,70,70,70,70,70,70,70],"relic_stats":{"counters":[5,26],"MealTicket":15,"obtain_stats":[{"MealTicket":0,"PrismaticShard":5,"Ring of the Snake":0},{"MealTicket":0,"PrismaticShard":4,"Ring of the Snake":0},{"MealTicket":0,"PrismaticShard":19,"Ring of the Snake":0}],"Ring of the Snake":[10]},"card_choices":[{"not_picked":["Reflex","Concentrate"],"picked":"Backflip","floor":1.0},{"not_picked":["Distraction","PiercingWail"],"picked":"Cloak And Dagger","floor":2.0},{"not_picked":["Choke","Slice"],"picked":"Expertise","floor":3.0},{"not_picked":["Outmaneuver","Skewer","Flying Knee"],"picked":"SKIP","floor":4}],"player_experience":1058645,"relics_obtained":[],"event_choices":[],"is_beta":false,"boss_relics":[],"items_purged_floors":[],"is_endless":false,"potions_floor_spawned":[1,3],"killed_by":"3 Sentries","ascension_level":11}}