{"host":"0s686iw3hprdrk8c","time":1610691174,"event":{"mods":["BaseMod","Bestiary","Marisa????????","Minty Spire (QoL Compilation)","StSLib","The Hierophant"],"gold_per_floor":[112,130,130,146,53,113,113,172,172,172,172,152,197,244,244,374,374,414,175,135,38,58,58,95,134,134,134,60,60,60,60],"floor_reached":30,"language":"ENG","playtime":2557,"items_purged":[],"score":271,"play_id":"566a90d5-6fde-4dc7-b0e1-89762e7d0da8","local_time":"20210115011254","is_ascension_mode":false,"campfire_choices":[{"floor":7.0,"key":"REST"},{"floor":10.0,"key":"RECALL"},{"floor":15.0,"key":"REST"},{"data":"MysteriousBeam","floor":23.0,"key":"SMITH"},{"floor":27.0,"key":"REST"}],"circlet_count":0,"master_deck":["Strike_MRS","Strike_MRS","Strike_MRS","Strike_MRS","Defend_MRS","Defend_MRS","Defend_MRS","Defend_MRS","MasterSpark","UpSweep","SporeBomb+1","WitchOfGreed","GrandCross","MilkyWay","WitchOfGreed+1","Parasite","Parasite","AsteroidBelt","GalacticHalo","Parasite","SuperPerseids","CasketOfStar","UltimateShortwave","GrandCross+1","OrrerysSun","MilkyWay","MysteriousBeam+1","SporeBomb","GalacticHalo","StarBarrage+1","ManaRampage","PropBag"],"relics":["MiniHakkero","NeowsBlessing","ShroomBag","WingedGreaves","Pen Nib","SacredBark","Bronze Scales","Letter Opener","Enchiridion"],"acts_visited":["Exordium","TheCity"],"potions_floor_usage":[30,30],"damage_taken":[{"damage":0.0,"enemies":"Small Slimes","floor":1.0,"turns":1.0},{"damage":0.0,"enemies":"2 Louse","floor":2.0,"turns":1.0},{"damage":0.0,"enemies":"Cultist","floor":4.0,"turns":1.0},{"damage":57.0,"enemies":"3 Sentries","floor":6.0,"turns":9.0},{"damage":23.0,"enemies":"Gremlin Nob","floor":8.0,"turns":5.0},{"damage":16.0,"enemies":"Exordium Wildlife","floor":13.0,"turns":5.0},{"damage":21.0,"enemies":"3 Sentries","floor":14.0,"turns":9.0},{"damage":20.0,"enemies":"Slime Boss","floor":16.0,"turns":10.0},{"damage":29.0,"enemies":"Shell Parasite","floor":18.0,"turns":5.0},{"damage":15.0,"enemies":"2 Thieves","floor":22.0,"turns":3.0},{"damage":10.0,"enemies":"Chosen and Byrds","floor":24.0,"turns":3.0},{"damage":29.0,"enemies":"Centurion and Healer","floor":25.0,"turns":6.0},{"damage":1,"enemies":"Colosseum Slavers","floor":30,"turns":2},{"damage":7,"enemies":"Colosseum Nobs","floor":30,"turns":2}],"seed_played":"8027133947630018380","potions_obtained":[{"floor":1.0,"key":"Fire Potion"},{"floor":6.0,"key":"ColorlessPotion"},{"floor":6.0,"key":"PowerPotion"},{"floor":8.0,"key":"LiquidBronze"},{"floor":8.0,"key":"StarNLove"},{"floor":12.0,"key":"ShroomBrew"},{"floor":13.0,"key":"Energy Potion"},{"floor":16.0,"key":"Explosive Potion"},{"floor":16.0,"key":"GamblersBrew"},{"floor":18.0,"key":"PowerPotion"},{"floor":24.0,"key":"Dexterity Potion"},{"floor":24.0,"key":"FearPotion"},{"floor":25.0,"key":"Fire Potion"}],"is_trial":false,"path_per_floor":["M","M","?","M","$","E","R","E","T","R","?","?","M","E","R","B",null,"M","$","?","$","M","R","M","M","T","R","$","?","?"],"character_chosen":"MARISA","items_purchased":["MilkyWay","WitchOfGreed","OrrerysSun","MilkyWay","Bronze Scales","MysteriousBeam","SporeBomb","PropBag"],"campfire_rested":3,"item_purchase_floors":[5,5,19,19,19,21,21,28],"current_hp_per_floor":[75,75,75,75,75,18,40,21,21,21,39,39,29,14,36,22,75,52,52,52,52,43,43,39,16,16,38,38,22,24,24],"gold":60,"neow_bonus":"THREE_ENEMY_KILL","is_daily":false,"chose_seed":false,"campfire_upgraded":1,"win_rate":0.0,"timestamp":1610691174,"path_taken":["M","M","?","M","$","E","R","E","T","R","?","?","?","E","R","BOSS","M","$","?","$","?","R","M","?","T","R","?","?","?"],"items_purchased_type":["Card","Card","Card","Card","Relic","Card","Card","Card"],"build_version":"2020-12-22","purchased_purges":0,"victory":false,"max_hp_per_floor":[75,75,75,75,75,75,75,75,75,75,75,75,75,75,75,75,75,75,75,75,75,75,75,75,75,75,75,75,75,75,75],"card_choices":[{"not_picked":["Robbery","EventHorizon"],"picked":"SporeBomb","floor":1.0},{"not_picked":["FairyDestructionRay","DoubleSpark"],"picked":"WitchOfGreed","floor":2.0},{"not_picked":["6A","NonDirectionalLaser"],"picked":"GrandCross","floor":4.0},{"not_picked":["BlazeAway","GravityBeat"],"picked":"AsteroidBelt","floor":6.0},{"not_picked":["OrrerysSun","LuminesStrike"],"picked":"GalacticHalo","floor":8.0},{"not_picked":["DC","MeteoricShower"],"picked":"SuperPerseids","floor":13.0},{"not_picked":["Occultation","AsteroidBelt"],"picked":"CasketOfStar","floor":14.0},{"not_picked":["EscapeVelocity","SuperNova"],"picked":"UltimateShortwave","floor":16.0},{"not_picked":["AlicesGift","Acceleration"],"picked":"GrandCross+1","floor":18.0},{"not_picked":["IllusionStar","WitchOfGreed+1"],"picked":"GalacticHalo","floor":22.0},{"not_picked":["ShootingEcho","DC"],"picked":"StarBarrage+1","floor":24.0},{"not_picked":["GalacticHalo","MilkyWay"],"picked":"ManaRampage","floor":25.0}],"player_experience":209248,"relics_obtained":[{"floor":6.0,"key":"ShroomBag"},{"floor":8.0,"key":"WingedGreaves"},{"floor":14.0,"key":"Pen Nib"},{"floor":26.0,"key":"Letter Opener"},{"floor":29.0,"key":"Enchiridion"}],"event_choices":[{"damage_healed":0.0,"max_hp_gain":0.0,"max_hp_loss":0.0,"gold_gain":0.0,"event_name":"Golden Wing","player_choice":"Ignored","floor":3.0,"gold_loss":0.0,"damage_taken":0.0},{"damage_healed":18.0,"max_hp_gain":0.0,"max_hp_loss":0.0,"gold_gain":0.0,"event_name":"Mushrooms_MRS","player_choice":"Healed and dodged fight","floor":11.0,"gold_loss":0.0,"damage_taken":0.0,"cards_obtained":["Parasite"]},{"damage_healed":0.0,"max_hp_gain":0.0,"max_hp_loss":0.0,"gold_gain":0.0,"event_name":"The Woman in Blue","player_choice":"Bought 1 Potion","floor":12.0,"gold_loss":0.0,"damage_taken":0.0},{"damage_healed":0.0,"max_hp_gain":0.0,"max_hp_loss":0.0,"gold_gain":0.0,"event_name":"Designer","player_choice":"Upgraded Two","floor":20.0,"gold_loss":40.0,"damage_taken":0.0,"cards_upgraded":["SporeBomb","WitchOfGreed"]},{"damage_healed":0.0,"max_hp_gain":0.0,"max_hp_loss":0.0,"gold_gain":0.0,"event_name":"Cursed Tome","player_choice":"Obtained Book","floor":29.0,"gold_loss":0.0,"damage_taken":16.0},{"damage_healed":0,"gold_gain":0,"player_choice":"Fight","damage_taken":0,"max_hp_gain":0,"max_hp_loss":0,"event_name":"Colosseum","floor":30,"gold_loss":0},{"damage_healed":0,"gold_gain":0,"player_choice":"Fought Nobs","damage_taken":0,"max_hp_gain":0,"max_hp_loss":0,"event_name":"Colosseum","floor":30,"gold_loss":0}],"is_beta":false,"boss_relics":[{"not_picked":["Sozu","Runic Pyramid"],"picked":"SacredBark"}],"items_purged_floors":[],"is_endless":false,"potions_floor_spawned":[1,8,13,16,24,25],"killed_by":"Colosseum Nobs","ascension_level":0}}