{"host":"9kesdg97wkrx2bva","time":1610696920,"event":{"mods":["AchievementEnabler","BaseMod","Colored Map","Downfall","GifTheSpireLib","Infinite Spire","Minty Spire (QoL Compilation)","Replay The Spire","StSLib"],"gold_per_floor":[359,373,373,392,392,392,407,407,407,407,155,155,155,155],"floor_reached":13,"language":"ENG","playtime":215,"items_purged":["Strike_B"],"score":131,"play_id":"f1776bd5-a3f0-46d0-b330-cf88ead81dde","local_time":"20210115024840","is_ascension_mode":true,"campfire_choices":[{"data":"Zap","floor":6,"key":"SMITH"},{"data":"Dualcast","floor":8,"key":"SMITH"},{"data":"Streamline","floor":10,"key":"SMITH"}],"circlet_count":0,"master_deck":["AscendersBane","Strike_B","Strike_B","Strike_B","Defend_B","Defend_B","Defend_B","Defend_B+1","Zap+1","Dualcast+1","Sweeping Beam+1","Barrage","Streamline+1","Ball Lightning","Scrape","expansioncontent:Chronoboost","ReplayTheSpireMod:Haul"],"relics":["Cracked Core","Prayer Wheel","Durian"],"acts_visited":["Exordium"],"potions_floor_usage":[],"damage_taken":[{"damage":4,"enemies":"Jaw Worm","floor":1,"turns":5},{"damage":5,"enemies":"2 Louse","floor":2,"turns":2},{"damage":0,"enemies":"Cultist","floor":4,"turns":3},{"damage":8,"enemies":"3 Louse","floor":7,"turns":4},{"damage":33,"enemies":"Lagavulin","floor":13,"turns":6}],"seed_played":"-6603246546456999034","potions_obtained":[{"floor":2,"key":"BlessingOfTheForge"}],"is_trial":false,"path_per_floor":["M","M","?","M","?","R","M","R","T","R","$","?","E"],"character_chosen":"DEFECT","items_purchased":["Scrape","expansioncontent:Chronoboost"],"campfire_rested":0,"item_purchase_floors":[11,11],"current_hp_per_floor":[60,55,36,36,36,36,28,28,33,33,33,16,0,0],"gold":155,"neow_bonus":"TWO_FIFTY_GOLD","is_daily":false,"chose_seed":false,"campfire_upgraded":3,"win_rate":0.0,"timestamp":1610696920,"path_taken":["M","M","?","M","?","R","?","R","T","R","$","?","E"],"items_purchased_type":["Card","Card"],"build_version":"2020-12-22","purchased_purges":1,"victory":false,"max_hp_per_floor":[64,64,64,64,64,64,64,64,69,69,69,69,69,69],"card_choices":[{"not_picked":["BasicCrystalCard","Redo"],"picked":"Sweeping Beam","floor":1},{"not_picked":["Steam","Redo"],"picked":"Barrage","floor":2},{"not_picked":["Compile Driver","Crystallizer"],"picked":"Streamline","floor":4},{"not_picked":["BasicCrystalCard","Redo"],"picked":"Ball Lightning","floor":7},{"not_picked":["Hologram","Sweeping Beam","Conserve Battery"],"picked":"SKIP","floor":7},{"not_picked":["infinitespire:DeathsTouch","infinitespire:UltimateForm"],"picked":"ReplayTheSpireMod:Haul","floor":12}],"player_experience":942577,"relics_obtained":[{"floor":9,"key":"Durian"}],"event_choices":[{"damage_healed":0,"gold_gain":0,"player_choice":"Entered Light","damage_taken":19,"max_hp_gain":0,"max_hp_loss":0,"event_name":"Shining Light","floor":3,"gold_loss":0,"cards_upgraded":["Sweeping Beam","Defend_B"]},{"damage_healed":0,"gold_gain":0,"player_choice":"Gave Potion","damage_taken":0,"relics_obtained":["Prayer Wheel"],"max_hp_gain":0,"max_hp_loss":0,"event_name":"WeMeetAgain","floor":5,"gold_loss":0}],"is_beta":false,"boss_relics":[],"items_purged_floors":[11],"is_endless":false,"potions_floor_spawned":[2],"killed_by":"Lagavulin","ascension_level":16}}