{"host":"ccryllxwh68mzgdb","time":1610712520,"event":{"mods":["Act Like it!","BaseMod","Downfall","Gremlin Skip","Hallownest","HololiveMod","KinomotoSakuraMod(ƒæ÷Æ±æ”£)","Marisa£®ÏF”Í°°ƒß¿Ì…≥£©","Minty Spire (QoL Compilation)","Reimu£®≤©¿ˆ¡È√Œ£©","Remilia£®¿Ÿ√◊¿Ú—«£©","Replay The Spire","RumiaBox-¬∂√◊Ê´µƒ…Ò√ÿ∫–◊”","Spicy Shops","StSLib","The Bug Knight","The Servant 0.9.4","WarShipGirlsR/’ΩΩ¢…Ÿ≈ÆR mod","Youmu£®ªÍ∆«—˝√Œ£©","Yuri Mod","[IsaacMod]“‘»ˆº‚À˛"],"gold_per_floor":[117,79,90,50,63,94,94,110,110,125,125,137,148,160,160,258,258,258],"floor_reached":17,"language":"ZHS","playtime":734,"items_purged":["Defend_G"],"score":211,"play_id":"c52a48c2-b0ea-4d50-8849-63acefa1d4a4","local_time":"20210115200840","is_ascension_mode":false,"campfire_choices":[{"data":"Neutralize","floor":7,"key":"SMITH"},{"data":"Terror","floor":15,"key":"SMITH"}],"circlet_count":0,"master_deck":["Strike_G","Strike_G","Strike_G","Strike_G","Defend_G","Defend_G","Defend_G","Defend_G","Survivor","Neutralize+1","Terror+1","Hidden Blade","Backflip","Slice+1","All Out Attack+1","Underhanded Strike+1","Dagger Throw+1"],"relics":["Ring of the Snake","HushsDoor","SteamSale","PaintedHorse:ReiMu","Molten Egg 2","PunchingBag","Replay:Grab Bag"],"acts_visited":["Exordium","TheCity"],"potions_floor_usage":[6,16],"damage_taken":[{"damage":0,"enemies":"Small Slimes","floor":1,"turns":6},{"damage":0,"enemies":"2 Louse","floor":3,"turns":2},{"damage":3,"enemies":"Jaw Worm","floor":5,"turns":3},{"damage":36,"enemies":"Lagavulin","floor":6,"turns":6},{"damage":8,"enemies":"Gremlin Gang","floor":8,"turns":3},{"damage":1,"enemies":"2 Fungi Beasts","floor":10,"turns":3},{"damage":1,"enemies":"Lots of Slimes","floor":12,"turns":5},{"damage":5,"enemies":"Gremlin Gang","floor":13,"turns":3},{"damage":6,"enemies":"Red Slaver","floor":14,"turns":3},{"damage":0,"enemies":"Slime Boss","floor":16,"turns":3}],"seed_played":"-5396978436134433119","potions_obtained":[{"floor":1,"key":"Poison Potion"},{"floor":6,"key":"AttackPotion"},{"floor":12,"key":"Flashbang"}],"is_trial":false,"path_per_floor":["M","$","M","?","M","E","R","M","T","M","?","M","M","M","R","B",null],"character_chosen":"THE_SILENT","items_purchased":[],"campfire_rested":0,"item_purchase_floors":[],"current_hp_per_floor":[70,70,70,70,67,31,31,23,23,22,45,44,39,33,33,33,70,70],"gold":258,"neow_bonus":"RANDOM_EVENT","is_daily":false,"chose_seed":false,"campfire_upgraded":2,"win_rate":0.0,"timestamp":1610712520,"path_taken":["M","$","M","?","M","E","R","M","T","M","?","M","?","M","R","BOSS"],"items_purchased_type":[],"build_version":"2020-12-22","purchased_purges":1,"victory":false,"max_hp_per_floor":[70,70,70,70,70,70,70,70,70,70,70,70,70,70,70,70,70,70],"card_choices":[{"not_picked":["Sucker Punch","Sneak Up"],"picked":"Terror","floor":1},{"not_picked":["Blade Dance","Poisoned Stab"],"picked":"Hidden Blade","floor":3},{"not_picked":["Leg Sweep","ReplayTheSpireMod:Scrap Shanks"],"picked":"Backflip","floor":5},{"not_picked":["ReplayTheSpireMod:Necrosis","Hidden Blade"],"picked":"Slice+1","floor":6},{"not_picked":["Blade Dance","Outmaneuver","Draining Mist"],"picked":"SKIP","floor":8},{"not_picked":["Quick Slash+1","PiercingWail"],"picked":"Bomb","floor":10},{"not_picked":["Replay:Poison Smokescreen","Heel Hook+1"],"picked":"All Out Attack+1","floor":12},{"not_picked":["Setup","Flying Knee+1"],"picked":"Underhanded Strike+1","floor":13},{"not_picked":["Sucker Punch+1","Footwork"],"picked":"Dagger Throw+1","floor":14}],"player_experience":622705,"relics_obtained":[{"floor":6,"key":"Molten Egg 2"},{"floor":9,"key":"PunchingBag"}],"event_choices":[{"cards_removed":["Strike_G"],"damage_healed":0,"gold_gain":0,"player_choice":"Forget","damage_taken":0,"max_hp_gain":0,"max_hp_loss":0,"event_name":"Living Wall","floor":0,"gold_loss":0},{"damage_healed":0,"gold_gain":0,"player_choice":"»˚«Æ","damage_taken":0,"relics_obtained":["PaintedHorse:ReiMu"],"max_hp_gain":0,"max_hp_loss":0,"event_name":"yidonshenshe","floor":4,"gold_loss":40},{"damage_healed":23,"gold_gain":0,"player_choice":"Banana","damage_taken":0,"max_hp_gain":0,"max_hp_loss":0,"event_name":"Big Fish","floor":11,"gold_loss":0}],"is_beta":false,"boss_relics":[{"not_picked":["Abe\u0027s Treasure","ChampionBelt"],"picked":"Replay:Grab Bag"},{"not_picked":[]}],"items_purged_floors":[2],"is_endless":false,"potions_floor_spawned":[1,6,12],"ascension_level":0}}