{"host":"cv77zuuuekizn3ic","time":1610701951,"event":{"mods":["AchievementEnabler","Act Like it!","BaseMod","Gensokyo","Marisa£®ÏF”Í°°ƒß¿Ì…≥£©","Minty Spire (QoL Compilation)","StSLib","Waifu the Spire","everything is the same but u backflip on backflip","slay the spire mod where everything is the same but ironclad has a cowboy hat"],"gold_per_floor":[118,133,133,144,144,175,175,175,175,203,26,73,85,123,135,147,147],"floor_reached":16,"language":"ZHS","playtime":827,"items_purged":[],"score":246,"play_id":"fb6ac0d5-f65c-4418-80a4-90a5f07ed8e6","local_time":"20210115171231","is_ascension_mode":true,"campfire_choices":[{"data":"Apotheosis","floor":8.0,"key":"SMITH"},{"data":"Calculated Gamble","floor":13.0,"key":"SMITH"},{"data":"Acrobatics","floor":15.0,"key":"SMITH"}],"circlet_count":0,"master_deck":["AscendersBane","Strike_G","Strike_G","Strike_G","Strike_G","Strike_G","Defend_G","Defend_G","Defend_G","Defend_G+1","Defend_G","Survivor","Neutralize","Apotheosis+1","Acrobatics+1","Concentrate","PiercingWail","Gensokyo:CrescentMoonSlash","Wraith Form v2","Acrobatics+1","Backflip","Calculated Gamble+1","Venomology"],"relics":["Ring of the Snake","Prayer Wheel","Matryoshka","Smiling Mask","Orrery","War Paint","MawBank","PreservedInsect","Lantern"],"acts_visited":["Exordium"],"potions_floor_usage":[16],"damage_taken":[{"damage":0.0,"enemies":"Gensokyo:Gryphon","floor":1.0,"turns":6.0},{"damage":0.0,"enemies":"Gensokyo:3_Fairies","floor":2.0,"turns":3.0},{"damage":0.0,"enemies":"Gensokyo:2_Kodama","floor":4.0,"turns":4.0},{"damage":23.0,"enemies":"Gensokyo:Mamizou","floor":6.0,"turns":12.0},{"damage":0.0,"enemies":"Gensokyo:Cirno","floor":10.0,"turns":4.0},{"damage":4.0,"enemies":"Gensokyo:Mamizou","floor":14.0,"turns":11.0},{"damage":88,"enemies":"Gensokyo:Kokoro","floor":16,"turns":14}],"seed_played":"-4762409824029026953","potions_obtained":[{"floor":1.0,"key":"Explosive Potion"},{"floor":2.0,"key":"LiquidMemories"},{"floor":4.0,"key":"Fire Potion"}],"is_trial":false,"path_per_floor":["M","M","?","M","?","E","?","R","T","E","COS","T","R","E","R","B"],"character_chosen":"THE_SILENT","items_purchased":[],"campfire_rested":0,"item_purchase_floors":[],"current_hp_per_floor":[59,59,59,59,65,42,29,29,29,29,29,29,29,25,25,0,0],"gold":147,"neow_bonus":"RANDOM_COLORLESS_2","is_daily":false,"chose_seed":false,"campfire_upgraded":3,"win_rate":0.0,"timestamp":1610701951,"path_taken":["M","M","?","M","?","E","?","R","T","E","COS","?","R","E","R","BOSS"],"items_purchased_type":[],"build_version":"2020-12-22","purchased_purges":0,"victory":false,"max_hp_per_floor":[60,60,60,60,66,66,66,66,66,66,66,66,66,66,66,66,66],"card_choices":[{"not_picked":["Sadistic Nature","Secret Weapon"],"picked":"Apotheosis","floor":0.0},{"not_picked":["Deflect","Quick Slash","Bane"],"picked":"SKIP","floor":1.0},{"not_picked":["Deadly Poison","Deflect"],"picked":"Acrobatics","floor":2.0},{"not_picked":["Bane","Dodge and Roll"],"picked":"Concentrate","floor":4.0},{"not_picked":["Backstab","Caltrops"],"picked":"PiercingWail","floor":6.0},{"not_picked":["Setup","Flying Knee"],"picked":"Wraith Form v2","floor":10.0},{"not_picked":["Deflect","Quick Slash"],"picked":"Acrobatics","floor":11.0},{"not_picked":["PiercingWail","Dash"],"picked":"Backflip","floor":11.0},{"not_picked":["Dagger Spray","Distraction"],"picked":"Calculated Gamble","floor":11.0},{"not_picked":["Expertise","Deadly Poison"],"picked":"Venomology","floor":11.0},{"not_picked":["Sucker Punch","Outmaneuver","Cloak And Dagger"],"picked":"SKIP","floor":14.0}],"player_experience":909008,"relics_obtained":[{"floor":6.0,"key":"Prayer Wheel"},{"floor":9.0,"key":"Matryoshka"},{"floor":10.0,"key":"Smiling Mask"},{"floor":12.0,"key":"War Paint"},{"floor":12.0,"key":"MawBank"},{"floor":14.0,"key":"PreservedInsect"}],"event_choices":[],"is_beta":false,"boss_relics":[],"items_purged_floors":[],"is_endless":false,"potions_floor_spawned":[1,2,4,10],"killed_by":"Gensokyo:Kokoro","ascension_level":19}}