{"host":"fc97bmrl7qvj4ruk","time":1610673291,"event":{"mods":["BaseMod","Colored Map","Googly Eyes","Hubris","Minty Spire (QoL Compilation)","Replay The Spire","StSLib"],"gold_per_floor":[114,177,192,114,64,98,98,116,185,200,253,281,293,337,349,458,470,500,527,539,53,70,100,100,135,162,178,178,8,8,54,54,156,156,176,176,231,281,21,54,54,66,89,89,101,132,132,150,150,150],"floor_reached":51,"language":"ZHS","playtime":4662,"items_purged":[],"score":892,"play_id":"c35a7f17-d4f2-4081-b694-674d74516bc3","local_time":"20210114211451","is_ascension_mode":true,"campfire_choices":[{"data":"Hello World","floor":7,"key":"SMITH"},{"data":"Loop","floor":15,"key":"SMITH"},{"data":"Seek","floor":24,"key":"SMITH"},{"floor":30,"key":"REST"},{"floor":32,"key":"REST"},{"floor":41,"key":"DIG"},{"floor":44,"key":"DIG"},{"floor":47,"key":"REST"},{"floor":49,"key":"DIG"}],"circlet_count":0,"master_deck":["Strike_B","Strike_B","Defend_B","Defend_B","Zap","Dualcast","Coolheaded","Hello World+1","Seek+1","ReplayGash","Aggregate","Ball Lightning","Gash","Beam Cell","Loop+1","All For One","Beam Cell","Hologram+1","FTL","Steam","Compile Driver","Magnetism+1","Hologram+1","Thunder Strike","Gash","BasicCrystalCard+1","Self Repair","Good Instincts","Scrape","Scrape+1","Buffer+1","Reboot+1","Loop+1","White Noise","Beam Cell+1","Doubt","Amplify+1","Redo+1","FIFO Queue+1","Turbo+1","Looming Evil","Amplify+1","Gash","Turbo+1"],"relics":["Cracked Core","Bronze Scales","Replay:Antivirus Software","Onion Ring","Ancient Tea Set","MawBank","hubris:CrystalStatue","Philosopher\u0027s Stone","Bag of Marbles","Replay:Baseball","Nunchaku","Replay:Bottled Snecko","Anchor","Enchiridion","Regal Pillow","Astrolabe","Prayer Wheel","Shovel","Ring of Greed","Tiny Chest","Golden Egg","Ring of Misfortune","Matryoshka","Blue Doll","hubris:MedicalManual","Gremlin Food","Centennial Puzzle","White Beast Statue","Counterbalance","Pen Nib"],"acts_visited":["Exordium","TheCity","TheBeyond"],"potions_floor_usage":[2,12,16,16,33,33,42,42,48,50,50,50],"damage_taken":[{"damage":1,"enemies":"Jaw Worm","floor":1,"turns":3},{"damage":5,"enemies":"2 Louse","floor":3,"turns":3},{"damage":14,"enemies":"Replay:BlueRogue","floor":6,"turns":5},{"damage":0,"enemies":"Small Slimes","floor":8,"turns":3},{"damage":7,"enemies":"Blue Slaver","floor":10,"turns":3},{"damage":8,"enemies":"3 Sentries","floor":12,"turns":5},{"damage":12,"enemies":"Lagavulin","floor":14,"turns":5},{"damage":26,"enemies":"The Guardian","floor":16,"turns":6},{"damage":6,"enemies":"3 Byrds","floor":18,"turns":2},{"damage":7,"enemies":"Chosen","floor":19,"turns":3},{"damage":17,"enemies":"Sentry and Sphere","floor":22,"turns":4},{"damage":21,"enemies":"Gremlin Leader","floor":23,"turns":5},{"damage":7,"enemies":"Replay:Snechameleon","floor":25,"turns":4},{"damage":0,"enemies":"3 Cultists","floor":27,"turns":3},{"damage":22,"enemies":"Book of Stabbing","floor":31,"turns":4},{"damage":2,"enemies":"Collector","floor":33,"turns":5},{"damage":24,"enemies":"3 Shapes","floor":35,"turns":4},{"damage":31,"enemies":"2 Orb Walkers","floor":37,"turns":3},{"damage":6,"enemies":"R_Hoarder","floor":40,"turns":5},{"damage":0,"enemies":"3 Darklings","floor":42,"turns":2},{"damage":0,"enemies":"Spire Growth","floor":45,"turns":3},{"damage":34,"enemies":"Nemesis","floor":46,"turns":7},{"damage":0,"enemies":"Transient","floor":48,"turns":5},{"damage":20,"enemies":"hubris:GrandSnecko","floor":50,"turns":10}],"seed_played":"6910691010729092790","potions_obtained":[{"floor":1,"key":"Toxic Potion"},{"floor":2,"key":"Fruit Juice"},{"floor":2,"key":"Doom Potion"},{"floor":6,"key":"Dexterity Potion"},{"floor":8,"key":"FocusPotion"},{"floor":12,"key":"FocusPotion"},{"floor":22,"key":"AttackPotion"},{"floor":27,"key":"FocusPotion"},{"floor":33,"key":"AttackPotion"},{"floor":37,"key":"Toxic Potion"},{"floor":42,"key":"SpeedPotion"},{"floor":45,"key":"DistilledChaos"},{"floor":46,"key":"Strength Potion"},{"floor":48,"key":"Elixir"}],"is_trial":false,"path_per_floor":["M","?","M","$","?","E","R","M","T","M","T","E","$","E","R","B",null,"M","M","?","$","M","E","R","E","T","M","?","$","R","E","R","B",null,"M","?","?","?","$","E","R","M","T","R","M","E","R","M","R","B",null],"character_chosen":"DEFECT","items_purchased":["ReplayGash","FTL","Steam","Compile Driver","Magnetism","Replay:Baseball","Self Repair","Good Instincts","Matryoshka"],"campfire_rested":3,"item_purchase_floors":[4,21,21,21,21,21,29,29,39],"current_hp_per_floor":[81,86,81,81,81,67,67,67,67,60,60,52,52,40,40,14,87,81,74,74,74,57,36,36,29,29,29,13,13,39,17,58,56,87,70,70,46,46,46,47,47,54,54,54,54,27,68,75,75,55],"gold":150,"neow_bonus":"TEN_PERCENT_HP_BONUS","is_daily":false,"chose_seed":false,"campfire_upgraded":3,"win_rate":0.0,"timestamp":1610673291,"path_taken":["M","?","M","$","?","E","R","M","T","M","?","E","$","E","R","BOSS","M","M","?","?","?","E","R","E","T","M","?","$","R","E","R","BOSS","M","?","?","?","?","E","R","M","T","R","?","E","R","?","R","BOSS"],"items_purchased_type":["Card","Card","Card","Card","Card","Relic","Card","Card","Relic"],"build_version":"2020-12-22","purchased_purges":0,"victory":true,"max_hp_per_floor":[82,87,87,87,87,87,87,87,87,87,87,87,87,87,87,87,87,87,87,87,87,87,87,87,87,87,87,87,87,87,87,87,87,87,87,87,87,87,87,87,87,87,87,87,87,87,87,87,87,87],"card_choices":[{"not_picked":["Double Energy","Lockon"],"picked":"Coolheaded","floor":1},{"not_picked":["ReplayTheSpireMod:Repulse","Conserve Battery"],"picked":"Hello World","floor":2},{"not_picked":["Steam","Coolheaded"],"picked":"Seek","floor":3},{"not_picked":["hubris:Ukulele","ReplaySolidLightProjector"],"picked":"Aggregate","floor":6},{"not_picked":["Beam Cell","hubris:Ukulele"],"picked":"Ball Lightning","floor":8},{"not_picked":["BasicCrystalCard","Time Bomb"],"picked":"Gash","floor":10},{"not_picked":["White Noise","Compile Driver"],"picked":"Beam Cell","floor":12},{"not_picked":["BasicCrystalCard","Core Surge"],"picked":"Loop","floor":14},{"not_picked":["hubris:DoWhile","Mirror Shield"],"picked":"All For One","floor":16},{"not_picked":["Reinforced Body","Panic Button"],"picked":"Beam Cell","floor":18},{"not_picked":["Turbo","Redo"],"picked":"Hologram+1","floor":19},{"not_picked":["Sweeping Beam","Turbo"],"picked":"Hologram+1","floor":22},{"not_picked":["Streamline","ReplaySolidLightProjector"],"picked":"Thunder Strike","floor":23},{"not_picked":["Reprogram","Force Field"],"picked":"Gash","floor":25},{"not_picked":["ReplaySolidLightProjector+1","Lockon+1"],"picked":"BasicCrystalCard+1","floor":27},{"not_picked":["Reinforced Body+1","Streamline"],"picked":"Scrape","floor":31},{"not_picked":["Reboot","Biased Cognition"],"picked":"ReplayTheSpireMod:Fabricate Wheel","floor":33},{"not_picked":["Streamline+1","Glacier"],"picked":"Loop+1","floor":35},{"not_picked":["Barrage","Fusion"],"picked":"White Noise","floor":35},{"not_picked":["Storm","Streamline"],"picked":"Beam Cell+1","floor":37},{"not_picked":["Conserve Battery+1","Tempest"],"picked":"Amplify","floor":40},{"not_picked":["Hologram","Conserve Battery"],"picked":"Redo+1","floor":42},{"not_picked":["Time Bomb","Consume","Rip and Tear"],"picked":"SKIP","floor":42},{"not_picked":["Streamline","Aggregate+1"],"picked":"FIFO Queue+1","floor":45},{"not_picked":["Conserve Battery","Coolheaded+1"],"picked":"Turbo+1","floor":45},{"not_picked":["Fission","Consume+1"],"picked":"Amplify","floor":46},{"not_picked":["Hologram+1","ReplaySort"],"picked":"Gash","floor":48},{"not_picked":["Force Field+1","Panic Button+1"],"picked":"Turbo+1","floor":48}],"player_experience":143712,"relics_obtained":[{"floor":2,"key":"Bronze Scales"},{"floor":6,"key":"Replay:Antivirus Software"},{"floor":9,"key":"Onion Ring"},{"floor":11,"key":"Ancient Tea Set"},{"floor":12,"key":"MawBank"},{"floor":14,"key":"hubris:CrystalStatue"},{"floor":23,"key":"Nunchaku"},{"floor":25,"key":"Replay:Bottled Snecko"},{"floor":26,"key":"Anchor"},{"floor":28,"key":"Enchiridion"},{"floor":31,"key":"Regal Pillow"},{"floor":37,"key":"Shovel"},{"floor":38,"key":"Ring of Greed"},{"floor":38,"key":"Tiny Chest"},{"floor":38,"key":"Golden Egg"},{"floor":38,"key":"Ring of Misfortune"},{"floor":40,"key":"Blue Doll"},{"floor":41,"key":"hubris:MedicalManual"},{"floor":43,"key":"Gremlin Food"},{"floor":43,"key":"Centennial Puzzle"},{"floor":44,"key":"White Beast Statue"},{"floor":46,"key":"Counterbalance"},{"floor":49,"key":"Pen Nib"}],"event_choices":[{"cards_removed":["Strike_B"],"damage_healed":0,"gold_gain":0,"player_choice":"Card Removal","damage_taken":0,"max_hp_gain":0,"max_hp_loss":0,"event_name":"The Cleric","floor":5,"gold_loss":50},{"damage_healed":0,"gold_gain":0,"player_choice":"Obtained Book","damage_taken":16,"max_hp_gain":0,"max_hp_loss":0,"event_name":"Cursed Tome","floor":28,"gold_loss":0},{"damage_healed":0,"gold_gain":0,"player_choice":"Ignored","damage_taken":0,"max_hp_gain":0,"max_hp_loss":0,"event_name":"Tomb of Lord Red Mask","floor":36,"gold_loss":0},{"damage_healed":0,"gold_gain":0,"player_choice":"Fight","damage_taken":0,"max_hp_gain":0,"max_hp_loss":0,"event_name":"Mysterious Sphere","floor":37,"gold_loss":0}],"is_beta":false,"boss_relics":[{"not_picked":["hubris:BlackHole","Velvet Choker"],"picked":"Philosopher\u0027s Stone"},{"not_picked":["ReplayTheSpireMod:DimensionalGlitch","Fusion Hammer"],"picked":"Astrolabe"}],"items_purged_floors":[],"is_endless":false,"potions_floor_spawned":[1,6,8,10,12,22,27,31,33,37,40,42,45,46,48],"ascension_level":1}}