{"host":"18wi9kpcl4eah7pe","time":1610680272,"event":{"mods":["BaseMod","Colored Powertips","Downfall","Minty Spire (QoL Compilation)","StSLib"],"gold_per_floor":[99,109,57,57,69,100,100,10,185,110,137,137,157,42,61,159,159,159,174,174,11,11,11,11,11,11,11,30,115,115,115],"floor_reached":30,"language":"ENG","playtime":1228,"items_purged":["Regret","Doubt"],"score":222,"play_id":"53aa04f0-f66f-47e9-808e-796622fdb586","local_time":"20210114211112","is_ascension_mode":false,"campfire_choices":[{"floor":1,"key":"RECALL"},{"floor":10,"key":"REST"},{"floor":12,"key":"REST"},{"data":"sneckomod:SerpentMind","floor":18,"key":"SMITH"},{"floor":23,"key":"REST"},{"data":"sneckomod:SnekBeam","floor":26,"key":"SMITH"}],"circlet_count":0,"master_deck":["sneckomod:Strike+1","sneckomod:Strike","sneckomod:Strike","sneckomod:Defend","sneckomod:Defend","sneckomod:Defend","sneckomod:TailWhip","sneckomod:SnekBite","sneckomod:Unknown","sneckomod:Unknown","expansioncontent:DarkVoid+1","sneckomod:UnknownExhaust+1","sneckomod:WideSting","sneckomod:TrashToTreasure","sneckomod:QuickMove","sneckomod:SlitherStrike","sneckomod:UnknownCommonSkill","sneckomod:UnknownStrike","sneckomod:CheapStock+1","sneckomod:SnekBeam+1","sneckomod:Unknown2Cost","hexamod:FirstSeal","sneckomod:SerpentMind+1","CurseOfTheBell","sneckomod:UnknownClassGREEN+1","sneckomod:UnknownUncommonAttack","sneckomod:UnknownBlock+1"],"relics":["sneckomod:SneckoSoul","Juzu Bracelet","Mummified Hand","downfall:HeartBlessingRed","Odd Mushroom","Calling Bell","Blood Vial","Toxic Egg 2","FossilizedHelix","Membership Card","Kunai","MutagenicStrength"],"acts_visited":["Exordium","TheCity"],"potions_floor_usage":[16,16,28,30],"damage_taken":[{"damage":6,"enemies":"Jaw Worm","floor":2,"turns":3},{"damage":5,"enemies":"downfall:FleeingMerchant","floor":3,"turns":4},{"damage":6,"enemies":"Small Slimes","floor":5,"turns":3},{"damage":10,"enemies":"Gremlin Nob","floor":6,"turns":4},{"damage":8,"enemies":"downfall:FleeingMerchant","floor":8,"turns":4},{"damage":25,"enemies":"The Mushroom Lair","floor":11,"turns":4},{"damage":0,"enemies":"2 Louse","floor":13,"turns":1},{"damage":26,"enemies":"downfall:FleeingMerchant","floor":14,"turns":4},{"damage":4,"enemies":"Blue Slaver","floor":15,"turns":2},{"damage":68,"enemies":"downfall:Silent","floor":16,"turns":13},{"damage":20,"enemies":"Spheric Guardian","floor":19,"turns":4},{"damage":15,"enemies":"downfall:FleeingMerchant","floor":21,"turns":4},{"damage":10,"enemies":"Shell Parasite","floor":28,"turns":4},{"damage":80,"enemies":"Book of Stabbing","floor":30,"turns":9}],"seed_played":"5792084674421739658","potions_obtained":[{"floor":6,"key":"EssenceOfSteel"},{"floor":11,"key":"PowerPotion"},{"floor":15,"key":"SneckoOil"},{"floor":19,"key":"Swift Potion"}],"is_trial":false,"path_per_floor":["R","M","$","?","M","E","T","$","?","R","?","R","M","$","M","B",null,"R","M","?","$","?","R","T","?","R","?","M","?","E"],"character_chosen":"THE_SNECKO","items_purchased":["sneckomod:TrashToTreasure","Membership Card"],"campfire_rested":3,"item_purchase_floors":[3,21],"current_hp_per_floor":[90,85,80,80,74,64,64,57,57,84,60,87,87,76,73,5,94,94,82,82,77,77,96,96,96,96,88,88,74,0,0],"gold":115,"neow_bonus":"RANDOM_COLORLESS","is_daily":false,"chose_seed":false,"campfire_upgraded":2,"win_rate":0.0,"timestamp":1610680272,"path_taken":["R","M","$","?","M","E","T","$","?","R","?","R","M","?","M","BOSS","R","M","?","$","?","R","T","?","R","?","M","?","E"],"items_purchased_type":["Card","Relic"],"build_version":"2020-12-22","purchased_purges":2,"victory":false,"max_hp_per_floor":[90,91,91,91,91,91,91,92,92,92,93,93,93,93,94,94,94,94,95,95,96,96,96,96,96,96,96,97,97,97,97],"card_choices":[{"not_picked":["expansioncontent:PrepareCrush","expansioncontent:Torchfire"],"picked":"expansioncontent:DarkVoid","floor":0},{"not_picked":["sneckomod:UnknownStrike","sneckomod:DiceCrush"],"picked":"sneckomod:UnknownExhaust","floor":2},{"not_picked":["sneckomod:UnknownCommonSkill","sneckomod:UnknownCommonAttack"],"picked":"sneckomod:WideSting","floor":3},{"not_picked":["sneckomod:Mudshield","sneckomod:QuickBite"],"picked":"sneckomod:QuickMove","floor":5},{"not_picked":["sneckomod:QuickBite","sneckomod:UnknownClassSLIMEBOUND"],"picked":"sneckomod:SlitherStrike","floor":6},{"not_picked":["sneckomod:SlitherStrike","sneckomod:RainOfDice"],"picked":"sneckomod:UnknownCommonSkill","floor":8},{"not_picked":["sneckomod:UnknownClassTHE_CHAMP_GRAY","sneckomod:Nope"],"picked":"sneckomod:UnknownStrike","floor":11},{"not_picked":["sneckomod:QuickBite","sneckomod:RainOfDice"],"picked":"sneckomod:CheapStock","floor":13},{"not_picked":["sneckomod:DiceCrush","sneckomod:UnknownClassTHE_CHAMP_GRAY"],"picked":"sneckomod:SnekBeam","floor":14},{"not_picked":["sneckomod:ImprovisedAttack","sneckomod:SoulRoll"],"picked":"sneckomod:Unknown2Cost","floor":15},{"not_picked":["hexamod:SecondSeal","hexamod:FourthSeal"],"picked":"hexamod:FirstSeal","floor":16},{"not_picked":["sneckomod:UnlimitedRolls","sneckomod:Restock"],"picked":"sneckomod:SerpentMind","floor":16},{"not_picked":["sneckomod:MasterEye","sneckomod:UnknownEthereal+1"],"picked":"sneckomod:UnknownClassGREEN+1","floor":19},{"not_picked":["sneckomod:SoulDraw+1","sneckomod:UnknownWeak+1"],"picked":"sneckomod:UnknownUncommonAttack","floor":21},{"not_picked":["sneckomod:UnknownUncommonAttack","sneckomod:SoulCleanse+1"],"picked":"sneckomod:UnknownBlock+1","floor":28}],"player_experience":910688,"relics_obtained":[{"floor":6,"key":"Juzu Bracelet"},{"floor":7,"key":"Mummified Hand"},{"floor":11,"key":"Odd Mushroom"},{"floor":17,"key":"Blood Vial"},{"floor":17,"key":"Toxic Egg 2"},{"floor":17,"key":"FossilizedHelix"},{"floor":24,"key":"Kunai"}],"event_choices":[{"damage_healed":0,"gold_gain":0,"player_choice":"Fought Mushrooms","damage_taken":0,"max_hp_gain":0,"max_hp_loss":0,"event_name":"Mushrooms","floor":11,"gold_loss":0},{"damage_healed":0,"gold_gain":0,"player_choice":"Ignored","damage_taken":0,"max_hp_gain":0,"max_hp_loss":0,"event_name":"Ghosts","floor":22,"gold_loss":0},{"damage_healed":0,"gold_gain":0,"player_choice":"Inject Mutagens","damage_taken":0,"relics_obtained":["MutagenicStrength"],"max_hp_gain":0,"max_hp_loss":0,"event_name":"Drug Dealer","floor":25,"gold_loss":0}],"is_beta":false,"boss_relics":[{"not_picked":["SlaversCollar","expansioncontent:StudyCardRelic"],"picked":"Calling Bell"}],"items_purged_floors":[8,14],"is_endless":false,"potions_floor_spawned":[6,11,15,19],"killed_by":"Book of Stabbing","ascension_level":0}}