{"host":"j9ebkd949vnpjoau","time":1610681919,"event":{"mods":["AchievementEnabler","BaseMod","Colored Map","Googly Eyes","Highlight Path","Minty Spire (QoL Compilation)","Replay The Spire","StSLib"],"gold_per_floor":[114,129,129,129,197,227,227,257,257,257,272,287,342,357,357,457,457,472,487,487,487,112,142,142,57,57,87,87,18,18,18,18,118,118,133,32,32,47,97,97,19,19,44,74,114,144,144,144,144,159,159,159],"floor_reached":53,"language":"ENG","playtime":5791,"items_purged":["Multi-Cast","LessonLearned"],"score":992,"play_id":"47dd36af-9f03-4ff6-a0fd-79d1167208b2","local_time":"20210115033839","daily_mods":["Shiny","Blue Cards","Elite Swarm"],"is_ascension_mode":false,"campfire_choices":[{"floor":7,"key":"REST"},{"floor":10,"key":"REST"},{"data":"Amplify","floor":15,"key":"SMITH"},{"floor":24,"key":"REST"},{"floor":28,"key":"REST"},{"data":"Alpha","floor":30,"key":"SMITH"},{"data":"Replay:Vibes","floor":30,"key":"SMITH"},{"data":"MasterReality","floor":32,"key":"SMITH"},{"data":"DevaForm","floor":32,"key":"SMITH"},{"data":"Echo Form","floor":40,"key":"SMITH"},{"data":"Devotion","floor":40,"key":"SMITH"},{"data":"Storm","floor":42,"key":"SMITH"},{"data":"Devotion","floor":42,"key":"SMITH"},{"data":"Scrawl","floor":51,"key":"SMITH"},{"data":"Omniscience","floor":51,"key":"SMITH"}],"circlet_count":0,"master_deck":["Hyperbeam","Machine Learning","Buffer+1","Mirror Shield","Seek","Echo Form+1","All For One","Reboot","Fission","Core Surge","Thunder Strike","Biased Cognition","Electrodynamics","ReplayRNGCard","ReplayTheSpireMod:Omega Cannon","Rainbow","Meteor Strike","Amplify+1","Creative AI+1","Brilliance","Devotion+1","Replay:AllIn","Vault","Alpha+1","Establishment","Replay:LoomingThreat","DeusExMachina","Judgement","ConjureBlade","MasterReality+1","Blasphemy","Ragnarok","Scrawl+1","Wish","Omniscience+1","SpiritShield","DevaForm+1","ReplayTheSpireMod:GoodbyeWorld","Aggregate","Replay:BluntJabs","Leap","Seek","Brilliance","Stack","Pot Of Greed","Pot Of Greed","Pot Of Greed","Pot Of Greed","Seek","Protect","Pot Of Greed","Replay:DivineShield+1","Undo","Devotion+1","Replay:Vibes+1","Bite","Bite","Bite","Bite","Bite","Alpha","Pot Of Greed","CurseOfTheBell","EmptyBody+1","ThirdEye+1","Conserve Battery","TalkToTheHand","Scrawl","White Noise+1","Storm+1","Sweeping Beam+1","Steam+1","Looming Evil","Reinforced Body","Pot Of Greed","BootSequence","Auto Shields+1"],"relics":["PureWater","Damaru","Replay:Wax Seal","Meat on the Bone","Replay:Bottled Steam","Prayer Wheel","Grinning Jar","Ring of Chaos","Gremlin Horn","Replay:Arrowhead","Regal Pillow","Incense Burner","Centennial Puzzle","Toy Ornithopter","Prayer Wheel","Calling Bell","Smiling Mask","Chameleon Ring","Bird Faced Urn","Turnip","Nunchaku","Strawberry","Counterbalance","Ring of Searing","ReplayTheSpireMod:Ring of Addiction","SacredBark","White Beast Statue"],"acts_visited":["Exordium","TheCity","TheBeyond"],"potions_floor_usage":[13,14,27,27,46,52,52],"damage_taken":[{"damage":0,"enemies":"Cultist","floor":1,"turns":2},{"damage":0,"enemies":"Jaw Worm","floor":2,"turns":1},{"damage":9,"enemies":"Replay:BlueRogue","floor":6,"turns":2},{"damage":35,"enemies":"3 Sentries","floor":8,"turns":5},{"damage":0,"enemies":"Small Slimes","floor":11,"turns":2},{"damage":0,"enemies":"Exordium Wildlife","floor":12,"turns":2},{"damage":0,"enemies":"Gremlin Nob","floor":13,"turns":2},{"damage":3,"enemies":"Lots of Slimes","floor":14,"turns":2},{"damage":0,"enemies":"Fading Forest","floor":16,"turns":10},{"damage":17,"enemies":"Shell Parasite","floor":18,"turns":6},{"damage":0,"enemies":"3 Byrds","floor":19,"turns":3},{"damage":2,"enemies":"Replay:Snechameleon","floor":23,"turns":3},{"damage":60,"enemies":"Slavers","floor":27,"turns":4},{"damage":26,"enemies":"Collector","floor":33,"turns":5},{"damage":31,"enemies":"3 Shapes","floor":35,"turns":3},{"damage":20,"enemies":"3 Darklings","floor":38,"turns":7},{"damage":0,"enemies":"Mind Bloom Boss Battle","floor":39,"turns":7},{"damage":9,"enemies":"Giant Head","floor":44,"turns":8},{"damage":21,"enemies":"Maw","floor":45,"turns":8},{"damage":0,"enemies":"Reptomancer","floor":46,"turns":5},{"damage":5,"enemies":"Jaw Worm Horde","floor":50,"turns":3},{"damage":38,"enemies":"Donu and Deca","floor":52,"turns":6}],"seed_played":"5830580211590973081","potions_obtained":[{"floor":5,"key":"Cursed Concoction"},{"floor":6,"key":"Swift Potion"},{"floor":11,"key":"CultistPotion"},{"floor":18,"key":"PowerPotion"},{"floor":23,"key":"Strength Potion"},{"floor":44,"key":"Fire Potion"},{"floor":45,"key":"Languid Potion"},{"floor":46,"key":"ColorlessPotion"},{"floor":49,"key":"Energy Potion"},{"floor":50,"key":"GamblersBrew"}],"is_trial":false,"path_per_floor":["M","M","?","?","?","E","R","E","T","R","M","M","E","M","R","B",null,"M","M","?","?","$","E","R","?","T","E","R","$","R","?","R","B",null,"M","$","?","M","?","R","$","R","T","E","M","E","PTL","PTL","?","M","R","B",null],"character_chosen":"WATCHER","items_purchased":["Replay:Arrowhead","Replay:Vibes","Conserve Battery","Storm"],"campfire_rested":4,"item_purchase_floors":[22,29,36,41],"current_hp_per_floor":[72,72,72,72,54,45,66,31,31,52,52,52,52,49,49,49,72,55,55,42,42,42,40,77,77,77,29,67,67,67,53,53,27,53,34,34,34,32,53,53,53,53,53,60,53,60,60,60,60,60,60,31],"gold":159,"neow_bonus":"","is_daily":true,"chose_seed":false,"campfire_upgraded":11,"win_rate":0.0,"timestamp":1610681919,"path_taken":["M","M","?","?","?","E","R","E","T","R","M","?","E","M","R","BOSS","M","M","?","?","$","E","R","?","T","E","R","$","R","?","R","BOSS","M","$","?","M","?","R","?","R","T","E","?","E","PTL","PTL","?","M","R","BOSS"],"items_purchased_type":["Relic","Card","Card","Card"],"build_version":"2020-12-22","purchased_purges":2,"victory":true,"max_hp_per_floor":[72,72,72,72,72,72,72,72,72,72,72,72,72,72,72,72,72,72,72,77,77,77,77,77,77,77,77,77,77,77,53,53,53,53,53,53,53,53,53,53,53,53,53,60,60,60,60,60,60,60,60,60],"card_choices":[{"not_picked":["ClearTheMind","Replay:Vibes"],"picked":"ReplayTheSpireMod:GoodbyeWorld","floor":1},{"not_picked":["Consecrate","Chill"],"picked":"Aggregate","floor":2},{"not_picked":["Beam Cell","FIFO Queue"],"picked":"Replay:BluntJabs","floor":5},{"not_picked":["DevaForm","Cold Snap"],"picked":"Leap","floor":5},{"not_picked":["Core Surge","Replay:AllIn"],"picked":"Seek","floor":6},{"not_picked":["Establishment","Echo Form"],"picked":"Brilliance","floor":8},{"not_picked":["Coolheaded","JustLucky","Redo"],"picked":"SKIP","floor":11},{"not_picked":["ReplayTheSpireMod:System Scan","Turbo"],"picked":"Stack","floor":12},{"not_picked":["Redo","Replay:BluntJabs","Hologram"],"picked":"SKIP","floor":12},{"not_picked":["LessonLearned","Vault"],"picked":"Seek","floor":13},{"not_picked":["CrushJoints","Turbo"],"picked":"Protect","floor":14},{"not_picked":["FlyingSleeves","Sweeping Beam"],"picked":"FearNoEvil","floor":14},{"not_picked":["Biased Cognition","ReplayRNGCard"],"picked":"ReplayTheSpireMod:Fabricate Wheel","floor":16},{"not_picked":["Darkness+1","Replay:BluntJabs"],"picked":"Replay:DivineShield+1","floor":18},{"not_picked":["BasicCrystalCard","Wallop"],"picked":"Undo","floor":18},{"not_picked":["Cold Snap","DeceiveReality","Meditate"],"picked":"SKIP","floor":19},{"not_picked":["Streamline","Sweeping Beam","SandsOfTime"],"picked":"SKIP","floor":19},{"not_picked":["Amplify","Machine Learning","Multi-Cast"],"picked":"SKIP","floor":23},{"not_picked":["Brilliance","Echo Form"],"picked":"Devotion","floor":27},{"not_picked":["Judgement","Hyperbeam"],"picked":"Alpha","floor":33},{"not_picked":["MentalFortress","EmptyFist"],"picked":"EmptyBody+1","floor":35},{"not_picked":["FollowUp+1","FlyingSleeves"],"picked":"ThirdEye+1","floor":35},{"not_picked":["ClearTheMind+1","Redo","Biased Cognition"],"picked":"SKIP","floor":35},{"not_picked":["Steam","Swivel"],"picked":"TalkToTheHand","floor":38},{"not_picked":["Ball Lightning+1","Streamline"],"picked":"Scrawl","floor":38},{"not_picked":["Hologram+1","SashWhip","JustLucky+1"],"picked":"SKIP","floor":38},{"not_picked":["Barrage","InnerPeace+1"],"picked":"White Noise+1","floor":39},{"not_picked":["SpiritShield","ReplayTheSpireMod:Fabricate Wheel","Rainbow"],"picked":"SKIP","floor":44},{"not_picked":["Barrage+1","Streamline+1"],"picked":"Sweeping Beam+1","floor":45},{"not_picked":["Sanctity+1","Self Repair"],"picked":"Steam+1","floor":45},{"not_picked":["FollowUp","Heatsinks","Adaptation"],"picked":"SKIP","floor":45},{"not_picked":["Replay:LoomingThreat","ReplayRNGCard","LessonLearned"],"picked":"SKIP","floor":46},{"not_picked":["CutThroughFate+1","Streamline+1"],"picked":"Reinforced Body","floor":50},{"not_picked":["Halt","FollowUp"],"picked":"BootSequence","floor":50},{"not_picked":["ReplayTheSpireMod:Calculation Training+1","Hello World+1"],"picked":"Auto Shields+1","floor":50}],"player_experience":250391,"relics_obtained":[{"floor":5,"key":"Damaru"},{"floor":6,"key":"Replay:Wax Seal"},{"floor":8,"key":"Meat on the Bone"},{"floor":9,"key":"Replay:Bottled Steam"},{"floor":13,"key":"Grinning Jar"},{"floor":23,"key":"Regal Pillow"},{"floor":26,"key":"Centennial Puzzle"},{"floor":27,"key":"Toy Ornithopter"},{"floor":34,"key":"Smiling Mask"},{"floor":34,"key":"Chameleon Ring"},{"floor":34,"key":"Bird Faced Urn"},{"floor":39,"key":"Turnip"},{"floor":43,"key":"Nunchaku"},{"floor":44,"key":"Strawberry"},{"floor":46,"key":"Counterbalance"},{"floor":49,"key":"Ring of Searing"},{"floor":49,"key":"ReplayTheSpireMod:Ring of Addiction"},{"floor":49,"key":"SacredBark"},{"floor":49,"key":"White Beast Statue"}],"event_choices":[{"damage_healed":0,"gold_gain":0,"player_choice":"Grow","damage_taken":0,"max_hp_gain":0,"max_hp_loss":0,"event_name":"Living Wall","floor":3,"gold_loss":0,"cards_upgraded":["Buffer"]},{"damage_healed":0,"gold_gain":0,"player_choice":"Shed Blood","damage_taken":18,"max_hp_gain":5,"max_hp_loss":0,"event_name":"Forgotten Altar","floor":20,"gold_loss":0},{"damage_healed":0,"gold_gain":0,"player_choice":"Opened","damage_taken":0,"relics_obtained":["Gremlin Horn"],"max_hp_gain":0,"max_hp_loss":0,"event_name":"The Mausoleum","floor":21,"gold_loss":0},{"damage_healed":0,"gold_gain":0,"player_choice":"Obtained Relic","damage_taken":0,"relics_obtained":["Incense Burner"],"max_hp_gain":0,"max_hp_loss":0,"event_name":"Addict","floor":25,"gold_loss":85},{"damage_healed":0,"gold_gain":0,"player_choice":"Became a vampire","damage_taken":0,"max_hp_gain":0,"max_hp_loss":24,"event_name":"Vampires","floor":31,"gold_loss":0,"cards_obtained":["Bite","Bite","Bite","Bite","Bite"]},{"cards_removed":["FearNoEvil"],"damage_healed":0,"gold_gain":0,"player_choice":"Removed Attack","damage_taken":0,"max_hp_gain":0,"max_hp_loss":0,"event_name":"Falling","floor":37,"gold_loss":0},{"damage_healed":0,"gold_gain":0,"player_choice":"Fight","damage_taken":0,"max_hp_gain":0,"max_hp_loss":0,"event_name":"MindBloom","floor":39,"gold_loss":0}],"is_beta":false,"boss_relics":[{"not_picked":["Velvet Choker","Honey Jar"],"picked":"Ring of Chaos"},{"not_picked":["VioletLotus","SacredBark"],"picked":"Calling Bell"}],"items_purged_floors":[22,36],"is_endless":false,"potions_floor_spawned":[6,11,18,23,44,45,46,50],"ascension_level":0}}