{"host":"qksop9n5mnq4zoi8","time":1610748417,"event":{"mods":["Act Like it!","BaseMod","BetterRewards","Downfall","GifTheSpireLib","Highlight Path","Hubris","Minty Spire (QoL Compilation)","Replay The Spire","Shop Mod","StSLib","The Bladedancer","The Gatherer","The Hierophant","The Runesmith"],"gold_per_floor":[113,113,66,78,90,90,110,138,165,165,165,183,193,225,28,55,55,55,55],"floor_reached":18,"playtime":3141,"items_purged":[],"score":139,"play_id":"133c51da-0eac-4f8c-af89-1930d654725a","local_time":"20210115200657","is_ascension_mode":true,"campfire_choices":[{"data":"Prepared","floor":6,"key":"SMITH"},{"data":"Footwork","floor":17,"key":"SMITH"}],"circlet_count":0,"master_deck":["Strike_G","Strike_G","Strike_G","Strike_G","Strike_G","Defend_G","Defend_G","Defend_G","Defend_G","Defend_G","Survivor","Neutralize","Flying Knee","Footwork+1","Footwork","Hidden Blade","Prepared+1","Blade Dance","Blade Dance","Well Laid Plans","Well Laid Plans"],"relics":["Ring of the Snake","Blue Doll","Lantern","Bronze Scales","Dead Branch","Juzu Bracelet","ReplayFunnel"],"acts_visited":["Exordium"],"potions_floor_usage":[7,8,8,12,16,18],"damage_taken":[{"damage":0,"enemies":"Jaw Worm","floor":1,"turns":4},{"damage":0,"enemies":"Cultist","floor":4,"turns":5},{"damage":0,"enemies":"2 Louse","floor":5,"turns":5},{"damage":5,"enemies":"Lots of Slimes","floor":7,"turns":2},{"damage":9,"enemies":"Lagavulin","floor":8,"turns":11},{"damage":0,"enemies":"3 Louse","floor":12,"turns":2},{"damage":2,"enemies":"Blue Slaver","floor":13,"turns":3},{"damage":23,"enemies":"3 Sentries","floor":14,"turns":7},{"damage":25,"enemies":"Lagavulin","floor":16,"turns":9},{"damage":3,"enemies":"The Guardian","floor":18,"turns":3}],"seed_played":"6273074103651199474","potions_obtained":[{"floor":0,"key":"LiquidMemories"},{"floor":0,"key":"Explosive Potion"},{"floor":0,"key":"BlessingOfTheForge"},{"floor":5,"key":"LifebloodPotion"},{"floor":8,"key":"Fire Potion"},{"floor":13,"key":"ColorlessPotion"},{"floor":16,"key":"SkillPotion"}],"is_trial":false,"path_per_floor":["M","?","$","M","M","R","M","E","T","PTL","PTL","M","M","E","$","E","R","B"],"character_chosen":"THE_SILENT","items_purchased":["Footwork","Juzu Bracelet","Well Laid Plans"],"campfire_rested":0,"item_purchase_floors":[3,15,15],"current_hp_per_floor":[70,70,70,70,70,70,65,56,56,56,56,56,54,31,31,6,6,3,3],"gold":55,"neow_bonus":"THREE_SMALL_POTIONS","is_daily":false,"chose_seed":false,"campfire_upgraded":2,"win_rate":0.0,"timestamp":1610748417,"path_taken":["M","?","$","M","M","R","?","E","T","PTL","PTL","M","M","E","$","E","R","BOSS"],"items_purchased_type":["Card","Relic","Card"],"build_version":"2020-12-22","purchased_purges":0,"victory":false,"max_hp_per_floor":[70,70,70,70,70,70,70,70,70,70,70,70,70,70,70,70,70,70,70],"card_choices":[{"not_picked":["PiercingWail","hubris:SlightOfHand"],"picked":"Flying Knee","floor":1},{"not_picked":["Outmaneuver","ReplayTheSpireMod:The Works"],"picked":"Hidden Blade","floor":4},{"not_picked":["Skewer","hubris:SlightOfHand"],"picked":"Prepared","floor":5},{"not_picked":["Deflect","ReplayTheSpireMod:Exploit Weakness","Flechettes"],"picked":"SKIP","floor":7},{"not_picked":["Draining Mist","Slice","PiercingWail"],"picked":"SKIP","floor":8},{"not_picked":["Underhanded Strike","Glass Knife"],"picked":"Blade Dance","floor":12},{"not_picked":["Bane","Cloak And Dagger"],"picked":"Blade Dance","floor":13},{"not_picked":["Dodge and Roll","hubris:SlightOfHand","Poisoned Stab"],"picked":"SKIP","floor":14},{"not_picked":["Endless Agony","Prepared","Predator"],"picked":"SKIP","floor":16}],"player_experience":303584,"relics_obtained":[{"floor":8,"key":"Lantern"},{"floor":9,"key":"Bronze Scales"},{"floor":14,"key":"Dead Branch"},{"floor":16,"key":"ReplayFunnel"}],"event_choices":[{"damage_healed":0,"gold_gain":0,"player_choice":"Gave Potion","damage_taken":0,"relics_obtained":["Blue Doll"],"max_hp_gain":0,"max_hp_loss":0,"event_name":"WeMeetAgain","floor":2,"gold_loss":0}],"is_beta":false,"boss_relics":[],"items_purged_floors":[],"is_endless":false,"potions_floor_spawned":[1,5,8,13,16],"killed_by":"The Guardian","ascension_level":1}}