{"host":"tnsigirk6wurdark","time":1610753248,"event":{"mods":["BaseMod","Bestiary","Colored Map","Colored Powertips","Curses Come First","Filter the Spire","Highlight Path","Minty Spire (QoL Compilation)","Quick Restart","Relic Sorter","StSLib","Synergy Search"],"gold_per_floor":[165,181,193,268,286,317,317,317,317],"floor_reached":8,"language":"ENG","playtime":343,"items_purged":[],"score":104,"play_id":"b905ecc3-11dc-47ed-9ae2-4f32eb984c8d","local_time":"20210115232728","is_ascension_mode":true,"campfire_choices":[{"floor":7,"key":"REST"}],"circlet_count":0,"master_deck":["AscendersBane","Strike_G","Strike_G","Strike_G","Strike_G","Strike_G","Defend_G","Defend_G+1","Defend_G","Defend_G","Defend_G","Survivor","Neutralize","Cloak And Dagger","Cloak And Dagger","Deadly Poison","Deadly Poison","Deadly Poison","Dagger Spray"],"relics":["Tiny House","Juzu Bracelet"],"acts_visited":["Exordium"],"potions_floor_usage":[1,5,5,6],"damage_taken":[{"damage":5,"enemies":"Small Slimes","floor":1,"turns":2},{"damage":4,"enemies":"Jaw Worm","floor":2,"turns":5},{"damage":0,"enemies":"2 Louse","floor":3,"turns":3},{"damage":12,"enemies":"Gremlin Gang","floor":5,"turns":4},{"damage":30,"enemies":"Lagavulin","floor":6,"turns":6},{"damage":25,"enemies":"Gremlin Nob","floor":8,"turns":3}],"seed_played":"-6462508797378906634","potions_obtained":[{"floor":0.0,"key":"SkillPotion"},{"floor":1,"key":"SkillPotion"},{"floor":3,"key":"PowerPotion"},{"floor":5,"key":"Swift Potion"}],"is_trial":false,"path_per_floor":["M","M","M","?","M","E","R","E"],"character_chosen":"THE_SILENT","items_purchased":[],"campfire_rested":1,"item_purchase_floors":[],"current_hp_per_floor":[59,55,55,44,32,2,23,0,0],"gold":317,"neow_bonus":"BOSS_RELIC","is_daily":false,"chose_seed":false,"campfire_upgraded":0,"win_rate":0.0,"timestamp":1610753248,"path_taken":["M","M","M","?","M","E","R","E"],"items_purchased_type":[],"build_version":"2020-12-22","purchased_purges":0,"victory":false,"max_hp_per_floor":[71,71,71,71,71,71,71,71,71],"card_choices":[{"not_picked":["Accuracy","Tactician"],"picked":"Cloak And Dagger","floor":0.0},{"not_picked":["Endless Agony","Acrobatics"],"picked":"Cloak And Dagger","floor":1},{"not_picked":["Heel Hook","Sucker Punch"],"picked":"Deadly Poison","floor":2},{"not_picked":["Flying Knee","Skewer"],"picked":"Deadly Poison","floor":3},{"not_picked":["Cloak And Dagger","Concentrate"],"picked":"Deadly Poison","floor":5},{"not_picked":["Endless Agony","Bane"],"picked":"Dagger Spray","floor":6}],"player_experience":805412,"relics_obtained":[{"floor":6,"key":"Juzu Bracelet"}],"event_choices":[{"damage_healed":0,"gold_gain":75,"player_choice":"Gather Gold","damage_taken":11,"max_hp_gain":0,"max_hp_loss":0,"event_name":"World of Goop","floor":4,"gold_loss":0}],"is_beta":false,"boss_relics":[],"items_purged_floors":[],"is_endless":false,"potions_floor_spawned":[1,3,5],"killed_by":"Gremlin Nob","ascension_level":16}}