{"host":"wik2u884rt5bbues","time":1610743017,"event":{"mods":["AchievementEnabler","BaseMod","Colored Map","Colored Powertips","DeckTracker","Googly Eyes","Minty Spire (QoL Compilation)","Permanent Neow","Quick Restart","Shop Mod","StSLib","SuperFastMode"],"gold_per_floor":[18,28,28,28,28,28,72,72,125,164,198,198,198],"floor_reached":12,"language":"ENG","playtime":551,"items_purged":[],"score":106,"play_id":"35575959-53f9-4cf4-8127-5d6f7e285903","local_time":"20210115203657","is_ascension_mode":true,"campfire_choices":[{"floor":6,"key":"REST"},{"data":"Bouncing Flask","floor":8,"key":"SMITH"}],"circlet_count":0,"master_deck":["Strike_G","Strike_G","Strike_G","Strike_G","Strike_G","Defend_G","Defend_G","Defend_G","Defend_G","Defend_G","Survivor","Neutralize","Burst","Bouncing Flask+1","PiercingWail","Backflip","Well Laid Plans","Calculated Gamble"],"relics":["Ring of the Snake","Golden Idol","CeramicFish","Smiling Mask","Happy Flower","Odd Mushroom"],"acts_visited":["Exordium"],"potions_floor_usage":[10],"damage_taken":[{"damage":3,"enemies":"Cultist","floor":1,"turns":6},{"damage":12,"enemies":"Small Slimes","floor":2,"turns":4},{"damage":12,"enemies":"Lagavulin","floor":7,"turns":5},{"damage":19,"enemies":"The Mushroom Lair","floor":10,"turns":7},{"damage":0,"enemies":"2 Louse","floor":11,"turns":3},{"damage":0,"enemies":"Gremlin Nob","floor":12,"turns":2}],"seed_played":"-4310212135372939429","potions_obtained":[{"floor":7,"key":"Block Potion"},{"floor":10,"key":"Strength Potion"}],"is_trial":false,"path_per_floor":["M","M","?","$","?","R","E","R","T","?","M","E"],"character_chosen":"THE_SILENT","items_purchased":[],"campfire_rested":1,"item_purchase_floors":[],"current_hp_per_floor":[60,48,31,31,24,45,33,33,33,14,14,14,14],"gold":198,"neow_bonus":"THREE_RARE_CARDS","is_daily":false,"chose_seed":false,"campfire_upgraded":1,"win_rate":0.0,"timestamp":1610743017,"path_taken":["M","M","?","$","?","R","E","R","T","?","M","E"],"items_purchased_type":[],"build_version":"2020-12-22","purchased_purges":0,"victory":false,"max_hp_per_floor":[70,70,70,70,70,70,70,70,70,70,70,70,70],"card_choices":[{"not_picked":["Bullet Time","Night Terror"],"picked":"Burst","floor":0},{"not_picked":["Underhanded Strike","Reflex"],"picked":"Bouncing Flask","floor":1},{"not_picked":["Dagger Throw","Blade Dance"],"picked":"PiercingWail","floor":2},{"not_picked":["Blade Dance","Cloak And Dagger"],"picked":"Backflip","floor":7},{"not_picked":["Acrobatics","PiercingWail"],"picked":"Well Laid Plans","floor":10},{"not_picked":["Underhanded Strike","Cloak And Dagger"],"picked":"Calculated Gamble","floor":11}],"player_experience":773886,"relics_obtained":[{"floor":7,"key":"Smiling Mask"},{"floor":9,"key":"Happy Flower"},{"floor":10,"key":"Odd Mushroom"}],"event_choices":[{"damage_healed":0,"gold_gain":0,"player_choice":"Take Damage","damage_taken":17,"relics_obtained":["Golden Idol"],"max_hp_gain":0,"max_hp_loss":0,"event_name":"Golden Idol","floor":3,"gold_loss":0},{"damage_healed":0,"gold_gain":0,"player_choice":"Success","damage_taken":7,"relics_obtained":["CeramicFish"],"max_hp_gain":0,"max_hp_loss":0,"event_name":"Scrap Ooze","floor":5,"gold_loss":0},{"damage_healed":0,"gold_gain":0,"player_choice":"Fought Mushrooms","damage_taken":0,"max_hp_gain":0,"max_hp_loss":0,"event_name":"Mushrooms","floor":10,"gold_loss":0}],"is_beta":false,"boss_relics":[],"items_purged_floors":[],"is_endless":false,"potions_floor_spawned":[7,10],"killed_by":"Gremlin Nob","ascension_level":8}}