{"host":"vpaavrwbmey593fx","time":1610749948,"event":{"mods":["AchievementEnabler","BaseMod","Bestiary","Colored Map","Colored Powertips","DeckTracker","Minty Spire (QoL Compilation)","Relic Sorter"],"gold_per_floor":[111,121,137,137,156,156,182,195,195,195,227,25,44,72,72,173,173,192,209,226,151,169,194,194,194,194,194,39,69,69,89,89,184,184,201,215,140,194,205,205,232,232,232,258,258,271,321,335,335,335,335,335,90,121,121],"floor_reached":56,"language":"ENG","playtime":7294,"items_purged":["Strike_B"],"score":1420,"play_id":"89488b9a-3d0a-4115-81a2-6530056a92dd","local_time":"20210115143228","is_ascension_mode":true,"campfire_choices":[{"data":"Coolheaded","floor":6,"key":"SMITH"},{"data":"Hyperbeam","floor":10,"key":"SMITH"},{"data":"Zap","floor":15,"key":"SMITH"},{"data":"Go for the Eyes","floor":25,"key":"SMITH"},{"data":"Beam Cell","floor":27,"key":"SMITH"},{"data":"Hologram","floor":32,"key":"SMITH"},{"floor":40,"key":"RECALL"},{"data":"Echo Form","floor":42,"key":"SMITH"},{"data":"Chill","floor":45,"key":"SMITH"},{"data":"Seek","floor":49,"key":"SMITH"},{"data":"Barrage","floor":52,"key":"SMITH"}],"circlet_count":0,"master_deck":["Strike_B","Strike_B","Defend_B","Defend_B","Defend_B","Defend_B","Zap+1","Dualcast","Gash","Go for the Eyes+1","Gash","Hyperbeam+1","Coolheaded+1","Chill+1","Steam Power","Sweeping Beam","Cold Snap","Conserve Battery","Beam Cell+1","Defragment+1","Hologram+1","Scrape","Self Repair","Reinforced Body+1","Coolheaded+1","Echo Form+1","Barrage+1","Clumsy","Doubt","Creative AI","Consume","Glacier+1","Seek+1","Recycle+1"],"relics":["Cracked Core","Sundial","Inserter","Cursed Key","Prayer Wheel","Bottled Lightning","Meat on the Bone","Anchor","Runic Capacitor","Bird Faced Urn","Boot","Vajra","Mercury Hourglass","Toy Ornithopter","TungstenRod","MealTicket","CaptainsWheel","Kunai","Lizard Tail"],"acts_visited":["Exordium","TheCity","TheBeyond","TheEnding"],"potions_floor_usage":[11,16,23,29,29,33,33,44,44,54,55,55],"damage_taken":[{"damage":3,"enemies":"2 Louse","floor":1,"turns":3},{"damage":0,"enemies":"Cultist","floor":2,"turns":3},{"damage":2,"enemies":"Jaw Worm","floor":3,"turns":3},{"damage":6,"enemies":"Looter","floor":5,"turns":2},{"damage":8,"enemies":"Gremlin Nob","floor":7,"turns":3},{"damage":0,"enemies":"2 Fungi Beasts","floor":8,"turns":1},{"damage":23,"enemies":"Lagavulin","floor":11,"turns":5},{"damage":0,"enemies":"Lots of Slimes","floor":13,"turns":2},{"damage":11,"enemies":"Gremlin Nob","floor":14,"turns":4},{"damage":13,"enemies":"Hexaghost","floor":16,"turns":9},{"damage":0,"enemies":"3 Byrds","floor":18,"turns":3},{"damage":3,"enemies":"Spheric Guardian","floor":19,"turns":4},{"damage":19,"enemies":"Centurion and Healer","floor":20,"turns":5},{"damage":3,"enemies":"Cultist and Chosen","floor":22,"turns":8},{"damage":33,"enemies":"Gremlin Leader","floor":23,"turns":8},{"damage":14,"enemies":"Book of Stabbing","floor":29,"turns":8},{"damage":2,"enemies":"Snake Plant","floor":31,"turns":4},{"damage":39,"enemies":"Collector","floor":33,"turns":12},{"damage":3,"enemies":"Orb Walker","floor":35,"turns":3},{"damage":4,"enemies":"3 Shapes","floor":36,"turns":5},{"damage":0,"enemies":"Sphere and 2 Shapes","floor":39,"turns":3},{"damage":0,"enemies":"Giant Head","floor":41,"turns":8},{"damage":37,"enemies":"Reptomancer","floor":44,"turns":7},{"damage":9,"enemies":"3 Darklings","floor":46,"turns":5},{"damage":0,"enemies":"Mind Bloom Boss Battle","floor":47,"turns":8},{"damage":12,"enemies":"Transient","floor":48,"turns":5},{"damage":0,"enemies":"Donu and Deca","floor":50,"turns":15},{"damage":22,"enemies":"Shield and Spear","floor":54,"turns":10},{"damage":43,"enemies":"The Heart","floor":55,"turns":13}],"seed_played":"7109194903339217877","potions_obtained":[{"floor":2,"key":"Swift Potion"},{"floor":3,"key":"AttackPotion"},{"floor":11,"key":"FairyPotion"},{"floor":13,"key":"Explosive Potion"},{"floor":16,"key":"ColorlessPotion"},{"floor":23,"key":"Dexterity Potion"},{"floor":29,"key":"AttackPotion"},{"floor":31,"key":"ColorlessPotion"},{"floor":39,"key":"PowerPotion"},{"floor":41,"key":"Dexterity Potion"},{"floor":44,"key":"SteroidPotion"},{"floor":46,"key":"Dexterity Potion"},{"floor":47,"key":"BlessingOfTheForge"},{"floor":54,"key":"Strength Potion"}],"is_trial":false,"path_per_floor":["M","M","M","?","M","R","E","M","T","R","E","$","M","E","R","B",null,"M","M","M","?","M","E","?","R","T","R","$","E","?","M","R","B",null,"M","M","$","T","M","R","E","R","T","E","R","M","?","M","R","B",null,"R","$","E","B",null],"character_chosen":"DEFECT","items_purchased":["Runic Capacitor","Cold Snap","Vajra","Kunai"],"campfire_rested":0,"item_purchase_floors":[12,12,28,53],"current_hp_per_floor":[51,51,49,49,43,43,35,35,35,35,24,24,36,37,37,36,75,75,72,63,63,71,49,49,49,49,49,49,46,46,46,46,30,75,72,75,75,75,75,75,75,75,75,65,65,75,75,70,70,75,75,75,75,75,53],"gold":121,"neow_bonus":"ONE_RARE_RELIC","is_daily":false,"chose_seed":false,"campfire_upgraded":10,"win_rate":0.0,"timestamp":1610749948,"path_taken":["M","M","M","?","M","R","E","M","T","R","E","?","?","E","R","BOSS","M","M","M","?","M","E","?","R","T","R","$","E","?","M","R","BOSS","M","M","$","?","M","R","E","R","T","E","R","M","?","M","R","BOSS","R","$","E","BOSS"],"items_purchased_type":["Relic","Card","Relic","Relic"],"build_version":"2020-12-22","purchased_purges":1,"victory":true,"max_hp_per_floor":[75,75,75,75,75,75,75,75,75,75,75,75,75,75,75,75,75,75,75,75,75,75,75,75,75,75,75,75,75,75,75,75,75,75,75,75,75,75,75,75,75,75,75,75,75,75,75,75,75,75,75,75,75,75,75],"card_choices":[{"not_picked":["Fusion","Go for the Eyes"],"picked":"Gash","floor":1},{"not_picked":["FTL","Auto Shields"],"picked":"Go for the Eyes","floor":1},{"not_picked":["Beam Cell","Reinforced Body"],"picked":"Gash","floor":2},{"not_picked":["Go for the Eyes","White Noise"],"picked":"Hyperbeam","floor":2},{"not_picked":["Go for the Eyes","Chaos","Compile Driver"],"picked":"SKIP","floor":3},{"not_picked":["Barrage","Turbo","Loop"],"picked":"SKIP","floor":3},{"not_picked":["Redo","Heatsinks"],"picked":"Coolheaded","floor":5},{"not_picked":["Steam","Go for the Eyes","Turbo"],"picked":"SKIP","floor":5},{"not_picked":["Steam","Rebound"],"picked":"Chill","floor":7},{"not_picked":["Streamline","Darkness"],"picked":"Steam Power","floor":8},{"not_picked":["Chill","Stack"],"picked":"Sweeping Beam","floor":8},{"not_picked":["Loop","Reinforced Body","Sweeping Beam"],"picked":"SKIP","floor":11},{"not_picked":["Go for the Eyes","Rebound"],"picked":"Conserve Battery","floor":13},{"not_picked":["Undo","Turbo"],"picked":"Beam Cell","floor":13},{"not_picked":["Core Surge","Streamline","Sweeping Beam"],"picked":"SKIP","floor":14},{"not_picked":["Coolheaded+1","Redo"],"picked":"Defragment","floor":18},{"not_picked":["Compile Driver","Force Field"],"picked":"Hologram","floor":18},{"not_picked":["Defragment+1","Stack"],"picked":"Scrape","floor":19},{"not_picked":["Blizzard+1","Skim"],"picked":"Self Repair","floor":19},{"not_picked":["Cold Snap","Streamline","Coolheaded"],"picked":"SKIP","floor":20},{"not_picked":["Machine Learning","Go for the Eyes+1","Hologram"],"picked":"SKIP","floor":20},{"not_picked":["Sunder","Turbo","Sweeping Beam"],"picked":"SKIP","floor":22},{"not_picked":["Go for the Eyes","Sweeping Beam","Machine Learning"],"picked":"SKIP","floor":22},{"not_picked":["Loop+1","Sweeping Beam","Chill"],"picked":"SKIP","floor":23},{"not_picked":["Chill","Rebound","Streamline+1"],"picked":"SKIP","floor":29},{"not_picked":["White Noise","Leap"],"picked":"Reinforced Body+1","floor":31},{"not_picked":["Chaos","FTL"],"picked":"Coolheaded+1","floor":31},{"not_picked":["Meteor Strike","Core Surge"],"picked":"Echo Form","floor":33},{"not_picked":["Redo+1","Turbo+1"],"picked":"Barrage","floor":35},{"not_picked":["Coolheaded","Turbo+1","Beam Cell+1"],"picked":"SKIP","floor":35},{"not_picked":["FTL+1","Sweeping Beam","Darkness+1"],"picked":"SKIP","floor":36},{"not_picked":["Rip and Tear+1","Chill+1","Hologram+1"],"picked":"SKIP","floor":36},{"not_picked":["Stack+1","Machine Learning","Melter"],"picked":"SKIP","floor":39},{"not_picked":["Heatsinks+1","Redo","Go for the Eyes"],"picked":"SKIP","floor":39},{"not_picked":["Leap","Chaos","Scrape+1"],"picked":"SKIP","floor":41},{"not_picked":["Compile Driver+1","Storm"],"picked":"Creative AI","floor":44},{"not_picked":["Compile Driver+1","Defragment"],"picked":"Consume","floor":46},{"not_picked":["Cold Snap+1","Conserve Battery+1","Barrage"],"picked":"SKIP","floor":46},{"not_picked":["Recycle","Heatsinks+1"],"picked":"Glacier+1","floor":47},{"not_picked":["Go for the Eyes+1","Steam+1"],"picked":"Seek","floor":48},{"not_picked":["Turbo","Compile Driver+1","Beam Cell+1"],"picked":"SKIP","floor":48},{"not_picked":["Steam","Beam Cell+1"],"picked":"Recycle+1","floor":54}],"player_experience":188217,"relics_obtained":[{"floor":7,"key":"Bottled Lightning"},{"floor":9,"key":"Meat on the Bone"},{"floor":11,"key":"Anchor"},{"floor":14,"key":"Bird Faced Urn"},{"floor":23,"key":"Boot"},{"floor":29,"key":"Mercury Hourglass"},{"floor":38,"key":"Toy Ornithopter"},{"floor":41,"key":"Sundial"},{"floor":43,"key":"TungstenRod"},{"floor":44,"key":"MealTicket"},{"floor":47,"key":"CaptainsWheel"},{"floor":54,"key":"Lizard Tail"}],"event_choices":[{"damage_healed":0,"gold_gain":0,"player_choice":"Bought 0 Potions","damage_taken":0,"max_hp_gain":0,"max_hp_loss":0,"event_name":"The Woman in Blue","floor":4,"gold_loss":0},{"cards_removed":["Strike_B"],"damage_healed":0,"gold_gain":0,"player_choice":"Gave Gold","damage_taken":0,"max_hp_gain":0,"max_hp_loss":0,"event_name":"Beggar","floor":21,"gold_loss":75},{"damage_healed":0,"gold_gain":0,"player_choice":"Ignored","damage_taken":0,"max_hp_gain":0,"max_hp_loss":0,"event_name":"Vampires","floor":24,"gold_loss":0},{"damage_healed":0,"gold_gain":0,"player_choice":"Forge","damage_taken":0,"max_hp_gain":0,"max_hp_loss":0,"event_name":"Accursed Blacksmith","floor":30,"gold_loss":0,"cards_upgraded":["Defragment"]},{"damage_healed":0,"gold_gain":0,"player_choice":"Fight","damage_taken":0,"max_hp_gain":0,"max_hp_loss":0,"event_name":"MindBloom","floor":47,"gold_loss":0}],"is_beta":false,"boss_relics":[{"not_picked":["Astrolabe","Fusion Hammer"],"picked":"Inserter"},{"not_picked":["Busted Crown","Calling Bell"],"picked":"Cursed Key"}],"items_purged_floors":[37],"is_endless":false,"potions_floor_spawned":[2,3,11,13,16,18,23,29,31,39,41,44,46,47,54],"ascension_level":3}}