{"host":"t4313i2190y6fz3q","time":1610688860,"event":{"mods":["2.2 Compatiblity","AchievementEnabler","Act Like it!","BaseMod","Colored Powertips","Downfall","Highlight Path","Minty Spire (QoL Compilation)","Permanent Neow","Quick Restart","Rare Cards Sparkle","StSLib"],"gold_per_floor":[112,187,204,204,224,224,253,283,283,21,21,196,196,96,96,196,196,213,413,432,307,307,307,164,198,198,224,238,256,256,284,284,380,380,390,233,233,245,296,296,329,329,329,361,361,380,380,390,390,390],"floor_reached":51,"language":"ENG","playtime":2340,"items_purged":["Strike_G","Doubt","Strike_G"],"score":1210,"play_id":"1d7a1e81-ec83-415f-9787-3e84c7bd2ab6","local_time":"20210114213420","is_ascension_mode":true,"campfire_choices":[{"data":"Neutralize","floor":6.0,"key":"SMITH"},{"floor":11.0,"key":"REST"},{"data":"Dagger Spray","floor":15.0,"key":"SMITH"},{"data":"Adrenaline","floor":23.0,"key":"SMITH"},{"data":"Leg Sweep","floor":30.0,"key":"SMITH"},{"data":"Caltrops","floor":32.0,"key":"SMITH"},{"data":"Burst","floor":40.0,"key":"SMITH"},{"data":"Quick Slash","floor":45.0,"key":"SMITH"},{"floor":49.0,"key":"REST"}],"circlet_count":0,"master_deck":["AscendersBane","Strike_G","Strike_G+1","Defend_G","Defend_G","Defend_G","Survivor","Neutralize+1","Leg Sweep+1","Quick Slash+1","Dagger Throw","PiercingWail","Dagger Spray+1","Dagger Throw","Predator+1","Adrenaline+1","Backflip","Eviscerate+1","Dodge and Roll+1","Caltrops+1","Burst+1","Skewer+1","Underhanded Strike+1","Mayhem","Heel Hook+1","Concentrate+1","Heel Hook+1"],"relics":["Ring of the Snake","Guardian:GemstoneGun","Art of War","Odd Mushroom","Sundial","Oddly Smooth Stone","Cursed Key","Guardian:BottledAnomaly","Lizard Tail","Toy Ornithopter","StoneCalendar","Empty Cage","Regal Pillow","Prayer Wheel","Eternal Feather","Dream Catcher"],"acts_visited":["Exordium","TheCity","TheBeyond"],"potions_floor_usage":[50],"damage_taken":[{"damage":0.0,"enemies":"Small Slimes","floor":1.0,"turns":4.0},{"damage":1.0,"enemies":"Jaw Worm","floor":3.0,"turns":3.0},{"damage":0.0,"enemies":"2 Louse","floor":5.0,"turns":1.0},{"damage":14.0,"enemies":"Gremlin Nob","floor":7.0,"turns":4.0},{"damage":22.0,"enemies":"The Mushroom Lair","floor":8.0,"turns":5.0},{"damage":22.0,"enemies":"Hexaghost","floor":16.0,"turns":14.0},{"damage":0.0,"enemies":"Shell Parasite","floor":18.0,"turns":3.0},{"damage":0.0,"enemies":"3 Byrds","floor":20.0,"turns":4.0},{"damage":7.0,"enemies":"Slavers","floor":25.0,"turns":3.0},{"damage":6.0,"enemies":"Book of Stabbing","floor":27.0,"turns":5.0},{"damage":4.0,"enemies":"3 Cultists","floor":28.0,"turns":3.0},{"damage":0.0,"enemies":"Cultist and Chosen","floor":29.0,"turns":4.0},{"damage":0.0,"enemies":"Slavers","floor":31.0,"turns":3.0},{"damage":50.0,"enemies":"Collector","floor":33.0,"turns":14.0},{"damage":0.0,"enemies":"3 Darklings","floor":35.0,"turns":3.0},{"damage":1.0,"enemies":"3 Shapes","floor":38.0,"turns":4.0},{"damage":13.0,"enemies":"2 Orb Walkers","floor":39.0,"turns":7.0},{"damage":21.0,"enemies":"Reptomancer","floor":41.0,"turns":5.0},{"damage":12.0,"enemies":"Giant Head","floor":44.0,"turns":7.0},{"damage":6.0,"enemies":"Jaw Worm Horde","floor":46.0,"turns":3.0},{"damage":8.0,"enemies":"4 Shapes","floor":48.0,"turns":6.0},{"damage":55,"enemies":"Awakened One","floor":50,"turns":15}],"seed_played":"6464736829603845158","potions_obtained":[{"floor":1.0,"key":"DuplicationPotion"},{"floor":3.0,"key":"Strength Potion"},{"floor":5.0,"key":"Fruit Juice"},{"floor":18.0,"key":"Energy Potion"},{"floor":27.0,"key":"Strength Potion"},{"floor":33.0,"key":"SteroidPotion"},{"floor":35.0,"key":"LiquidBronze"}],"is_trial":false,"path_per_floor":["M","?","M","?","M","R","E","?","T","$","R","?","?","$","R","B",null,"M","?","M","$","?","R","$","E","T","E","M","M","R","E","R","B",null,"M","$","?","M","?","R","E","?","T","E","R","M","?","M","R","B",null],"character_chosen":"THE_SILENT","items_purchased":["Oddly Smooth Stone","Predator","Guardian:BottledAnomaly","Regal Pillow"],"campfire_rested":2,"item_purchase_floors":[10,10,24,36],"current_hp_per_floor":[63,52,51,48,53,53,39,17,17,17,39,39,24,24,24,2,57,57,57,57,57,57,57,57,50,50,44,40,40,40,45,45,37,66,71,71,71,70,57,57,41,41,41,29,44,38,38,30,71,16],"gold":390,"neow_bonus":"TRANSFORM_CARD","is_daily":false,"chose_seed":false,"campfire_upgraded":7,"win_rate":0.0,"timestamp":1610688860,"path_taken":["M","?","M","?","M","R","E","?","T","?","R","?","?","$","R","BOSS","M","?","M","?","?","R","$","E","T","E","M","?","R","E","R","BOSS","M","$","?","M","?","R","E","?","T","E","R","M","?","M","R","BOSS"],"items_purchased_type":["Relic","Card","Relic","Relic"],"build_version":"2020-12-22","purchased_purges":3,"victory":true,"max_hp_per_floor":[70,70,70,70,75,75,75,75,75,75,75,75,75,75,75,75,75,75,75,75,75,75,75,75,75,75,75,75,75,75,75,75,75,75,75,75,75,75,75,75,75,75,75,75,75,75,71,71,71,71],"card_choices":[{"not_picked":["Bane","Sucker Punch"],"picked":"Quick Slash","floor":1.0},{"not_picked":["Underhanded Strike","Expertise"],"picked":"Dagger Throw","floor":3.0},{"not_picked":["Bane","Outmaneuver"],"picked":"PiercingWail","floor":5.0},{"not_picked":["Outmaneuver","Endless Agony"],"picked":"Dagger Spray","floor":7.0},{"not_picked":["Crippling Poison","Deadly Poison"],"picked":"Dagger Throw","floor":8.0},{"not_picked":["Tools of the Trade","Die Die Die"],"picked":"Adrenaline","floor":16.0},{"not_picked":["Accuracy","Deflect","Cloak And Dagger"],"picked":"SKIP","floor":18.0},{"not_picked":["Deadly Poison","Doppelganger"],"picked":"Backflip","floor":20.0},{"not_picked":["Predator","Flechettes","Storm of Steel"],"picked":"SKIP","floor":25.0},{"not_picked":["Crippling Poison+1","Dagger Throw+1"],"picked":"Eviscerate+1","floor":27.0},{"not_picked":["Bane+1","All Out Attack+1","Cloak And Dagger"],"picked":"SKIP","floor":28.0},{"not_picked":["Predator","Choke"],"picked":"Dodge and Roll+1","floor":29.0},{"not_picked":["Acrobatics","Sucker Punch"],"picked":"Caltrops","floor":31.0},{"not_picked":["Glass Knife","Envenom"],"picked":"Burst","floor":33.0},{"not_picked":["Bane+1","Flying Knee+1"],"picked":"Skewer+1","floor":35.0},{"not_picked":["Outmaneuver","Bane+1","Prepared"],"picked":"SKIP","floor":38.0},{"not_picked":["Tools of the Trade","Deadly Poison"],"picked":"Underhanded Strike+1","floor":41.0},{"not_picked":["Secret Weapon","Swift Strike"],"picked":"Mayhem","floor":42.0},{"not_picked":["Slice","Deadly Poison+1"],"picked":"Heel Hook+1","floor":44.0},{"not_picked":["Backflip+1","PiercingWail+1"],"picked":"Concentrate+1","floor":46.0},{"not_picked":["Caltrops+1","Cloak And Dagger+1","Poisoned Stab"],"picked":"SKIP","floor":46.0},{"not_picked":["Dagger Throw","Blade Dance+1","Prepared"],"picked":"SKIP","floor":48.0},{"not_picked":["Underhanded Strike","Deadly Poison","Outmaneuver"],"picked":"SKIP","floor":48.0},{"not_picked":["Crippling Poison+1","Backstab+1"],"picked":"Heel Hook+1","floor":49.0}],"player_experience":213155,"relics_obtained":[{"floor":7.0,"key":"Art of War"},{"floor":8.0,"key":"Odd Mushroom"},{"floor":9.0,"key":"Sundial"},{"floor":25.0,"key":"Lizard Tail"},{"floor":27.0,"key":"Toy Ornithopter"},{"floor":31.0,"key":"StoneCalendar"},{"floor":39.0,"key":"Prayer Wheel"},{"floor":41.0,"key":"Eternal Feather"},{"floor":44.0,"key":"Dream Catcher"}],"event_choices":[{"damage_healed":0.0,"max_hp_gain":0.0,"max_hp_loss":0.0,"gold_gain":75.0,"event_name":"World of Goop","player_choice":"Gather Gold","floor":2.0,"gold_loss":0.0,"damage_taken":11.0},{"damage_healed":0.0,"max_hp_gain":0.0,"max_hp_loss":0.0,"gold_gain":0.0,"event_name":"Scrap Ooze","player_choice":"Success","floor":4.0,"gold_loss":0.0,"damage_taken":3.0,"relics_obtained":["Guardian:GemstoneGun"]},{"damage_healed":0.0,"max_hp_gain":0.0,"max_hp_loss":0.0,"gold_gain":0.0,"event_name":"Mushrooms","player_choice":"Fought Mushrooms","floor":8.0,"gold_loss":0.0,"damage_taken":0.0},{"damage_healed":0.0,"max_hp_gain":0.0,"max_hp_loss":0.0,"gold_gain":175.0,"event_name":"Liars Game","player_choice":"AGREE","floor":12.0,"gold_loss":0.0,"damage_taken":0.0,"cards_obtained":["Doubt"]},{"damage_healed":0.0,"max_hp_gain":0.0,"max_hp_loss":0.0,"gold_gain":0.0,"event_name":"Shining Light","player_choice":"Entered Light","floor":13.0,"gold_loss":0.0,"damage_taken":15.0,"cards_upgraded":["Predator","Strike_G"]},{"damage_healed":0.0,"max_hp_gain":0.0,"max_hp_loss":0.0,"gold_gain":250.0,"event_name":"The Joust","player_choice":"Bet on Owner","floor":19.0,"gold_loss":50.0,"damage_taken":0.0},{"damage_healed":0.0,"max_hp_gain":0.0,"max_hp_loss":0.0,"gold_gain":0.0,"event_name":"Tomb of Lord Red Mask","player_choice":"Ignored","floor":37.0,"gold_loss":0.0,"damage_taken":0.0},{"damage_healed":0.0,"max_hp_gain":0.0,"max_hp_loss":0.0,"gold_gain":0.0,"event_name":"Mysterious Sphere","player_choice":"Fight","floor":39.0,"gold_loss":0.0,"damage_taken":0.0},{"damage_healed":0.0,"max_hp_gain":0.0,"max_hp_loss":0.0,"gold_gain":0.0,"event_name":"SensoryStone","player_choice":"Memory 1","floor":42.0,"gold_loss":0.0,"damage_taken":0.0},{"damage_healed":0.0,"max_hp_gain":0.0,"max_hp_loss":4.0,"gold_gain":0.0,"event_name":"Winding Halls","player_choice":"Max HP","floor":47.0,"gold_loss":0.0,"damage_taken":0.0}],"is_beta":false,"boss_relics":[{"not_picked":["Ring of the Serpent","Tiny House"],"picked":"Cursed Key"},{"not_picked":["SacredBark","Velvet Choker"],"picked":"Empty Cage"}],"items_purged_floors":[10,14,21],"is_endless":false,"potions_floor_spawned":[1,3,5,18,27,29,33,35,39],"ascension_level":11}}