{"host":"vohenq18pmg6jboc","time":1610678379,"event":{"mods":["Arknights The Spire","Bard","BaseMod","Chen","Downfall","Gremlin Mod","GungeonMod","Hermit","Marisa¡]Ãú«B¡@Å]²z¨F¡^","Minty Spire (QoL Compilation)","Relic Stats","Remilia¡]Á¢¦Ì²ú?¡^","StSLib","The Administrix","The Bug Knight","The Cursed","The Hierophant","The IronCluck","The Runesmith","The Servant 0.9.4","WarShipGirlsR/??¤Ö¤kR mod","Yakumo Yukari mod","Youmu¡]»î¾z§¯?¡^","Yuyuko","[GremlinLeader]The Maniac"],"gold_per_floor":[119,131,131,20,44,44,62,76,102,102,50,50,70,95,95,218,218,234,250,7,31,55,55,55,80,80,104,104,229,229,247,247,377,440,455,468,92,92,1091,1091,1091,1091,1091,695,695,127,127,127,127,127],"floor_reached":51,"language":"ZHS","playtime":2761,"items_purged":["Injury","Normality","Normality"],"score":762,"play_id":"06230866-392d-4d76-9627-7fce4bf245fc","local_time":"20210115103939","is_ascension_mode":false,"campfire_choices":[{"data":"rmod:openingtorpedo","floor":6.0,"key":"SMITH"},{"data":"rmod:openingtorpedo","floor":10.0,"key":"SMITH"},{"data":"rmod:seals","floor":12.0,"key":"SMITH"},{"floor":15.0,"key":"REST"},{"floor":23,"key":"REST"},{"floor":28,"key":"REST"},{"data":"rmod:maintain","floor":30,"key":"SMITH"},{"floor":32,"key":"REST"},{"floor":40,"key":"REST"},{"data":"rmod:fletcher","floor":42,"key":"SMITH"},{"data":"rmod:chargemoney","floor":47,"key":"SMITH"},{"data":"expansioncontent:AwakenDeath","floor":49,"key":"SMITH"}],"circlet_count":0,"master_deck":["rmod:strick","rmod:strick","rmod:strick","rmod:strick","rmod:defend","rmod:defend","rmod:defend+1","rmod:defend+1","rmod:basicallowance","rmod:maingunfire","rmod:desperatesituation","rmod:openingtorpedo+1","rmod:wolves","rmod:openingtorpedo+1","rmod:seals+1","rmod:victimresponsibility","rmod:fletcherpendant","rmod:tearstotiara","rmod:diamondstrike+1","rmod:fletcher+1","rmod:maintain+1","rmod:aggressivemary+1","rmod:diamondstrike","expansioncontent:LastStand","rmod:expedition","rmod:diamondstrike","rmod:fletcherpendant","rmod:punchline","rmod:expedition","rmod:highspeedmaneuver","rmod:rockthrower+1","rmod:highspeedmaneuver","rmod:fletcherpendant","rmod:wolves+1","rmod:chargemoney+1","rmod:openingtorpedo","expansioncontent:AwakenDeath+1","rmod:unsinkable","rmod:victimresponsibility","Panache","rmod:firesupport+1","rmod:fletcherpendant+1","rmod:advancebysurprise","rmod:tearstotiara+1","rmod:luckystar+1","rmod:ring","rmod:punchline","rmod:mineteam","Sadistic Nature","expansioncontent:PolyBeam+1","Wraith"],"relics":["rmod:firstchargereward","Golden Idol","DemoMod:WhiteGuonStone","War Paint","SlaversCollar","Membership Card","Ornamental Fan","TungstenRod","Runesmith:Nanobots","Tiny House","Anchor","Lantern","Toolbox","Molten Egg 2","Happy Flower","TheAbacus","DemoMod:DecoyRelic","Nunchaku","Ancient Tea Set","Cauldron"],"acts_visited":["Exordium","TheCity","TheBeyond"],"potions_floor_usage":[29,29,50,50,50],"damage_taken":[{"damage":4.0,"enemies":"Small Slimes","floor":1.0,"turns":3.0},{"damage":0.0,"enemies":"2 Louse","floor":2.0,"turns":2.0},{"damage":0.0,"enemies":"Cultist","floor":5.0,"turns":2.0},{"damage":0.0,"enemies":"Gremlin Gang","floor":7.0,"turns":2.0},{"damage":14.0,"enemies":"Red Slaver","floor":8.0,"turns":5.0},{"damage":4.0,"enemies":"2 Fungi Beasts","floor":13.0,"turns":2.0},{"damage":0.0,"enemies":"Exordium Wildlife","floor":14.0,"turns":2.0},{"damage":0.0,"enemies":"Slime Boss","floor":16.0,"turns":3.0},{"damage":15.0,"enemies":"2 Thieves","floor":18.0,"turns":3.0},{"damage":22.0,"enemies":"3 Byrds","floor":19.0,"turns":4.0},{"damage":17,"enemies":"3 Cultists","floor":21,"turns":4},{"damage":0,"enemies":"Snecko","floor":22,"turns":2},{"damage":5,"enemies":"Chosen and Byrds","floor":25,"turns":4},{"damage":7,"enemies":"Cultist and Chosen","floor":27,"turns":3},{"damage":17,"enemies":"Colosseum Slavers","floor":29,"turns":3},{"damage":1,"enemies":"Colosseum Nobs","floor":29,"turns":3},{"damage":4,"enemies":"Snake Plant","floor":31,"turns":2},{"damage":27,"enemies":"Collector","floor":33,"turns":8},{"damage":8,"enemies":"Orb Walker","floor":35,"turns":2},{"damage":8,"enemies":"3 Darklings","floor":36,"turns":3},{"damage":39,"enemies":"Awakened One","floor":50,"turns":11}],"seed_played":"3466070967030176238","potions_obtained":[{"floor":5.0,"key":"Strength Potion"},{"floor":7.0,"key":"GamblersBrew"},{"floor":8.0,"key":"Fire Potion"},{"floor":16.0,"key":"DuplicationPotion"},{"floor":18.0,"key":"CultistPotion"},{"floor":33,"key":"BlessingOfTheForge"},{"floor":34,"key":"SneckoOil"},{"floor":46,"key":"Slimebound:ThreeZeroPotion"},{"floor":46,"key":"DistilledChaos"}],"is_trial":false,"path_per_floor":["M","M","?","?","M","R","M","M","T","R","$","R","M","M","R","B",null,"M","M","$","M","M","R","?","M","T","M","R","?","R","M","R","B",null,"M","M","$","?","?","R","?","R","T","$","?","$","R","?","R","B",null],"character_chosen":"PRAEFECT","items_purchased":["rmod:fletcherpendant","Membership Card","rmod:diamondstrike","expansioncontent:LastStand","rmod:expedition","rmod:openingtorpedo","expansioncontent:AwakenDeath","rmod:unsinkable","Anchor","Lantern","Toolbox","rmod:victimresponsibility","rmod:firesupport+1","rmod:fletcherpendant+1","rmod:advancebysurprise","Happy Flower","TheAbacus","DemoMod:DecoyRelic","Nunchaku","Ancient Tea Set","Cauldron","rmod:tearstotiara+1","rmod:luckystar+1","rmod:ring","rmod:punchline","rmod:mineteam","Sadistic Nature","expansioncontent:PolyBeam+1"],"campfire_rested":5,"item_purchase_floors":[11,20,20,20,20,37,37,37,37,37,37,37,44,44,44,44,44,44,46,46,46,46,46,46,46,46,46,46],"current_hp_per_floor":[71,71,71,71,71,71,71,57,57,57,57,57,53,53,75,75,75,60,38,38,21,21,43,68,63,63,56,75,57,57,53,75,48,80,72,64,64,64,64,80,80,80,80,80,80,80,80,80,80,41],"gold":127,"neow_bonus":"ONE_RANDOM_RARE_CARD","is_daily":false,"chose_seed":false,"campfire_upgraded":7,"win_rate":0.0,"timestamp":1610678379,"path_taken":["M","M","?","?","?","R","?","M","T","R","?","R","M","?","R","BOSS","M","M","$","M","M","R","?","M","T","M","R","?","R","M","R","BOSS","M","M","$","?","?","R","?","R","T","$","?","$","R","?","R","BOSS"],"items_purchased_type":["Card","Relic","Card","Card","Card","Card","Card","Card","Relic","Relic","Relic","Card","Card","Card","Card","Relic","Relic","Relic","Relic","Relic","Relic","Card","Card","Card","Card","Card","Card","Card"],"build_version":"2020-12-22","purchased_purges":3,"victory":true,"max_hp_per_floor":[75,75,75,75,75,75,75,75,75,75,75,75,75,75,75,75,75,75,75,75,75,75,75,75,75,75,75,75,75,75,75,75,75,80,80,80,80,80,80,80,80,80,80,80,80,80,80,80,80,80],"relic_stats":{"Nunchaku":[3],"TheAbacus":[6],"Happy Flower":[3],"counters":[21,73],"Golden Idol":171,"Ornamental Fan":[72],"War Paint":["rmod:defend","rmod:defend"],"obtain_stats":[{"Runesmith:Nanobots":29,"Lantern":37,"Tiny House":34,"Happy Flower":44,"Golden Idol":3,"DemoMod:GlassGuonStoneRelic":5,"DemoMod:WhiteGuonStone":4,"War Paint":9,"Ancient Tea Set":46,"SlaversCollar":17,"Cauldron":46,"Anchor":37,"Nunchaku":46,"TheAbacus":44,"Ornamental Fan":26,"Toolbox":37,"DemoMod:DecoyRelic":44,"Molten Egg 2":43,"rmod:firstchargereward":0,"Membership Card":20,"TungstenRod":29},{"Runesmith:Nanobots":16,"Lantern":20,"Tiny House":18,"Happy Flower":20,"Golden Idol":2,"DemoMod:GlassGuonStoneRelic":3,"DemoMod:WhiteGuonStone":2,"War Paint":5,"Ancient Tea Set":20,"SlaversCollar":8,"Cauldron":20,"Anchor":20,"Nunchaku":20,"TheAbacus":20,"Ornamental Fan":13,"Toolbox":20,"DemoMod:DecoyRelic":20,"Molten Egg 2":20,"rmod:firstchargereward":0,"Membership Card":10,"TungstenRod":16},{"Runesmith:Nanobots":47,"Lantern":62,"Tiny House":57,"Happy Flower":62,"Golden Idol":5,"DemoMod:GlassGuonStoneRelic":7,"DemoMod:WhiteGuonStone":5,"War Paint":14,"Ancient Tea Set":62,"SlaversCollar":21,"Cauldron":62,"Anchor":62,"Nunchaku":62,"TheAbacus":62,"Ornamental Fan":38,"Toolbox":62,"DemoMod:DecoyRelic":62,"Molten Egg 2":62,"rmod:firstchargereward":0,"Membership Card":28,"TungstenRod":47}],"TungstenRod":10},"card_choices":[{"not_picked":["rmod:aviationdawn","rmod:victimresponsibility"],"picked":"rmod:openingtorpedo","floor":1.0},{"not_picked":["rmod:aggressivemary","rmod:fuelsupply"],"picked":"rmod:wolves","floor":2.0},{"not_picked":["rmod:tearstotiara","rmod:combined"],"picked":"rmod:openingtorpedo","floor":5.0},{"not_picked":["rmod:overbreakdown","rmod:shuttlebombing"],"picked":"rmod:seals","floor":7.0},{"not_picked":["rmod:heivgo","rmod:garrisonisland"],"picked":"rmod:victimresponsibility","floor":8.0},{"not_picked":["rmod:unsinkable","rmod:supportescort"],"picked":"rmod:tearstotiara","floor":13.0},{"not_picked":["rmod:luckystar","rmod:diaomin"],"picked":"rmod:diamondstrike","floor":14.0},{"not_picked":["rmod:supriseattacks","rmod:stealaluminum"],"picked":"rmod:fletcher","floor":16.0},{"not_picked":["rmod:fuelsupply","rmod:diamondstrike"],"picked":"rmod:maintain","floor":18.0},{"not_picked":["rmod:shuttlebombing","rmod:luckystar"],"picked":"rmod:aggressivemary+1","floor":19.0},{"not_picked":["rmod:unsinkable","rmod:spoils"],"picked":"rmod:diamondstrike","floor":21},{"not_picked":["rmod:spoils+1","rmod:steelsupply"],"picked":"rmod:fletcherpendant","floor":22},{"not_picked":["rmod:tearstotiara","rmod:aluminumsupply"],"picked":"rmod:punchline","floor":25},{"not_picked":["rmod:capitalist","rmod:victimresponsibility"],"picked":"rmod:expedition","floor":27},{"not_picked":["rmod:victimresponsibility","rmod:garrisonisland"],"picked":"rmod:highspeedmaneuver","floor":29},{"not_picked":["rmod:victimresponsibility","rmod:wife"],"picked":"rmod:rockthrower+1","floor":31},{"not_picked":["rmod:auspiciousomen","rmod:seals"],"picked":"rmod:highspeedmaneuver","floor":33},{"not_picked":["rmod:sl","rmod:gendarmerie+1"],"picked":"rmod:fletcherpendant","floor":34},{"not_picked":["rmod:fuelsupply","rmod:garrisonisland"],"picked":"rmod:wolves+1","floor":35},{"not_picked":["rmod:aluminumsupply","rmod:supportescort"],"picked":"rmod:chargemoney","floor":36},{"not_picked":["DemoMod:Spice","PanicButton"],"picked":"Panache","floor":38}],"player_experience":84804,"relics_obtained":[{"floor":9.0,"key":"War Paint"},{"floor":26,"key":"Ornamental Fan"},{"floor":29,"key":"TungstenRod"},{"floor":29,"key":"Runesmith:Nanobots"},{"floor":43,"key":"Molten Egg 2"}],"event_choices":[{"damage_healed":0.0,"max_hp_gain":0.0,"max_hp_loss":0.0,"gold_gain":0.0,"event_name":"Golden Idol","player_choice":"Take Wound","floor":3.0,"gold_loss":0.0,"damage_taken":0.0,"relics_obtained":["Golden Idol"],"cards_obtained":["Injury"]},{"damage_healed":0.0,"max_hp_gain":0.0,"max_hp_loss":0.0,"gold_gain":0.0,"event_name":"WeMeetAgain","player_choice":"Paid Gold","floor":4.0,"gold_loss":111.0,"damage_taken":0.0,"relics_obtained":["DemoMod:WhiteGuonStone"]},{"damage_healed":25,"gold_gain":0,"player_choice":"Heal","damage_taken":0,"max_hp_gain":0,"max_hp_loss":0,"event_name":"The Library","floor":24,"gold_loss":0},{"damage_healed":0,"gold_gain":0,"player_choice":"Fight","damage_taken":0,"max_hp_gain":0,"max_hp_loss":0,"event_name":"Colosseum","floor":29,"gold_loss":0},{"damage_healed":0,"gold_gain":0,"player_choice":"Fought Nobs","damage_taken":0,"max_hp_gain":0,"max_hp_loss":0,"event_name":"Colosseum","floor":29,"gold_loss":0},{"damage_healed":0,"gold_gain":0,"player_choice":"Memory 1","damage_taken":0,"max_hp_gain":0,"max_hp_loss":0,"event_name":"SensoryStone","floor":38,"gold_loss":0},{"damage_healed":0,"gold_gain":999,"player_choice":"Gold","damage_taken":0,"max_hp_gain":0,"max_hp_loss":0,"event_name":"MindBloom","floor":39,"gold_loss":0,"cards_obtained":["Normality","Normality"]},{"damage_healed":0,"gold_gain":0,"player_choice":"Ignored","damage_taken":0,"max_hp_gain":0,"max_hp_loss":0,"event_name":"Tomb of Lord Red Mask","floor":41,"gold_loss":0},{"damage_healed":0,"gold_gain":0,"player_choice":"Ignored","damage_taken":0,"max_hp_gain":0,"max_hp_loss":0,"event_name":"OrinTheCat","floor":48,"gold_loss":0}],"is_beta":false,"boss_relics":[{"not_picked":["Black Star","Coffee Dripper"],"picked":"SlaversCollar"},{"not_picked":["Philosopher\u0027s Stone","Astrolabe"],"picked":"Tiny House"}],"items_purged_floors":[37,44,46],"is_endless":false,"potions_floor_spawned":[5,7,8,16,18,22,25,29,33],"ascension_level":0}}