{"host":"guwca93h2ke9l2g3","time":1610685630,"event":{"mods":["100% Spire Juice","2.2 Compatiblity","Act Like it!","Arknights The Spire","Aspiration","BaseMod","Better Skull","ChefMod","Colored Powertips","Conspire","Dark Map","Downfall","Fox Events","GungeonMod","Halation","Hallownest","HololiveMod","Hubris","Infinite Spire","Lobotomy","LobotomyExtend","Marked Mod","Minty Spire (QoL Compilation)","Permanent Neow","Potionbrewer","Prisma Mod","Quick Restart","Relic Sorter","Relic Stats","Replay The Spire","Robot Space Explorer","Shade Mod","Spicy Shops","StSLib","The Alterego","The Animator","The Bug Knight","The Cursed","The Marked","The Mystic","The Necromancer","The Poker Player","TheVacant","TheWitcher","Waifu the Spire","WarShipGirlsR/????R mod","Yakumo Yukari mod","Yuri Mod","vexMod"],"gold_per_floor":[110,110,110,5,16,16,16],"floor_reached":6,"language":"ENG","playtime":456,"items_purged":[],"score":43,"play_id":"95bab448-47e9-4360-aeab-31841f304512","local_time":"20210114224030","is_ascension_mode":true,"campfire_choices":[],"circlet_count":0,"master_deck":["DemoMod:Strike_Huntress","DemoMod:Strike_Huntress","DemoMod:Strike_Huntress","DemoMod:Defend_Huntress","DemoMod:Defend_Huntress","DemoMod:Defend_Huntress","DemoMod:Defend_Huntress","DemoMod:Roll","DemoMod:ManualReload","DemoMod:RustySidearm","DemoMod:CrossBow","DemoMod:ShadowBullets"],"relics":["halation:Prosthetics","LetterFromLob"],"acts_visited":["Exordium"],"potions_floor_usage":[],"damage_taken":[{"damage":0,"enemies":"Small Slimes","floor":1,"turns":4},{"damage":11,"enemies":"2 Louse","floor":5,"turns":3},{"damage":0,"enemies":"3 Sentries","floor":6,"turns":1}],"seed_played":"-6739332523375908811","potions_obtained":[{"floor":1,"key":"sneckomod:MuddlingPotion"},{"floor":5,"key":"Regen Potion"}],"is_trial":false,"path_per_floor":["M","?","?","$","M","E"],"character_chosen":"HUNTRESS","items_purchased":["DemoMod:ShadowBullets"],"campfire_rested":0,"item_purchase_floors":[4],"current_hp_per_floor":[35,35,35,35,24,24,24],"gold":16,"neow_bonus":"BOSS_RELIC","is_daily":false,"chose_seed":false,"campfire_upgraded":0,"win_rate":0.0,"timestamp":1610685630,"path_taken":["M","?","?","$","?","E"],"items_purchased_type":["Card"],"build_version":"2020-12-22","purchased_purges":0,"victory":false,"max_hp_per_floor":[35,35,35,35,35,35,35],"relic_stats":{"counters":[3,8],"obtain_stats":[{"DemoMod:Dog":0,"DemoMod:GlassGuonStoneRelic":1,"LetterFromLob":1,"halation:Prosthetics":0},{"DemoMod:Dog":0,"DemoMod:GlassGuonStoneRelic":1,"LetterFromLob":1,"halation:Prosthetics":0},{"DemoMod:Dog":0,"DemoMod:GlassGuonStoneRelic":4,"LetterFromLob":4,"halation:Prosthetics":0}]},"card_choices":[{"not_picked":["DemoMod:MachoBrace","DemoMod:StickyCrossBow","DemoMod:SpreadAmmo"],"picked":"SKIP","floor":1},{"not_picked":["DemoMod:Casey","DemoMod:GunstockTap","DemoMod:TeaPot"],"picked":"SKIP","floor":5}],"player_experience":306631,"relics_obtained":[{"floor":1,"key":"LetterFromLob"}],"event_choices":[{"damage_healed":0,"gold_gain":0,"player_choice":"Bought 0 Potions","damage_taken":0,"max_hp_gain":0,"max_hp_loss":0,"event_name":"The Woman in Blue","floor":3,"gold_loss":0}],"is_beta":false,"boss_relics":[],"items_purged_floors":[],"is_endless":false,"potions_floor_spawned":[1,5],"killed_by":"3 Sentries","ascension_level":5}}