{"host":"ty2cix8xj6r3ad26","time":1610672924,"event":{"mods":["AchievementEnabler","BaseMod","BetterRewards","Hubris","Minty Spire (QoL Compilation)","Replay The Spire","StSLib","SuperFastMode"],"gold_per_floor":[113,126,126,51,74,74,109,109,135,135,135,169,169,129,129,234,234,248,248,318,72,88,88,104,24,74,74,93,93,128,156,156,266,293,222,1,15,33,59,59,93,115,141,141,9,9,9,19,19,28,28,28,28,66,66,66],"floor_reached":55,"language":"ENG","playtime":3244,"items_purged":["Strike_B","Defend_B","Strike_B","Strike_B","ReplayTheSpireMod:Splinters","Sickly"],"score":1679,"play_id":"260c0a3e-e15c-47bc-ad68-437b7cc4c633","local_time":"20210115030844","is_ascension_mode":true,"campfire_choices":[{"data":"Storm","floor":6,"key":"SMITH"},{"floor":8,"key":"REST"},{"data":"Biased Cognition","floor":10,"key":"SMITH"},{"data":"Defragment","floor":13,"key":"SMITH"},{"data":"Amplify","floor":23,"key":"SMITH"},{"data":"FIFO Queue","floor":29,"key":"SMITH"},{"floor":32,"key":"RECALL"},{"data":"Buffer","floor":40,"key":"SMITH"},{"floor":49,"key":"REST"},{"data":"Barrage","floor":52,"key":"SMITH"}],"circlet_count":0,"master_deck":["AscendersBane","Defend_B+2","Defend_B+2","Zap+1","Dualcast+1","Crystallizer","Coolheaded+1","Storm+1","FIFO Queue+1","Biased Cognition+1","Defragment+1","Scrape","Machine Learning","Amplify+1","Sunder","Gash","Buffer+1","Overencumbered","Gash+1","Madness","Madness","Barrage+1","Creative AI","ReplayGash","Panache","hubris:NaturalOne","ReplayRNGCard"],"relics":["Cracked Core","Torii","Mummified Hand","Replay:Baseball","Dream Catcher","War Paint","Runic Pyramid","The Courier","MealTicket","Nunchaku","hubris:BallOfYels","Lee\u0027s Waffle","CeramicFish","Simple Rune","Replay:Ancient Bell","Happy Flower","ReplayTheSpireMod:Shallot","Girya","Potion Belt","Orichalcum","Regal Pillow","hubris:Icosahedron","FossilizedHelix"],"acts_visited":["Exordium","TheCity","TheBeyond","TheEnding"],"potions_floor_usage":[1,7,7,12,15,18,30,33,39,41,41,41,50],"damage_taken":[{"damage":7,"enemies":"Jaw Worm","floor":1,"turns":3},{"damage":0,"enemies":"Cultist","floor":2,"turns":3},{"damage":15,"enemies":"Gremlin Nob","floor":7,"turns":4},{"damage":11,"enemies":"3 Sentries","floor":12,"turns":4},{"damage":6,"enemies":"The Guardian","floor":16,"turns":5},{"damage":4,"enemies":"3 Byrds","floor":18,"turns":3},{"damage":0,"enemies":"Shell Parasite","floor":22,"turns":1},{"damage":17,"enemies":"Centurion and Healer","floor":24,"turns":3},{"damage":12,"enemies":"Chosen and Byrds","floor":28,"turns":2},{"damage":14,"enemies":"Book of Stabbing","floor":30,"turns":2},{"damage":6,"enemies":"Shelled Parasite and Fungi","floor":31,"turns":2},{"damage":6,"enemies":"Pondfish","floor":33,"turns":6},{"damage":26,"enemies":"3 Darklings","floor":35,"turns":3},{"damage":6,"enemies":"3 Shapes","floor":37,"turns":2},{"damage":22,"enemies":"Writhing Mass","floor":39,"turns":3},{"damage":15,"enemies":"Nemesis","floor":41,"turns":3},{"damage":6,"enemies":"Transient","floor":42,"turns":5},{"damage":1,"enemies":"4 Shapes","floor":48,"turns":3},{"damage":35,"enemies":"Donu and Deca","floor":50,"turns":6},{"damage":34,"enemies":"Shield and Spear","floor":54,"turns":4},{"damage":58,"enemies":"The Heart","floor":55,"turns":6}],"seed_played":"-9157754072682115015","potions_obtained":[{"floor":7,"key":"ColorlessPotion"},{"floor":14,"key":"Fruit Juice"},{"floor":14,"key":"DistilledChaos"},{"floor":14,"key":"SmokeBomb"},{"floor":16,"key":"DuplicationPotion"},{"floor":20,"key":"Dexterity Potion"},{"floor":22,"key":"EssenceOfDarkness"},{"floor":31,"key":"Energy Potion"},{"floor":33,"key":"Strength Potion"},{"floor":37,"key":"DuplicationPotion"},{"floor":39,"key":"PotionOfCapacity"},{"floor":42,"key":"Energy Potion"}],"is_trial":false,"path_per_floor":["M","M","?","$","T","R","E","R","T","R","?","E","R","?","R","B",null,"M","$","?","$","M","R","M","$","T","?","M","R","E","M","R","B",null,"M","$","M","?","M","R","E","M","T","?","$","?","$","M","R","B",null,"R","$","E","B"],"character_chosen":"DEFECT","items_purchased":["Torii","EntropicBrew","Mummified Hand","Crystallizer","Coolheaded+1","FIFO Queue","The Courier","MealTicket","hubris:BallOfYels","Lee\u0027s Waffle","Potion Belt","Panache"],"campfire_rested":2,"item_purchase_floors":[0,0,0,0,0,4,19,19,21,21,36,45],"current_hp_per_floor":[26,26,26,26,26,26,11,33,33,33,33,22,22,22,27,21,65,61,13,13,87,87,87,70,85,85,85,73,73,59,53,53,47,77,51,66,60,49,27,27,12,6,6,6,21,21,36,35,76,41,76,76,87,53,0,0],"gold":66,"neow_bonus":"","is_daily":false,"chose_seed":false,"campfire_upgraded":7,"win_rate":0.0,"timestamp":1610672924,"path_taken":["M","M","?","$","?","R","E","R","T","R","?","E","R","?","R","BOSS","M","?","?","$","M","R","M","$","T","?","M","R","E","M","R","BOSS","M","$","M","?","M","R","E","M","T","?","$","?","$","?","R","BOSS","R","$","E","BOSS"],"items_purchased_type":["Relic","Potion","Relic","Card","Card","Card","Relic","Relic","Relic","Relic","Relic","Card"],"build_version":"2020-12-22","purchased_purges":6,"victory":false,"max_hp_per_floor":[75,75,75,75,75,75,75,75,75,75,75,75,75,75,80,80,80,80,80,80,87,87,87,87,87,87,87,87,87,87,87,87,87,87,87,87,87,87,87,87,87,87,87,87,87,87,87,87,87,87,87,87,87,87,87,87],"card_choices":[{"not_picked":["Steam","Cold Snap","Ball Lightning"],"picked":"SKIP","floor":1},{"not_picked":["Ball Lightning","Reinforced Body"],"picked":"Storm","floor":2},{"not_picked":["Go for the Eyes","Panic Button"],"picked":"Biased Cognition","floor":7},{"not_picked":["Redo","Compile Driver"],"picked":"Defragment","floor":12},{"not_picked":["ReplayRNGCard","Rainbow"],"picked":"Machine Learning","floor":16},{"not_picked":["Coolheaded+1","Turbo","Time Bomb"],"picked":"SKIP","floor":18},{"not_picked":["BasicCrystalCard","Redo+1"],"picked":"Amplify","floor":20},{"not_picked":["Rebound","Aggregate","Go for the Eyes"],"picked":"SKIP","floor":22},{"not_picked":["Stack","Steam Power","Sweeping Beam"],"picked":"SKIP","floor":24},{"not_picked":["Capacitor","Beam Cell","Skim"],"picked":"SKIP","floor":28},{"not_picked":["Hologram+1","Fusion"],"picked":"Sunder","floor":30},{"not_picked":["Sunder","Rebound"],"picked":"Gash","floor":31},{"not_picked":["Reboot","hubris:Prefetch"],"picked":"Buffer","floor":33},{"not_picked":["ReplayTheSpireMod:Faulty Equipment","hubris:Disease"],"picked":"ReplayTheSpireMod:IOU","floor":34},{"not_picked":["ReplayTheSpireMod:Restless Dread","Amnesia"],"picked":"Sickly","floor":34},{"not_picked":["hubris:Disease","ReplayTheSpireMod:Restless Dread"],"picked":"Overencumbered","floor":34},{"not_picked":["Redo","Force Field"],"picked":"Gash+1","floor":35},{"not_picked":["ReplaySolidLightProjector","ReplayTheSpireMod:System Scan","hubris:DoWhile"],"picked":"SKIP","floor":37},{"not_picked":["Steam+1","Sweeping Beam"],"picked":"Barrage","floor":39},{"not_picked":["Turbo","Steam"],"picked":"Creative AI","floor":41},{"not_picked":["Gash","Beam Cell"],"picked":"ReplayGash","floor":42},{"not_picked":["Beam Cell+1","Rebound","Turbo+1"],"picked":"SKIP","floor":48},{"not_picked":["ReplayTheSpireMod:System Scan+1","Hologram"],"picked":"ReplayRNGCard","floor":54}],"player_experience":494233,"relics_obtained":[{"floor":7,"key":"Replay:Baseball"},{"floor":9,"key":"Dream Catcher"},{"floor":12,"key":"War Paint"},{"floor":20,"key":"Nunchaku"},{"floor":26,"key":"CeramicFish"},{"floor":30,"key":"Simple Rune"},{"floor":41,"key":"Orichalcum"},{"floor":43,"key":"Regal Pillow"},{"floor":54,"key":"FossilizedHelix"}],"event_choices":[{"damage_healed":0,"gold_gain":0,"player_choice":"Upgraded","damage_taken":0,"max_hp_gain":0,"max_hp_loss":0,"event_name":"Upgrade Shrine","floor":3,"gold_loss":0,"cards_upgraded":["Zap"]},{"damage_healed":0,"gold_gain":0,"player_choice":"Bought 3 Potions","damage_taken":0,"max_hp_gain":0,"max_hp_loss":0,"event_name":"The Woman in Blue","floor":14,"gold_loss":0},{"cards_removed":["Defend_B"],"damage_healed":0,"gold_gain":0,"player_choice":"Purged","damage_taken":0,"max_hp_gain":0,"max_hp_loss":0,"event_name":"Purifier","floor":27,"gold_loss":0},{"damage_healed":0,"gold_gain":0,"player_choice":"Embrace Madness","damage_taken":11,"max_hp_gain":0,"max_hp_loss":0,"event_name":"Winding Halls","floor":38,"gold_loss":0,"cards_obtained":["Madness","Madness"]},{"damage_healed":0,"gold_gain":0,"player_choice":"0 cards matched","damage_taken":0,"max_hp_gain":0,"max_hp_loss":0,"event_name":"Match and Keep!","floor":46,"gold_loss":0,"cards_obtained":[]}],"is_beta":false,"boss_relics":[{"not_picked":["Velvet Choker","hubris:RunicObelisk"],"picked":"Runic Pyramid"},{"not_picked":["hubris:Stopwatch","Pandora\u0027s Box"],"picked":"Replay:Ancient Bell"},{"not_picked":["Centennial Puzzle","Tiny Chest"],"picked":"Happy Flower"},{"not_picked":["hubris:BottledRain","Quantum Egg"],"picked":"ReplayTheSpireMod:Shallot"},{"not_picked":["Turnip","Replay:PocketPolymizer"],"picked":"Girya"}],"items_purged_floors":[0,19,19,19,25,36],"is_endless":false,"potions_floor_spawned":[7,16,22,24,31,33,37,39,42],"killed_by":"The Heart","ascension_level":10}}