{"host":"vyjryxuuuxkt43k4","time":1610697768,"event":{"mods":["BaseMod","Colored Map","DeckTracker","Minty Spire (QoL Compilation)","Permanent Neow","Quick Restart","StSLib","SuperFastMode","everything is the same but u backflip on backflip"],"gold_per_floor":[118,7,23,43,57,57,86,102,102,114,114,214,231,256,256,359,359,369,381,306,35,55,55,82,100,127,158,158,158,33,33,33,132,132,142,142,156,175,25,25,41,58,58,58,58,89,107,107,107,107,107,107,4,33,33,33],"floor_reached":55,"language":"KOR","playtime":6141,"items_purged":["Defend_P","Defend_P","Strike_P"],"score":774,"play_id":"6974dbba-2e79-4f02-a982-4dbb479c0c92","local_time":"20210115170248","is_ascension_mode":false,"campfire_choices":[{"data":"Eruption","floor":6.0,"key":"SMITH"},{"data":"Adaptation","floor":11.0,"key":"SMITH"},{"floor":15.0,"key":"REST"},{"data":"Scrawl","floor":23.0,"key":"SMITH"},{"data":"1","floor":28.0,"key":"LIFT"},{"data":"2","floor":32.0,"key":"LIFT"},{"data":"3","floor":40.0,"key":"LIFT"},{"floor":44.0,"key":"RECALL"},{"data":"MentalFortress","floor":49.0,"key":"SMITH"},{"data":"Ragnarok","floor":52.0,"key":"SMITH"}],"circlet_count":0,"master_deck":["Defend_P","Eruption+1","Vigilance","Scrawl+1","Tantrum","MentalFortress+1","Halt","Consecrate","EmptyMind","Adaptation+1","FlurryOfBlows","Blasphemy","Master of Strategy","FlyingSleeves","DeusExMachina","Ragnarok+1","TalkToTheHand+1","Vengeance+1","ClearTheMind","Consecrate+1"],"relics":["PureWater","Regal Pillow","Gremlin Horn","Unceasing Top","Busted Crown","Pantograph","Anchor","Girya","VioletLotus","ClockworkSouvenir","Sundial","Oddly Smooth Stone"],"acts_visited":["Exordium","TheCity","TheBeyond","TheEnding"],"potions_floor_usage":[55,55],"damage_taken":[{"damage":0.0,"enemies":"Cultist","floor":1.0,"turns":2.0},{"damage":8.0,"enemies":"2 Louse","floor":3.0,"turns":2.0},{"damage":0.0,"enemies":"Jaw Worm","floor":4.0,"turns":3.0},{"damage":0.0,"enemies":"Looter","floor":5.0,"turns":2.0},{"damage":14.0,"enemies":"3 Sentries","floor":7.0,"turns":4.0},{"damage":0.0,"enemies":"3 Louse","floor":8.0,"turns":2.0},{"damage":0.0,"enemies":"Lots of Slimes","floor":10.0,"turns":2.0},{"damage":0.0,"enemies":"2 Fungi Beasts","floor":13.0,"turns":1.0},{"damage":22.0,"enemies":"Gremlin Nob","floor":14.0,"turns":3.0},{"damage":30.0,"enemies":"The Guardian","floor":16.0,"turns":11.0},{"damage":0.0,"enemies":"Chosen","floor":18.0,"turns":2.0},{"damage":4.0,"enemies":"2 Thieves","floor":19.0,"turns":2.0},{"damage":2.0,"enemies":"Snake Plant","floor":22.0,"turns":5.0},{"damage":18.0,"enemies":"Book of Stabbing","floor":24.0,"turns":5.0},{"damage":0.0,"enemies":"Centurion and Healer","floor":25.0,"turns":4.0},{"damage":0.0,"enemies":"Gremlin Leader","floor":27.0,"turns":3.0},{"damage":16.0,"enemies":"Collector","floor":33.0,"turns":4.0},{"damage":0.0,"enemies":"Orb Walker","floor":35.0,"turns":2.0},{"damage":0.0,"enemies":"3 Shapes","floor":37.0,"turns":1.0},{"damage":0.0,"enemies":"Spire Growth","floor":38.0,"turns":2.0},{"damage":0.0,"enemies":"Maw","floor":41.0,"turns":3.0},{"damage":0.0,"enemies":"Writhing Mass","floor":42.0,"turns":3.0},{"damage":0.0,"enemies":"Giant Head","floor":46.0,"turns":5.0},{"damage":0.0,"enemies":"4 Shapes","floor":47.0,"turns":1.0},{"damage":11.0,"enemies":"Awakened One","floor":50.0,"turns":6.0},{"damage":0.0,"enemies":"Shield and Spear","floor":54.0,"turns":2.0},{"damage":72,"enemies":"The Heart","floor":55,"turns":6}],"seed_played":"-4077831034519216660","potions_obtained":[{"floor":1.0,"key":"Weak Potion"},{"floor":4.0,"key":"Explosive Potion"},{"floor":7.0,"key":"SpeedPotion"},{"floor":13.0,"key":"SpeedPotion"},{"floor":16.0,"key":"Ambrosia"},{"floor":33.0,"key":"EssenceOfSteel"},{"floor":35.0,"key":"Ancient Potion"},{"floor":38.0,"key":"Regen Potion"},{"floor":42.0,"key":"GamblersBrew"},{"floor":47.0,"key":"DistilledChaos"}],"is_trial":false,"path_per_floor":["M","$","M","M","M","R","E","M","T","M","R","?","M","E","R","B",null,"M","M","?","$","M","R","E","M","T","E","R","?","$","?","R","B",null,"M","?","M","M","$","R","M","M","T","R","?","E","M","$","R","B",null,"R","$","E","B"],"character_chosen":"WATCHER","items_purchased":["MentalFortress","Master of Strategy","ClockworkSouvenir","Swift Potion","ClearTheMind"],"campfire_rested":1,"item_purchase_floors":[2,21,39,53,53],"current_hp_per_floor":[72,72,64,64,64,64,50,50,50,50,50,50,50,28,64,34,72,72,68,68,68,66,66,48,48,48,48,48,32,32,32,32,41,72,72,72,72,72,72,72,72,72,72,72,72,72,72,72,72,61,72,72,72,72,0,0],"gold":33,"neow_bonus":"ONE_RANDOM_RARE_CARD","is_daily":false,"chose_seed":false,"campfire_upgraded":5,"win_rate":0.0,"timestamp":1610697768,"path_taken":["M","$","M","M","M","R","E","M","T","M","R","?","?","E","R","BOSS","M","M","?","$","M","R","E","M","T","E","R","?","?","?","R","BOSS","M","?","M","?","$","R","M","M","T","R","?","E","M","$","R","BOSS","R","$","E","BOSS"],"items_purchased_type":["Card","Card","Relic","Potion","Card"],"build_version":"2020-12-22","purchased_purges":3,"victory":false,"max_hp_per_floor":[72,72,72,72,72,72,72,72,72,72,72,72,72,72,72,72,72,72,72,72,72,72,72,72,72,72,72,72,72,72,72,72,72,72,72,72,72,72,72,72,72,72,72,72,72,72,72,72,72,72,72,72,72,72,72,72],"card_choices":[{"not_picked":["DeceiveReality","FlyingSleeves"],"picked":"Tantrum","floor":1.0},{"not_picked":["TalkToTheHand","CarveReality"],"picked":"Halt","floor":3.0},{"not_picked":["Study","FollowUp","Swivel"],"picked":"SKIP","floor":4.0},{"not_picked":["Crescendo","Evaluate"],"picked":"Consecrate","floor":5.0},{"not_picked":["ReachHeaven","SashWhip","Evaluate"],"picked":"SKIP","floor":7.0},{"not_picked":["Crescendo","CutThroughFate"],"picked":"EmptyMind","floor":8.0},{"not_picked":["Protect","Ragnarok"],"picked":"Adaptation","floor":10.0},{"not_picked":["BowlingBash","PathToVictory","ReachHeaven"],"picked":"SKIP","floor":13.0},{"not_picked":["Protect","ThirdEye"],"picked":"FlurryOfBlows","floor":14.0},{"not_picked":["Alpha","DeusExMachina"],"picked":"Blasphemy","floor":16.0},{"not_picked":["Prostrate+1"],"picked":"SKIP","floor":18.0},{"not_picked":["FlyingSleeves"],"picked":"SKIP","floor":19.0},{"not_picked":["Weave"],"picked":"SKIP","floor":22.0},{"not_picked":["Conclude"],"picked":"SKIP","floor":24.0},{"not_picked":["PathToVictory"],"picked":"SKIP","floor":25.0},{"not_picked":["LikeWater"],"picked":"SKIP","floor":27.0},{"not_picked":[],"picked":"DeusExMachina","floor":33.0},{"not_picked":["BattleHymn"],"picked":"SKIP","floor":35.0},{"not_picked":[],"picked":"TalkToTheHand+1","floor":37.0},{"not_picked":["Protect"],"picked":"SKIP","floor":38.0},{"not_picked":["Evaluate"],"picked":"SKIP","floor":41.0},{"not_picked":[],"picked":"Vengeance+1","floor":42.0},{"not_picked":["Collect"],"picked":"SKIP","floor":46.0},{"not_picked":["Prostrate"],"picked":"SKIP","floor":47.0},{"not_picked":[],"picked":"Consecrate+1","floor":54.0}],"player_experience":321620,"relics_obtained":[{"floor":7.0,"key":"Regal Pillow"},{"floor":9.0,"key":"Gremlin Horn"},{"floor":14.0,"key":"Unceasing Top"},{"floor":24.0,"key":"Pantograph"},{"floor":26.0,"key":"Anchor"},{"floor":27.0,"key":"Girya"},{"floor":46.0,"key":"Sundial"},{"floor":54.0,"key":"Oddly Smooth Stone"}],"event_choices":[{"damage_healed":0.0,"max_hp_gain":0.0,"max_hp_loss":0.0,"gold_gain":100.0,"event_name":"Golden Shrine","player_choice":"Pray","floor":12.0,"gold_loss":0.0,"damage_taken":0.0},{"cards_removed":["Strike_P"],"damage_healed":0.0,"max_hp_gain":0.0,"max_hp_loss":0.0,"gold_gain":0.0,"event_name":"Beggar","player_choice":"Gave Gold","floor":20.0,"gold_loss":75.0,"damage_taken":0.0},{"damage_healed":0.0,"max_hp_gain":0.0,"max_hp_loss":0.0,"gold_gain":0.0,"event_name":"Cursed Tome","player_choice":"Obtained Book","floor":29.0,"gold_loss":0.0,"damage_taken":16.0},{"damage_healed":0.0,"max_hp_gain":0.0,"max_hp_loss":0.0,"gold_gain":0.0,"cards_transformed":["Defend_P","Strike_P"],"event_name":"Drug Dealer","player_choice":"Became Test Subject","floor":31.0,"gold_loss":0.0,"damage_taken":0.0,"cards_obtained":["FlyingSleeves","Nirvana"]},{"damage_healed":0.0,"max_hp_gain":0.0,"max_hp_loss":0.0,"gold_gain":0.0,"cards_transformed":["Nirvana"],"event_name":"Transmorgrifier","player_choice":"Transformed","floor":36.0,"gold_loss":0.0,"damage_taken":0.0,"cards_obtained":["Ragnarok"]},{"cards_removed":["Strike_P"],"damage_healed":0.0,"max_hp_gain":0.0,"max_hp_loss":0.0,"gold_gain":0.0,"event_name":"Falling","player_choice":"Removed Attack","floor":45.0,"gold_loss":0.0,"damage_taken":0.0}],"is_beta":false,"boss_relics":[{"not_picked":["Black Star","Snecko Eye"],"picked":"Busted Crown"},{"not_picked":["SacredBark","Coffee Dripper"],"picked":"VioletLotus"}],"items_purged_floors":[2,21,30],"is_endless":false,"potions_floor_spawned":[1,4,7,13,16,33,35,38,42,47],"killed_by":"The Heart","ascension_level":0}}