{"host":"hfcva6mq15ctj0gu","time":1610744453,"event":{"mods":["100% Spire Juice","Abigail Mod","AchievementEnabler","Act Like it!","Alarm Clock","BaseMod","Better Altar","Better Match","Better Note","Better Skull","Better Third Choice","BetterRewards","CapriCore","Card Forge","Colored Map","Curses Come First","Disable Question Mark Monsters","Displayed Cursed Tome","Emptier Cage","FoggyMod","Friendly Minions","Gold Saver","Good Game Mod","Grow up Mod","Highlight Path","Kiyohime????","Kratos Character Expansion","Marisa????????","Minty Spire (QoL Compilation)","Permanent Neow","Poem Panic","Poor People Problems","Reimu??????","Remilia??????","Shade Mod","Shop Mod","StSLib","The Immortal","The Servant 0.9.4","The Vixen","Transform Curses","Virulent Crown","????"],"gold_per_floor":[1405,1405,1425,1425,1273,1305,1370,1370,1370,797,807,864,893,636,636,738,738,738,738],"floor_reached":18,"language":"ENG","playtime":1277,"items_purged":[],"score":326,"play_id":"a23cd29b-c85b-4b01-8844-611624927304","local_time":"20210115220053","is_ascension_mode":false,"campfire_choices":[{"floor":15,"key":"RECALL"}],"circlet_count":0,"master_deck":["Moonworks:Ambush+1","Moonworks:LongDistanceShot+1","Moonworks:RagingMadness+1","Moonworks:FinalSurgery+1","Moonworks:BindingChains+1","Moonworks:EvilSpyWorkPreparation+1","Moonworks:AngelHand+1","Moonworks:EvilSpyWorkPreparation+1","Moonworks:Gamble+1","Moonworks:MeltingMemories+1","Moonworks:FullSpeedAlicianrone+1","Moonworks:RagingMadness+1","Moonworks:SubspaceTunnel+1","Moonworks:FinalBattle+1","Moonworks:StarBlastingLight+1","Moonworks:AnotherUltimateWeapon+1"],"relics":["Moonworks:BrokenBomb","Moonworks:Homemark","Hammer of Thor","Seething Fire","Anvil of the Gods","REME:ComplimentaryCards","MerchantsRug","TheAbacus","Art of War","Calipers","Bronze Scales","Pantograph","Mastiff:ReiMu","Akabeko","Girya","Toolbox","PoemPanic:PoemPanicRelic"],"acts_visited":["Exordium","TheCity"],"potions_floor_usage":[],"damage_taken":[{"damage":6,"enemies":"Small Slimes","floor":1,"turns":3},{"damage":0,"enemies":"Cultist","floor":3,"turns":4},{"damage":6,"enemies":"Lagavulin","floor":6,"turns":4},{"damage":2,"enemies":"3 Sentries","floor":10,"turns":4},{"damage":0,"enemies":"Jaw Worm","floor":11,"turns":2},{"damage":0,"enemies":"Lagavulin Event","floor":12,"turns":4},{"damage":0,"enemies":"Lagavulin","floor":13,"turns":2},{"damage":0,"enemies":"Hexaghost","floor":16,"turns":1},{"damage":999,"enemies":"Shell Parasite","floor":18,"turns":1}],"seed_played":"5641090647725240478","potions_obtained":[{"floor":10,"key":"AttackPotion"},{"floor":12,"key":"Explosive Potion"},{"floor":16,"key":"FearPotion"}],"is_trial":false,"path_per_floor":["M","?","M","?","$","E","?","?","T","E","M","?","E","$","R","B",null,"M"],"character_chosen":"THE_STARBREAKER","items_purchased":["MerchantsRug","Moonworks:RagingMadness","Moonworks:FinalSurgery","TheAbacus","Art of War","Bronze Scales","Moonworks:FullSpeedAlicianrone","Toolbox","Moonworks:RagingMadness"],"campfire_rested":0,"item_purchase_floors":[0,0,0,0,0,5,14,14,14],"current_hp_per_floor":[47,57,67,110,120,124,134,144,154,162,172,182,192,202,212,230,240,0,0],"gold":738,"neow_bonus":"","is_daily":false,"chose_seed":false,"campfire_upgraded":0,"win_rate":0.0,"timestamp":1610744453,"path_taken":["M","?","?","?","?","E","?","?","T","E","?","?","E","$","R","BOSS","M"],"items_purchased_type":["Relic","Card","Card","Relic","Relic","Relic","Card","Relic","Card"],"build_version":"2020-12-22","purchased_purges":0,"victory":false,"max_hp_per_floor":[80,90,100,110,120,130,140,150,160,170,180,190,200,210,220,230,240,240,240],"card_choices":[{"not_picked":["Moonworks:DeployBits","Moonworks:BigMagnum","Moonworks:BindingChains"],"picked":"SKIP","floor":1},{"not_picked":["Moonworks:DeployBits","Moonworks:BigMagnum"],"picked":"Moonworks:BindingChains","floor":1},{"not_picked":["Moonworks:Assault","Moonworks:BindingChains","Moonworks:DeployBits"],"picked":"SKIP","floor":3},{"not_picked":["Moonworks:BeyondHell","Moonworks:Dinner"],"picked":"Moonworks:EvilSpyWorkPreparation","floor":6},{"not_picked":["Moonworks:JonathanRush","Moonworks:CompletionReward"],"picked":"Moonworks:AngelHand","floor":10},{"not_picked":["Moonworks:IntelligenceOfficer","Moonworks:CloudOfSeagulls"],"picked":"Moonworks:EvilSpyWorkPreparation","floor":11},{"not_picked":["Moonworks:ImmovableObject","Moonworks:DeployBits"],"picked":"Moonworks:Gamble","floor":12},{"not_picked":["Moonworks:MetallicMonocoque","Moonworks:JonathanRush"],"picked":"Moonworks:MeltingMemories","floor":13},{"not_picked":["Moonworks:EvilMastermind","Moonworks:MeltingMemories"],"picked":"Moonworks:SubspaceTunnel","floor":16}],"player_experience":110285,"relics_obtained":[{"floor":6,"key":"Pantograph"},{"floor":10,"key":"Mastiff:ReiMu"},{"floor":13,"key":"Girya"}],"event_choices":[{"damage_healed":33,"gold_gain":0,"player_choice":"Full Heal","damage_taken":0,"max_hp_gain":0,"max_hp_loss":0,"event_name":"Wheel of Change","floor":4,"gold_loss":0},{"damage_healed":0,"gold_gain":65,"player_choice":"Gained Gold","damage_taken":0,"max_hp_gain":0,"max_hp_loss":0,"event_name":"Golden Wing","floor":7,"gold_loss":0},{"damage_healed":134,"gold_gain":0,"player_choice":"Leave","damage_taken":0,"max_hp_gain":0,"max_hp_loss":140,"event_name":"betterThird:BetterShining","floor":8,"gold_loss":0},{"damage_healed":0,"gold_gain":0,"player_choice":"Searched \u00273\u0027 times","damage_taken":0,"relics_obtained":["Akabeko"],"max_hp_gain":0,"max_hp_loss":0,"event_name":"Dead Adventurer","floor":12,"gold_loss":0}],"is_beta":false,"boss_relics":[{"not_picked":["SacredBark","Tiny House"],"picked":"PoemPanic:PoemPanicRelic"}],"items_purged_floors":[],"is_endless":false,"potions_floor_spawned":[10,12,16],"killed_by":"Shell Parasite","ascension_level":0}}