{"host":"qf6a1vkjx65tfr1z","time":1610703493,"event":{"mods":["2.2 Compatiblity","Aspiration","BaseMod","CCEM","Card Forge","Colored Map","Colorless Booster Pack","Conspire","Custom Start","Defuse TimeMaze Blight","Dota2Spire","Downfall","Duelist Mod","Energized Spire","Friendly Minions","GifTheSpireLib","Glutton Mod","Halation","Hubris","Hunter ??","Infinite Spire","Jedi Mod","Koishi","LagranYue(???·?)","Magitek Elite","Marisa????????","Minty Spire (QoL Compilation)","Quick Restart","Rare Cards Sparkle","RatMod","Relic Filter","Replay The Spire","RumiaBox-????????","Shop Mod","Small Relic Pack","Somnambulant","Spikes Relics","StSLib","Stuff the Spire","Td1madao Mod","The Accelerator","The Bug Knight","The Construct","The Cursed","The Mystic","The Necromancer","The Sage","The Saiyan","The Servant 0.9.4","The Witch","Transform Curses","Unceasing Turn Reminder","Yuyuko","vexMod","??????REMEMod"],"gold_per_floor":[115,115,127,127,127,163,183,213,213,213,238,248,248,271,271,376,376,390,405,405],"floor_reached":19,"language":"ENG","playtime":3023,"items_purged":[],"score":606,"play_id":"20da4647-7817-4ef3-8f2b-344eafac5a46","local_time":"20210115043813","is_ascension_mode":true,"campfire_choices":[{"data":"Defend System","floor":15,"key":"SMITH"},{"data":"Paralysis","floor":15,"key":"SMITH"},{"data":"E MP","floor":15,"key":"SMITH"},{"data":"theDuelist:RainbowMedicine","floor":15,"key":"SMITH"}],"circlet_count":0,"master_deck":["theDuelist:Nameless:Magic:SpiralSpearStrike+2","theDuelist:Nameless:Magic:SpiralSpearStrike+2","theDuelist:RainbowMedicine+4","theDuelist:RainbowMedicine+4","theDuelist:RainbowMedicine+1","theDuelist:SpiralSpearStrike+3","theDuelist:SpiralSpearStrike+3","theDuelist:OrbToken+1","theDuelist:OrbToken+1","E MP+1","Paralysis+1","Defend System+1","Rupture","theDuelist:SpiralSpearStrike+1","theDuelist:SpiralSpearStrike","theDuelist:SpiralSpearStrike"],"relics":["Apod","Hammer of Thor","Seething Fire","Anvil of the Gods","Apod","Dota2Spire:AghanimScepter","AncientExoskeleton","Replay:Antivirus Software","Replay:Arrowhead","Blue Candle","StuffTheSpire:DarkSteelAnvil","hubris:MedicalManual","Medical Kit","REME_LimitBreaker","halation:PenCase","relicPack:OneForAll","Bronze Scales","halation:OrihimeAndHikoboshiSamaAndTears","ReplayFunnel","Guardian:PocketSentry","Golden Idol"],"acts_visited":["Exordium","TheCity"],"potions_floor_usage":[],"damage_taken":[{"damage":0,"enemies":"Jaw Worm","floor":1,"turns":2},{"damage":0,"enemies":"2 Louse","floor":3,"turns":1},{"damage":0,"enemies":"Replay:BlueRogue","floor":6,"turns":4},{"damage":0,"enemies":"Small Slimes","floor":7,"turns":3},{"damage":0,"enemies":"3 Sentries","floor":8,"turns":2},{"damage":0,"enemies":"Gremlin Nob","floor":11,"turns":2},{"damage":0,"enemies":"Blue Slaver","floor":12,"turns":1},{"damage":0,"enemies":"Large Slime","floor":14,"turns":2},{"damage":0,"enemies":"Fading Forest","floor":16,"turns":7},{"damage":0,"enemies":"2 Thieves","floor":18,"turns":2},{"damage":1,"enemies":"Chosen","floor":19,"turns":3}],"seed_played":"3383128588656550482","potions_obtained":[{"floor":6,"key":"BlessingOfTheForge"},{"floor":16,"key":"Swift Potion"}],"is_trial":true,"path_per_floor":["M","$","M","?","?","E","M","E","T","$","E","M","?","M","R","B",null,"M","M"],"character_chosen":"TD1MADAO_CLASS","items_purchased":[],"campfire_rested":0,"item_purchase_floors":[],"current_hp_per_floor":[60,60,60,65,65,65,72,72,72,72,72,72,47,47,47,51,67,67,66,66],"gold":405,"neow_bonus":"","is_daily":false,"chose_seed":false,"campfire_upgraded":4,"win_rate":0.0,"timestamp":1610703493,"path_taken":["M","$","M","?","?","E","M","E","T","$","E","?","?","M","R","BOSS","M","M"],"items_purchased_type":[],"build_version":"2020-12-22","purchased_purges":0,"victory":false,"max_hp_per_floor":[67,67,67,72,72,72,72,72,72,72,72,72,72,72,72,72,72,72,72,72],"card_choices":[{"not_picked":["Fire Blade","Rupture"],"picked":"E MP","floor":1},{"not_picked":["Gravity Defend","Cursed Blade","Provocative"],"picked":"SKIP","floor":3},{"not_picked":["Black Hand","Optimization"],"picked":"Paralysis","floor":6},{"not_picked":["Three Hit","Fire Up","Cursed Blade"],"picked":"SKIP","floor":7},{"not_picked":["Cursed Blade","Judgment","Pod Fire"],"picked":"SKIP","floor":8},{"not_picked":["Black Dance","Oblique Hack"],"picked":"Defend System","floor":11},{"not_picked":["Afterwards","Light Attack","Sudden Beat"],"picked":"SKIP","floor":12},{"not_picked":["White Contract","Sudden Beat","Revenge"],"picked":"SKIP","floor":14},{"not_picked":["Fire Up","Resistance","Recovery Mechanism"],"picked":"SKIP","floor":18},{"not_picked":["Fire Blade","Bugfix+1"],"picked":"Rupture","floor":19}],"player_experience":117879,"relics_obtained":[{"floor":6,"key":"Bronze Scales"},{"floor":8,"key":"halation:OrihimeAndHikoboshiSamaAndTears"},{"floor":9,"key":"ReplayFunnel"},{"floor":11,"key":"Guardian:PocketSentry"}],"event_choices":[{"damage_healed":0,"gold_gain":0,"player_choice":"Donut","damage_taken":0,"max_hp_gain":5,"max_hp_loss":0,"event_name":"Big Fish","floor":4,"gold_loss":0},{"damage_healed":0,"gold_gain":0,"player_choice":"Take Damage","damage_taken":25,"relics_obtained":["Golden Idol"],"max_hp_gain":0,"max_hp_loss":0,"event_name":"Golden Idol","floor":13,"gold_loss":0}],"is_beta":false,"boss_relics":[{"not_picked":["vexMod:FluxCapacitor","ReplayTheSpireMod:SealedPack","energizedSpire:EnergizedDie"]}],"items_purged_floors":[],"is_endless":false,"potions_floor_spawned":[3,6,8,16,18],"killed_by":"Chosen","ascension_level":17}}