{"host":"l4kdldlios54gl54","time":1610679158,"event":{"mods":["AchievementEnabler","BaseMod","Colored Map","Colored Powertips","Minty Spire (QoL Compilation)","Random Character Button"],"gold_per_floor":[114,133,144,69,80,80,110,129,129,141,141,12,12,22,22,22,22],"floor_reached":16,"language":"ENG","playtime":779,"items_purged":["Strike_P","Strike_P"],"score":203,"play_id":"d3b10a8a-f02e-4b11-956b-98d9551fcc73","local_time":"20210115035238","is_ascension_mode":true,"campfire_choices":[{"floor":6,"key":"REST"},{"floor":11,"key":"REST"},{"floor":15,"key":"REST"}],"circlet_count":0,"master_deck":["AscendersBane","Strike_P","Strike_P","Defend_P","Defend_P","Defend_P","Defend_P","Eruption","Vigilance","Meditate","EmptyFist","EmptyFist","Scrawl","Protect","EmptyBody"],"relics":["PureWater","Dream Catcher","Question Card","Art of War"],"acts_visited":["Exordium"],"potions_floor_usage":[7,16,16],"damage_taken":[{"damage":9,"enemies":"Jaw Worm","floor":1,"turns":5},{"damage":0,"enemies":"2 Louse","floor":2,"turns":4},{"damage":21,"enemies":"Small Slimes","floor":3,"turns":4},{"damage":0,"enemies":"2 Fungi Beasts","floor":5,"turns":2},{"damage":22,"enemies":"3 Sentries","floor":7,"turns":9},{"damage":4,"enemies":"Exordium Thugs","floor":8,"turns":4},{"damage":15,"enemies":"3 Louse","floor":10,"turns":4},{"damage":1,"enemies":"Large Slime","floor":14,"turns":4},{"damage":52,"enemies":"Hexaghost","floor":16,"turns":11}],"seed_played":"1013286879830567837","potions_obtained":[{"floor":1,"key":"EssenceOfSteel"},{"floor":3,"key":"SteroidPotion"},{"floor":5,"key":"CultistPotion"},{"floor":8,"key":"Weak Potion"}],"is_trial":false,"path_per_floor":["M","M","M","$","M","R","E","M","T","M","R","$","?","M","R","B"],"character_chosen":"WATCHER","items_purchased":["EmptyBody"],"campfire_rested":3,"item_purchase_floors":[12],"current_hp_per_floor":[52,52,31,31,31,51,29,25,25,10,30,30,30,29,49,0,0],"gold":22,"neow_bonus":"RANDOM_COMMON_RELIC","is_daily":false,"chose_seed":false,"campfire_upgraded":0,"win_rate":0.0,"timestamp":1610679158,"path_taken":["M","M","M","$","M","R","E","M","T","M","R","$","?","M","R","BOSS"],"items_purchased_type":["Card"],"build_version":"2020-12-22","purchased_purges":2,"victory":false,"max_hp_per_floor":[68,68,68,68,68,68,68,68,68,68,68,68,68,68,68,68,68],"card_choices":[{"not_picked":["SandsOfTime","EmptyMind","MentalFortress"],"picked":"SKIP","floor":1},{"not_picked":["MentalFortress","InnerPeace"],"picked":"Meditate","floor":2},{"not_picked":["WreathOfFlame","JustLucky"],"picked":"EmptyFist","floor":3},{"not_picked":["JustLucky","FollowUp"],"picked":"EmptyFist","floor":5},{"not_picked":["Prostrate","JustLucky"],"picked":"Scrawl","floor":7},{"not_picked":["ClearTheMind","ForeignInfluence","SandsOfTime","CutThroughFate"],"picked":"SKIP","floor":8},{"not_picked":["WindmillStrike","PathToVictory","BowlingBash","CutThroughFate"],"picked":"SKIP","floor":10},{"not_picked":["InnerPeace","EmptyBody","Halt"],"picked":"Protect","floor":11},{"not_picked":["DeusExMachina","ClearTheMind","Nirvana","Pray"],"picked":"SKIP","floor":14}],"player_experience":857234,"relics_obtained":[{"floor":7,"key":"Question Card"},{"floor":9,"key":"Art of War"}],"event_choices":[{"damage_healed":0,"gold_gain":0,"player_choice":"Searched \u00270\u0027 times","damage_taken":0,"max_hp_gain":0,"max_hp_loss":0,"event_name":"Dead Adventurer","floor":13,"gold_loss":0}],"is_beta":false,"boss_relics":[],"items_purged_floors":[4,12],"is_endless":false,"potions_floor_spawned":[1,3,5,8],"killed_by":"Hexaghost","ascension_level":19}}