{"host":"51fyd6gkml7xavq8","time":1610745794,"event":{"mods":["BaseMod","BetterRewards","Colored Map","Energized Spire","Infinite Spire","Minty Spire (QoL Compilation)","Replay The Spire","Shop Mod","Spicy Shops","StSLib","The Blue Laboratory","[IsaacMod]????"],"gold_per_floor":[124,124,141,162,187,222,222,57,57,89,89,109,148,163,163,279,279,308,63,88,122,221,221,250,250,250,283,397,453,453,503,503,601,601,621,638,648,667,811,882,882,900,900,900,935,1089,1089,1124,1124,1138],"floor_reached":51,"language":"ENG","playtime":3952,"items_purged":["Doubt","Dualcast","Delirium","ReplayTheSpireMod:GoodbyeWorld","Clumsy","Strike_B","Strike_B"],"score":1495,"play_id":"af2987c4-9fc9-482a-b4c2-7f0bea8306f9","local_time":"20210115182314","is_ascension_mode":true,"campfire_choices":[{"data":"EpicFetus","floor":7.0,"key":"SMITH"},{"floor":15.0,"key":"REST"},{"data":"ReplayTheSpireMod:Calculation Training","floor":23.0,"key":"SMITH"},{"data":"Defragment","floor":25.0,"key":"SMITH"},{"data":"Cold Snap","floor":30.0,"key":"SMITH"},{"data":"Core Surge","floor":32.0,"key":"SMITH"},{"data":"Core Surge","floor":41.0,"key":"SMITH"},{"data":"ReplayTheSpireMod:Faulty Equipment","floor":44.0,"key":"SMITH"},{"data":"Madness","floor":47.0,"key":"SMITH"},{"data":"ReplayTheSpireMod:Fabricate Wheel","floor":49.0,"key":"SMITH"}],"circlet_count":1,"master_deck":["Strike_B","Strike_B","Defend_B","Defend_B","Defend_B+1","Defend_B","EpicFetus+1","FIFO Queue","ReplayTheSpireMod:Calculation Training+1","ReplayTheSpireMod:Repulse+1","Core Surge+1","Cold Snap+1","Defragment+1","CurseOfTheBell","Consume+1","FIFO Queue","Core Surge+1","Madness+1","Rainbow"],"relics":["Cracked Core","HushsDoor","SalivaCoin","White Beast Statue","PokeGo","TheBean","MerchantsRug","HornCleat","Strange Spoon","ReplayFunnel","MealTicket","ReplayTheSpireMod:TigerMarble","Bronze Scales","Ornamental Fan","YumHeart","Membership Card","Chemical X","infinitespire:PuzzleCube","ReplayTheSpireMod:Ninjato","PunchingBag","Eternal Feather","Nunchaku","Ancient Tea Set","infinitespire:EmpoweringShard","MoneyPower","SteamSale","OrangePellets","DeathBook","Cables","Question Card","Circlet","Prayer Wheel","Bottled Lightning","FossilizedHelix","Toolbox","AnarchistCookbook","ReplayTheSpireMod:Lightbulb","Chaos","Replay:Bottled Snecko","NineVolt","Prayer Wheel"],"acts_visited":["Exordium","TheCity","TheBeyond"],"potions_floor_usage":[50],"damage_taken":[{"damage":12.0,"enemies":"Jaw Worm","floor":1.0,"turns":4.0},{"damage":3.0,"enemies":"Small Slimes","floor":4.0,"turns":4.0},{"damage":2.0,"enemies":"Cultist","floor":5.0,"turns":4.0},{"damage":0.0,"enemies":"Lagavulin","floor":6.0,"turns":5.0},{"damage":0.0,"enemies":"3 Sentries","floor":10.0,"turns":3.0},{"damage":0.0,"enemies":"3 Louse","floor":12.0,"turns":2.0},{"damage":11.0,"enemies":"Replay:BlueRogue","floor":13.0,"turns":6.0},{"damage":0.0,"enemies":"2 Fungi Beasts","floor":14.0,"turns":2.0},{"damage":9.0,"enemies":"Fading Forest","floor":16.0,"turns":11.0},{"damage":15.0,"enemies":"Spheric Guardian","floor":18.0,"turns":4.0},{"damage":13.0,"enemies":"2 Thieves","floor":20.0,"turns":4.0},{"damage":14.0,"enemies":"Snake Plant","floor":21.0,"turns":2.0},{"damage":19.0,"enemies":"Sentry and Sphere","floor":24.0,"turns":5.0},{"damage":17.0,"enemies":"3 Cultists","floor":27.0,"turns":4.0},{"damage":5.0,"enemies":"Colosseum Slavers","floor":28.0,"turns":2.0},{"damage":7.0,"enemies":"Colosseum Nobs","floor":28.0,"turns":3.0},{"damage":3.0,"enemies":"Slavers","floor":29.0,"turns":3.0},{"damage":10.0,"enemies":"Replay:Snechameleon","floor":31.0,"turns":4.0},{"damage":0.0,"enemies":"Collector","floor":33.0,"turns":7.0},{"damage":0.0,"enemies":"3 Shapes","floor":35.0,"turns":4.0},{"damage":0.0,"enemies":"Orb Walker","floor":36.0,"turns":2.0},{"damage":0.0,"enemies":"Writhing Mass","floor":37.0,"turns":4.0},{"damage":0.0,"enemies":"4 Shapes","floor":38.0,"turns":3.0},{"damage":25.0,"enemies":"Nemesis","floor":40.0,"turns":5.0},{"damage":8.0,"enemies":"Jaw Worm Horde","floor":42.0,"turns":3.0},{"damage":43.0,"enemies":"Transient","floor":45.0,"turns":5.0},{"damage":10.0,"enemies":"Giant Head","floor":48.0,"turns":6.0},{"damage":2,"enemies":"Awakened One","floor":50,"turns":7}],"seed_played":"-8475751204190700738","potions_obtained":[{"floor":1.0,"key":"Swift Potion"},{"floor":4.0,"key":"EssenceOfDarkness"},{"floor":5.0,"key":"FearPotion"},{"floor":6.0,"key":"Strength Potion"},{"floor":10.0,"key":"blueLaboratory:CorrosionFlask"},{"floor":12.0,"key":"EssenceOfDarkness"},{"floor":13.0,"key":"ColorlessPotion"},{"floor":14.0,"key":"Elixir"},{"floor":16.0,"key":"LifebloodPotion"},{"floor":18.0,"key":"blueLaboratory:BottleOfVodka"},{"floor":20.0,"key":"blueLaboratory:BiasPotion"},{"floor":21.0,"key":"blueLaboratory:CoolantVial"},{"floor":24.0,"key":"blueLaboratory:CoolantVial"},{"floor":27.0,"key":"ColorlessPotion"},{"floor":28.0,"key":"SpeedPotion"},{"floor":29.0,"key":"blueLaboratory:EnragingPotion"},{"floor":31.0,"key":"PowerPotion"},{"floor":33.0,"key":"FocusPotion"},{"floor":36.0,"key":"Explosive Potion"},{"floor":37.0,"key":"PotionOfCapacity"},{"floor":38.0,"key":"AttackPotion"},{"floor":40.0,"key":"FocusPotion"},{"floor":42.0,"key":"blueLaboratory:FrostheartPotion"},{"floor":45.0,"key":"blueLaboratory:NullPotion"},{"floor":48.0,"key":"PowerPotion"}],"is_trial":false,"path_per_floor":["M","?","$","M","M","E","R","$","T","E","?","M","E","M","R","B",null,"M","$","M","M","?","R","M","R","T","M","?","E","R","E","R","B",null,"M","M","M","M","$","E","R","M","T","R","M","$","R","E","R","B",null],"character_chosen":"DEFECT","items_purchased":["White Beast Statue","PokeGo","TheBean","MerchantsRug","ReplayTheSpireMod:Calculation Training","Strange Spoon","Membership Card","Chemical X","infinitespire:PuzzleCube","Cold Snap","SteamSale","OrangePellets","DeathBook","Cables","Dead Branch","Strawberry","blueLaboratory:RememoryPotion","Explosive Potion","blueLaboratory:BottledHope","Adrenaline Potion","FIFO Queue","ColorlessPotion","AttackPotion","blueLaboratory:BottleOfRum","blueLaboratory:LouseDecoction","FossilizedHelix","Toolbox","AnarchistCookbook","ReplayTheSpireMod:Lightbulb","Chaos","Replay:Bottled Snecko","Madness"],"campfire_rested":1,"item_purchase_floors":[0,0,0,0,8,8,19,19,19,19,39,39,39,39,39,39,39,39,39,39,39,46,46,46,46,46,46,46,46,46,46,46],"current_hp_per_floor":[24,24,24,21,19,19,19,19,19,19,19,19,8,8,30,33,65,55,70,75,61,61,61,42,42,42,25,38,35,44,34,43,43,67,67,67,67,67,82,57,66,67,67,76,73,82,82,72,81,79],"gold":1138,"neow_bonus":"","is_daily":false,"chose_seed":false,"campfire_upgraded":9,"win_rate":0.0,"timestamp":1610745794,"path_taken":["M","?","$","M","M","E","R","$","T","E","?","M","E","M","R","BOSS","M","$","M","M","?","R","M","R","T","M","?","E","R","E","R","BOSS","M","M","M","M","$","E","R","M","T","R","M","$","R","E","R","BOSS"],"items_purchased_type":["Relic","Relic","Relic","Relic","Card","Relic","Relic","Relic","Relic","Card","Relic","Relic","Relic","Relic","Relic","Relic","Potion","Potion","Potion","Potion","Card","Potion","Potion","Potion","Potion","Relic","Relic","Relic","Relic","Card","Relic","Card"],"build_version":"2020-12-22","purchased_purges":7,"victory":true,"max_hp_per_floor":[75,75,75,75,75,75,75,75,75,75,75,75,75,75,75,75,75,75,75,75,75,75,75,75,75,75,75,75,75,75,75,75,75,75,75,75,75,75,82,82,82,82,82,82,82,82,82,82,82,82],"card_choices":[{"not_picked":[],"picked":"EpicFetus","floor":0.0},{"not_picked":["FIFO Queue","Beam Cell","Rebound"],"picked":"SKIP","floor":1.0},{"not_picked":["BasicCrystalCard","ReplayTheSpireMod:Reroute Power"],"picked":"ReplayTheSpireMod:GoodbyeWorld","floor":4.0},{"not_picked":["Steam Power","Beam Cell"],"picked":"Bomb","floor":5.0},{"not_picked":["Panic Button","Sunder"],"picked":"FIFO Queue","floor":6.0},{"not_picked":["Go for the Eyes","Ball Lightning","ReplayTheSpireMod:Repulse"],"picked":"SKIP","floor":10.0},{"not_picked":["Hologram","Cold Snap"],"picked":"Bomb","floor":12.0},{"not_picked":["Auto Shields","Time Bomb","Compile Driver"],"picked":"SKIP","floor":13.0},{"not_picked":["Darkness","Pulse","Recycle"],"picked":"SKIP","floor":14.0},{"not_picked":["Buffer","Mirror Shield"],"picked":"Core Surge","floor":16.0},{"not_picked":["AbeCurse","Parasite"],"picked":"Clumsy","floor":17.0},{"not_picked":["CommonCold","ReplayTheSpireMod:Splinters"],"picked":"Delirium","floor":17.0},{"not_picked":["AbeCurse","Pain"],"picked":"ReplayTheSpireMod:Faulty Equipment","floor":17.0},{"not_picked":["Streamline","Hologram","FTL+1"],"picked":"SKIP","floor":18.0},{"not_picked":["Ball Lightning","Go for the Eyes","BasicCrystalCard"],"picked":"SKIP","floor":20.0},{"not_picked":["Sunder","Turbo+1","Ball Lightning"],"picked":"SKIP","floor":21.0},{"not_picked":["BasicCrystalCard","Chill"],"picked":"Defragment","floor":24.0},{"not_picked":["Machine Learning","Genetic Algorithm","Go for the Eyes"],"picked":"SKIP","floor":27.0},{"not_picked":["Machine Learning","Genetic Algorithm","Go for the Eyes"],"picked":"SKIP","floor":27.0},{"not_picked":["Glacier","Distribution","Turbo"],"picked":"SKIP","floor":29.0},{"not_picked":["Hologram","ReplaySolidLightProjector","Static Discharge"],"picked":"SKIP","floor":31.0},{"not_picked":["Hologram+1","White Noise+1"],"picked":"Consume+1","floor":35.0},{"not_picked":["White Noise+1","Pulse+1","Auto Shields+1"],"picked":"SKIP","floor":36.0},{"not_picked":["Conserve Battery+1","Stack+1","Rebound+1"],"picked":"SKIP","floor":37.0},{"not_picked":["Compile Driver","BasicCrystalCard+1","Beam Cell+1"],"picked":"SKIP","floor":38.0},{"not_picked":["Go for the Eyes+1","Scrape+1","Core Surge"],"picked":"SKIP","floor":40.0},{"not_picked":["Go for the Eyes+1","Scrape+1"],"picked":"Core Surge","floor":40.0},{"not_picked":["Reinforced Body","Fan+1","FIFO Queue+1","Coolheaded"],"picked":"SKIP","floor":42.0},{"not_picked":["Steam","Conserve Battery+1","Stack+1","Lockon"],"picked":"SKIP","floor":42.0},{"not_picked":["Capacitor","Crystallizer","Hello World","Barrage"],"picked":"SKIP","floor":45.0},{"not_picked":["Gash+1","Consume","Turbo","Blizzard+1"],"picked":"SKIP","floor":45.0},{"not_picked":["Tempest+1","Sunder","Sweeping Beam+1"],"picked":"ReplayTheSpireMod:Fabricate Wheel","floor":48.0}],"player_experience":541361,"relics_obtained":[{"floor":6.0,"key":"HornCleat"},{"floor":9.0,"key":"ReplayFunnel"},{"floor":10.0,"key":"MealTicket"},{"floor":13.0,"key":"ReplayTheSpireMod:TigerMarble"},{"floor":26.0,"key":"ReplayTheSpireMod:Ninjato"},{"floor":28.0,"key":"PunchingBag"},{"floor":28.0,"key":"Eternal Feather"},{"floor":29.0,"key":"Nunchaku"},{"floor":31.0,"key":"D4"},{"floor":34.0,"key":"Ancient Tea Set"},{"floor":34.0,"key":"infinitespire:EmpoweringShard"},{"floor":34.0,"key":"MoneyPower"},{"floor":40.0,"key":"Question Card"},{"floor":43.0,"key":"Bottled Lightning"},{"floor":48.0,"key":"NineVolt"}],"event_choices":[{"damage_healed":0.0,"max_hp_gain":0.0,"max_hp_loss":0.0,"gold_gain":99.0,"event_name":"Nest","player_choice":"Stole From Cult","floor":22.0,"gold_loss":0.0,"damage_taken":0.0},{"damage_healed":0.0,"max_hp_gain":0.0,"max_hp_loss":0.0,"gold_gain":0.0,"event_name":"Colosseum","player_choice":"Fight","floor":28.0,"gold_loss":0.0,"damage_taken":0.0},{"damage_healed":0.0,"max_hp_gain":0.0,"max_hp_loss":0.0,"gold_gain":0.0,"event_name":"Colosseum","player_choice":"Fought Nobs","floor":28.0,"gold_loss":0.0,"damage_taken":0.0}],"is_beta":false,"boss_relics":[{"not_picked":["ReplayTheSpireMod:SealedPack","ReplayTheSpireMod:DimensionalGlitch"],"picked":"Replay:Ancient Bell"},{"not_picked":["Bag of Preparation","Juzu Bracelet"],"picked":"Bronze Scales"},{"not_picked":["Divine Protection","Solar Panel"],"picked":"Ornamental Fan"},{"not_picked":["Durian","D6"],"picked":"YumHeart"},{"not_picked":[]},{"not_picked":["Painkiller Herb","Sozu"],"picked":"Calling Bell"},{"not_picked":[]}],"items_purged_floors":[0,0,19,19,39,39,46],"is_endless":false,"potions_floor_spawned":[1,4,5,6,10,12,13,14,16,18,20,21,24,27,28,28,29,31,33,35,36,37,38,40,42,45,48],"ascension_level":6}}