{"host":"qm4rv4rkpk76sbxu","time":1610723114,"event":{"mods":["BaseMod","Bestiary","Block Reminder","DeckTracker","Filter the Spire","Keyboard Shortcuts","Minty Spire (QoL Compilation)","MonsterHotkey","Quick Restart","Relic Stats","Slay-I","StSLib","ojb\u0027s Better Paths Mod","ojb\u0027s Info Mod"],"gold_per_floor":[111,61,61,77,77,113,128,153,153,153,194,218,218,253,253,382,382,402,402,402,94,48,82,82,126,175,214,233,254,254,353,353,478,478,501,501,451,451,472,507,527,527,527,563,581,581,601,662,662,662,662,662,64,98,98,98],"floor_reached":55,"language":"ENG","playtime":1959,"items_purged":["Strike_P+1","BowlingBash","Pain"],"score":1210,"play_id":"4494ea3d-05d3-486a-8c86-bdf20cb00d55","local_time":"20210115160514","is_ascension_mode":true,"campfire_choices":[{"data":"Eruption","floor":10,"key":"SMITH"},{"data":"FlurryOfBlows","floor":13,"key":"SMITH"},{"data":"Scrawl","floor":15,"key":"SMITH"},{"data":"Vigilance","floor":24,"key":"SMITH"},{"data":"Vengeance","floor":30,"key":"SMITH"},{"data":"Wireheading","floor":32,"key":"SMITH"},{"data":"MentalFortress","floor":42,"key":"SMITH"},{"data":"ThirdEye","floor":46,"key":"SMITH"},{"floor":49,"key":"RECALL"},{"floor":52,"key":"REST"}],"circlet_count":0,"master_deck":["Strike_P+1","Strike_P+1","Strike_P+1","Defend_P+1","Defend_P+1","Defend_P+1","Eruption+1","Vigilance+1","Vengeance+1","EmptyFist+1","FlurryOfBlows+1","Scrawl+1","Ragnarok+1","MentalFortress+1","ThirdEye+1","Wireheading+1","Consecrate+1","ForeignInfluence+1","Adaptation+1","Nirvana","Sanctity+1","CrushJoints"],"relics":["PureWater","Ancient Tea Set","Golden Idol","Ornamental Fan","PreservedInsect","Bottled Lightning","Happy Flower","Mercury Hourglass","Black Star","Bag of Preparation","Smiling Mask","Bottled Flame","Mummified Hand","Blue Candle","Pen Nib","Shuriken","Whetstone","Busted Crown","WarpedTongs","Dream Catcher","StrikeDummy","Anchor","Centennial Puzzle","Vajra","Akabeko","Medical Kit","Pantograph","Sundial","War Paint"],"acts_visited":["Exordium","TheCity","TheBeyond","TheEnding"],"potions_floor_usage":[16,23,25,44,55,55,55],"damage_taken":[{"damage":5,"enemies":"Small Slimes","floor":1,"turns":6},{"damage":0,"enemies":"Jaw Worm","floor":4,"turns":2},{"damage":28,"enemies":"3 Sentries","floor":6,"turns":9},{"damage":0,"enemies":"2 Louse","floor":7,"turns":2},{"damage":6,"enemies":"Exordium Wildlife","floor":8,"turns":3},{"damage":0,"enemies":"Gremlin Nob","floor":11,"turns":2},{"damage":3,"enemies":"Red Slaver","floor":12,"turns":2},{"damage":0,"enemies":"Lagavulin","floor":14,"turns":3},{"damage":27,"enemies":"Hexaghost","floor":16,"turns":5},{"damage":0,"enemies":"Shell Parasite","floor":18,"turns":2},{"damage":6,"enemies":"Book of Stabbing","floor":23,"turns":3},{"damage":8,"enemies":"Slavers","floor":25,"turns":2},{"damage":0,"enemies":"Book of Stabbing","floor":27,"turns":2},{"damage":0,"enemies":"Spheric Guardian","floor":28,"turns":1},{"damage":0,"enemies":"Shelled Parasite and Fungi","floor":29,"turns":2},{"damage":0,"enemies":"Champ","floor":33,"turns":4},{"damage":0,"enemies":"3 Shapes","floor":35,"turns":3},{"damage":1,"enemies":"3 Darklings","floor":39,"turns":2},{"damage":1,"enemies":"Giant Head","floor":40,"turns":3},{"damage":0,"enemies":"Sphere and 2 Shapes","floor":41,"turns":2},{"damage":1,"enemies":"Reptomancer","floor":44,"turns":2},{"damage":1,"enemies":"Spire Growth","floor":45,"turns":2},{"damage":1,"enemies":"Writhing Mass","floor":47,"turns":2},{"damage":1,"enemies":"Giant Head","floor":48,"turns":2},{"damage":1,"enemies":"Awakened One","floor":50,"turns":5},{"damage":0,"enemies":"Shield and Spear","floor":54,"turns":2},{"damage":83,"enemies":"The Heart","floor":55,"turns":5}],"seed_played":"-7935072689605298858","potions_obtained":[{"floor":4,"key":"Dexterity Potion"},{"floor":6,"key":"AttackPotion"},{"floor":12,"key":"DuplicationPotion"},{"floor":14,"key":"StancePotion"},{"floor":16,"key":"BlessingOfTheForge"},{"floor":23,"key":"FearPotion"},{"floor":27,"key":"StancePotion"},{"floor":33,"key":"Swift Potion"},{"floor":44,"key":"Regen Potion"},{"floor":47,"key":"PowerPotion"}],"is_trial":false,"path_per_floor":["M","?","?","M","T","E","M","M","T","R","E","M","R","E","R","B",null,"M","?","?","$","$","E","R","E","T","E","M","M","R","?","R","B",null,"M","?","$","?","M","E","M","R","T","E","M","R","M","E","R","B",null,"R","$","E","B"],"character_chosen":"WATCHER","items_purchased":["MentalFortress","Bag of Preparation","BowlingBash","Medical Kit","Nirvana","Sanctity","Pantograph"],"campfire_rested":1,"item_purchase_floors":[21,21,22,53,53,53,53],"current_hp_per_floor":[67,67,67,67,67,39,39,33,33,33,33,30,30,30,30,3,67,67,67,67,67,67,61,61,53,53,53,53,53,53,53,53,53,67,67,67,67,67,66,65,65,65,65,64,63,63,62,61,61,60,67,67,67,67,0,0],"gold":98,"neow_bonus":"RANDOM_COMMON_RELIC","is_daily":false,"chose_seed":false,"campfire_upgraded":8,"win_rate":0.0,"timestamp":1610723114,"path_taken":["M","?","?","M","?","E","M","M","T","R","E","M","R","E","R","BOSS","M","?","?","?","$","E","R","E","T","E","M","?","R","?","R","BOSS","M","?","$","?","?","E","M","R","T","E","M","R","M","E","R","BOSS","R","$","E","BOSS"],"items_purchased_type":["Card","Relic","Card","Relic","Card","Card","Relic"],"build_version":"2020-12-22","purchased_purges":3,"victory":false,"max_hp_per_floor":[72,72,67,67,67,67,67,67,67,67,67,67,67,67,67,67,67,67,67,67,67,67,67,67,67,67,67,67,67,67,67,67,67,67,67,67,67,67,67,67,67,67,67,67,67,67,67,67,67,67,67,67,67,67,67,67],"relic_stats":{"Happy Flower":[18],"counters":[27,79],"Golden Idol":201,"Blue Candle":[7],"PreservedInsect":550,"Pen Nib":[15],"Bag of Preparation":[34],"Whetstone":["Ragnarok","EmptyFist"],"War Paint":["Sanctity"],"Smiling Mask":125,"Medical Kit":[3],"Mercury Hourglass":[170],"WarpedTongs":[16],"Dream Catcher":1,"Centennial Puzzle":[9],"Busted Crown":20,"Ornamental Fan":[200],"Mummified Hand":[46],"Shuriken":[34],"Sundial":[0],"Pantograph":0,"Black Star":7,"obtain_stats":[{"Vajra":48,"Bag of Preparation":21,"Whetstone":27,"Ancient Tea Set":0,"Smiling Mask":23,"Dream Catcher":40,"Centennial Puzzle":44,"Mummified Hand":25,"Sundial":54,"Pantograph":53,"Happy Flower":11,"Golden Idol":3,"Blue Candle":25,"PreservedInsect":6,"Pen Nib":26,"War Paint":54,"Medical Kit":53,"Akabeko":48,"Mercury Hourglass":14,"WarpedTongs":38,"Bottled Flame":23,"Anchor":44,"Busted Crown":34,"Ornamental Fan":5,"Shuriken":27,"Black Star":17,"Bottled Lightning":9,"PureWater":0,"StrikeDummy":40},{"Vajra":24,"Bag of Preparation":10,"Whetstone":13,"Ancient Tea Set":0,"Smiling Mask":11,"Dream Catcher":19,"Centennial Puzzle":21,"Mummified Hand":12,"Sundial":26,"Pantograph":25,"Happy Flower":6,"Golden Idol":1,"Blue Candle":12,"PreservedInsect":3,"Pen Nib":12,"War Paint":26,"Medical Kit":25,"Akabeko":24,"Mercury Hourglass":8,"WarpedTongs":17,"Bottled Flame":11,"Anchor":21,"Busted Crown":16,"Ornamental Fan":2,"Shuriken":13,"Black Star":9,"Bottled Lightning":5,"PureWater":0,"StrikeDummy":19},{"Vajra":67,"Bag of Preparation":36,"Whetstone":43,"Ancient Tea Set":0,"Smiling Mask":39,"Dream Catcher":57,"Centennial Puzzle":61,"Mummified Hand":41,"Sundial":74,"Pantograph":72,"Happy Flower":24,"Golden Idol":6,"Blue Candle":41,"PreservedInsect":17,"Pen Nib":41,"War Paint":74,"Medical Kit":72,"Akabeko":67,"Mercury Hourglass":29,"WarpedTongs":52,"Bottled Flame":39,"Anchor":61,"Busted Crown":50,"Ornamental Fan":8,"Shuriken":43,"Black Star":34,"Bottled Lightning":22,"PureWater":0,"StrikeDummy":57}]},"card_choices":[{"not_picked":["Halt","Evaluate","DeceiveReality"],"picked":"SKIP","floor":1},{"not_picked":["EmptyFist","Crescendo"],"picked":"Vengeance","floor":4},{"not_picked":["Indignation","JustLucky"],"picked":"EmptyFist","floor":6},{"not_picked":["Halt","FollowUp"],"picked":"FlurryOfBlows","floor":7},{"not_picked":["Conclude","FlyingSleeves","FollowUp"],"picked":"SKIP","floor":8},{"not_picked":["Conclude","FlyingSleeves","FollowUp"],"picked":"SKIP","floor":8},{"not_picked":["EmptyFist","JustLucky"],"picked":"BowlingBash","floor":11},{"not_picked":["Crescendo","Protect","EmptyBody"],"picked":"SKIP","floor":12},{"not_picked":["FlurryOfBlows","JustLucky"],"picked":"Scrawl","floor":14},{"not_picked":["MasterReality","ConjureBlade"],"picked":"Ragnarok","floor":16},{"not_picked":["Swivel","FollowUp","SandsOfTime+1"],"picked":"SKIP","floor":18},{"not_picked":["Pray","EmptyBody"],"picked":"ThirdEye","floor":23},{"not_picked":["BowlingBash+1","DeceiveReality","FollowUp"],"picked":"SKIP","floor":25},{"not_picked":["SignatureMove+1","Perseverance","ClearTheMind"],"picked":"SKIP","floor":27},{"not_picked":["ClearTheMind","Collect","Indignation+1"],"picked":"SKIP","floor":28},{"not_picked":["Perseverance","WreathOfFlame+1"],"picked":"Wireheading","floor":29},{"not_picked":["EmptyBody+1"],"picked":"SKIP","floor":35},{"not_picked":[],"picked":"Consecrate+1","floor":39},{"not_picked":["WreathOfFlame+1"],"picked":"SKIP","floor":40},{"not_picked":["FlyingSleeves"],"picked":"SKIP","floor":41},{"not_picked":[],"picked":"ForeignInfluence+1","floor":44},{"not_picked":["EmptyFist+1"],"picked":"SKIP","floor":45},{"not_picked":["Evaluate+1"],"picked":"SKIP","floor":47},{"not_picked":["Vengeance"],"picked":"SKIP","floor":48},{"not_picked":["Vengeance"],"picked":"SKIP","floor":48},{"not_picked":["Vengeance"],"picked":"SKIP","floor":48},{"not_picked":[],"picked":"Adaptation+1","floor":52},{"not_picked":[],"picked":"CrushJoints","floor":54}],"player_experience":1306043,"relics_obtained":[{"floor":5,"key":"Ornamental Fan"},{"floor":6,"key":"PreservedInsect"},{"floor":9,"key":"Bottled Lightning"},{"floor":11,"key":"Happy Flower"},{"floor":14,"key":"Mercury Hourglass"},{"floor":23,"key":"Smiling Mask"},{"floor":23,"key":"Bottled Flame"},{"floor":25,"key":"Mummified Hand"},{"floor":25,"key":"Blue Candle"},{"floor":26,"key":"Pen Nib"},{"floor":27,"key":"Shuriken"},{"floor":27,"key":"Whetstone"},{"floor":40,"key":"Dream Catcher"},{"floor":40,"key":"StrikeDummy"},{"floor":44,"key":"Anchor"},{"floor":44,"key":"Centennial Puzzle"},{"floor":48,"key":"Vajra"},{"floor":48,"key":"Akabeko"},{"floor":54,"key":"Sundial"},{"floor":54,"key":"War Paint"}],"event_choices":[{"cards_removed":["Defend_P"],"damage_healed":0,"gold_gain":0,"player_choice":"Card Removal","damage_taken":0,"max_hp_gain":0,"max_hp_loss":0,"event_name":"The Cleric","floor":2,"gold_loss":50},{"damage_healed":0,"gold_gain":0,"player_choice":"Lose Max HP","damage_taken":0,"relics_obtained":["Golden Idol"],"max_hp_gain":0,"max_hp_loss":5,"event_name":"Golden Idol","floor":3,"gold_loss":0},{"damage_healed":0,"gold_gain":0,"player_choice":"Simplicity","damage_taken":0,"max_hp_gain":0,"max_hp_loss":0,"event_name":"Back to Basics","floor":19,"gold_loss":0,"cards_upgraded":["Strike_P","Strike_P","Strike_P","Strike_P","Defend_P","Defend_P","Defend_P"]},{"damage_healed":0,"gold_gain":0,"player_choice":"Ignored","damage_taken":0,"max_hp_gain":0,"max_hp_loss":0,"event_name":"Vampires","floor":20,"gold_loss":0},{"damage_healed":0,"gold_gain":99,"player_choice":"Stole From Cult","damage_taken":0,"max_hp_gain":0,"max_hp_loss":0,"event_name":"Nest","floor":31,"gold_loss":0},{"cards_removed":["BowlingBash"],"damage_healed":0,"gold_gain":0,"player_choice":"Removed Attack","damage_taken":0,"max_hp_gain":0,"max_hp_loss":0,"event_name":"Falling","floor":36,"gold_loss":0},{"damage_healed":0,"gold_gain":0,"player_choice":"Rummage","damage_taken":0,"relics_obtained":["WarpedTongs"],"max_hp_gain":0,"max_hp_loss":0,"event_name":"Accursed Blacksmith","floor":38,"gold_loss":0,"cards_obtained":["Pain"]}],"is_beta":false,"boss_relics":[{"not_picked":["Sozu","VioletLotus"],"picked":"Black Star"},{"not_picked":["Runic Dome","Runic Pyramid"],"picked":"Busted Crown"}],"items_purged_floors":[21,37,53],"is_endless":false,"potions_floor_spawned":[4,6,12,14,16,23,27,33,44,47,48],"killed_by":"The Heart","ascension_level":1}}