{"host":"udyc8f81k2jocuhg","time":1610733611,"event":{"mods":["2.2 Compatiblity","BaseMod","Better Third Choice","Colored Powertips","Conspire","Custom Start","GifTheSpireLib","Hermit","Minty Spire (QoL Compilation)","Permanent Neow","Quick Restart","Relic Filter","Relic Stats","Replay The Spire","Shop Mod","Spikes Relics","StSLib","Stuff the Spire"],"gold_per_floor":[114,132,151,70,85,85,118,118,118,118,118],"floor_reached":10,"language":"ENG","playtime":322,"items_purged":[],"score":129,"play_id":"03b2bdd5-0c03-4003-b548-1e547892d3a4","local_time":"20210115190011","is_ascension_mode":true,"campfire_choices":[{"data":"Zap","floor":6,"key":"SMITH"},{"data":"Creative AI","floor":8,"key":"SMITH"}],"circlet_count":0,"master_deck":["AscendersBane","Strike_B","Strike_B","Strike_B","Strike_B","Defend_B","Defend_B","Defend_B","Defend_B","Zap+1","Dualcast","Loop","Leap","Capacitor","Cold Snap","Creative AI+1"],"relics":["Cracked Core","Ice Cream","RetroEgg"],"acts_visited":["Exordium"],"potions_floor_usage":[10],"damage_taken":[{"damage":0,"enemies":"2 Louse","floor":1,"turns":2},{"damage":1,"enemies":"Cultist","floor":2,"turns":3},{"damage":5,"enemies":"Small Slimes","floor":3,"turns":3},{"damage":13,"enemies":"Blue Slaver","floor":5,"turns":4},{"damage":36,"enemies":"3 Sentries","floor":7,"turns":10},{"damage":26,"enemies":"Gremlin Nob","floor":10,"turns":3}],"seed_played":"-2735021692542810246","potions_obtained":[{"floor":1,"key":"Cursed Concoction"},{"floor":3,"key":"Dexterity Potion"}],"is_trial":false,"path_per_floor":["M","M","M","$","M","R","E","R","T","E"],"character_chosen":"DEFECT","items_purchased":["Capacitor"],"campfire_rested":0,"item_purchase_floors":[4],"current_hp_per_floor":[64,63,58,58,45,45,9,9,9,0,0],"gold":118,"neow_bonus":"ONE_RARE_RELIC","is_daily":false,"chose_seed":false,"campfire_upgraded":2,"win_rate":0.0,"timestamp":1610733611,"path_taken":["M","M","M","$","M","R","E","R","T","E"],"items_purchased_type":["Card"],"build_version":"2020-12-22","purchased_purges":0,"victory":false,"max_hp_per_floor":[64,64,64,64,64,64,64,64,64,64,64],"relic_stats":{"counters":[6,25],"obtain_stats":[{"Ice Cream":0,"RetroEgg":7,"Cracked Core":0},{"Ice Cream":0,"RetroEgg":5,"Cracked Core":0},{"Ice Cream":0,"RetroEgg":22,"Cracked Core":0}]},"card_choices":[{"not_picked":["Reprogram","Stack","Panic Button"],"picked":"SKIP","floor":1},{"not_picked":["StuffTheSpire:SnapShoot","BasicCrystalCard"],"picked":"Loop","floor":2},{"not_picked":["Go for the Eyes","Hello World"],"picked":"Leap","floor":3},{"not_picked":["Steam Power","StuffTheSpire:LoadUp"],"picked":"Cold Snap","floor":5},{"not_picked":["StuffTheSpire:Synthwave","Stack"],"picked":"Creative AI","floor":7}],"player_experience":2000035,"relics_obtained":[{"floor":7,"key":"RetroEgg"}],"event_choices":[],"is_beta":false,"boss_relics":[],"items_purged_floors":[],"is_endless":false,"potions_floor_spawned":[1,3,7],"killed_by":"Gremlin Nob","ascension_level":18}}