{"host":"0vlubjftylzdr3ny","time":1610747189,"event":{"mods":["Always Whale","BaseMod","Downfall","GifTheSpireLib","Minty Spire (QoL Compilation)","Relic Filter","Replay The Spire","StSLib","The Dragon Tamer"],"gold_per_floor":[214,233,233,253,266,601,205,205,251,231,231,251,251,25,25,25,25,25],"floor_reached":16,"language":"ENG","playtime":1142,"items_purged":["DTMod:Strike","DTMod:TargetDefense"],"score":100,"play_id":"1a580250-21c8-4d87-9249-af994a700fd5","local_time":"20210115224629","is_ascension_mode":false,"metric_token":595,"campfire_choices":[{"data":"DTMod:SwitchingTactic","floor":8,"key":"SMITH"},{"data":"expansioncontent:Corrupt","floor":11,"key":"SMITH"},{"data":"DTMod:MagicField","floor":13,"key":"SMITH"},{"data":"DTMod:Training","floor":15,"key":"SMITH"}],"dtmod_dragon_data":[0,50,-1,-1,0,0],"circlet_count":0,"master_deck":["DTMod:Strike","DTMod:Strike","DTMod:Strike","DTMod:DoubleHit","DTMod:TargetDefense","DTMod:TargetDefense","DTMod:TargetDefense","DTMod:SwitchingTactic+1","DTMod:Training+1","DTMod:FlameSlash","DTMod:Coolant+1","DTMod:DeepFocus+1","expansioncontent:Corrupt+1","DTMod:MagicField+1","ReplayUltimateDefense","ReplayTheSpireMod:Necrogeddon","Replay:Bootleg Shield Generator"],"relics":["DTMod:PactStone","Lizard Tail","Old Coin","Guide Book","Bag of Preparation","ReplayTheSpireMod:ShopPack"],"acts_visited":["Exordium"],"potions_floor_usage":[],"damage_taken":[{"damage":0,"enemies":"Cultist","floor":1,"turns":3},{"damage":0,"enemies":"2 Louse","floor":2,"turns":3},{"damage":0,"enemies":"Jaw Worm","floor":4,"turns":4},{"damage":0,"enemies":"Lots of Slimes","floor":5,"turns":3},{"damage":19,"enemies":"Lagavulin","floor":6,"turns":10},{"damage":0,"enemies":"2 Fungi Beasts","floor":12,"turns":3},{"damage":29,"enemies":"The Guardian","floor":16,"turns":12}],"seed_played":"-2118601596505667563","potions_obtained":[{"floor":2,"key":"Energy Potion"},{"floor":6,"key":"champ:CounterPotion"},{"floor":10,"key":"Milkshake"}],"is_trial":false,"path_per_floor":["M","M","?","M","M","E","$","R","T","?","R","M","R","$","R","B"],"character_chosen":"THE_DT","items_purchased":["Guide Book","expansioncontent:Corrupt","ReplayTheSpireMod:ShopPack"],"campfire_rested":0,"item_purchase_floors":[7,7,14],"current_hp_per_floor":[45,45,45,45,45,26,26,26,26,26,26,26,26,26,26,22,22,22],"gold":25,"neow_bonus":"HUNDRED_GOLD","is_daily":false,"chose_seed":false,"campfire_upgraded":4,"win_rate":0.0,"timestamp":1610747189,"path_taken":["M","?","?","?","M","E","$","R","T","?","R","?","R","?","R","BOSS"],"items_purchased_type":["Relic","Card","Relic"],"build_version":"2020-12-22","purchased_purges":2,"victory":false,"max_hp_per_floor":[45,45,45,45,45,45,45,45,45,45,45,45,45,45,45,45,45,45],"card_choices":[{"not_picked":["DTMod:Cover","DTMod:Dissolve"],"picked":"DTMod:Training","floor":1},{"not_picked":["DTMod:BurningEnergy","DTMod:Weaken"],"picked":"DTMod:FlameSlash","floor":2},{"not_picked":["DTMod:Cover","DTMod:FlameSlash","DTMod:BlazingStrike"],"picked":"SKIP","floor":4},{"not_picked":["DTMod:CrossStep","DTMod:PurifyingFlame"],"picked":"DTMod:Coolant","floor":5},{"not_picked":["DTMod:Adaptation","DTMod:Conduct"],"picked":"DTMod:DeepFocus","floor":6},{"not_picked":["DTMod:CleansingStrike","DTMod:BizarreTactic"],"picked":"DTMod:MagicField","floor":12},{"not_picked":["The Bomb","expansioncontent:QuickStudy"],"picked":"ReplayUltimateDefense","floor":14},{"not_picked":["expansioncontent:YouAreMine","Transmutation"],"picked":"ReplayTheSpireMod:Necrogeddon","floor":14},{"not_picked":["Chrysalis","expansioncontent:Sear"],"picked":"Replay:Bootleg Shield Generator","floor":14}],"player_experience":863162,"relics_obtained":[{"floor":6,"key":"Old Coin"},{"floor":9,"key":"Bag of Preparation"}],"event_choices":[{"damage_healed":0,"gold_gain":0,"player_choice":"Gave Potion","damage_taken":0,"relics_obtained":["Lizard Tail"],"max_hp_gain":0,"max_hp_loss":0,"event_name":"WeMeetAgain","floor":3,"gold_loss":0},{"damage_healed":0,"gold_gain":0,"player_choice":"Bought 1 Potion","damage_taken":0,"max_hp_gain":0,"max_hp_loss":0,"event_name":"The Woman in Blue","floor":10,"gold_loss":0}],"is_beta":false,"boss_relics":[],"items_purged_floors":[7,14],"is_endless":false,"potions_floor_spawned":[2,6],"killed_by":"The Guardian","ascension_level":0}}