{"host":"1c52r9kaxdyo25eq","time":1610738599,"event":{"mods":["AchievementEnabler","BaseMod","Minty Spire (QoL Compilation)","Rare Cards Sparkle","SuperFastMode","everything is the same but u backflip on backflip"],"gold_per_floor":[114,39,39,58,78,78,98,98,98,112,123,123,151,171,171,171,171],"floor_reached":16,"language":"KOR","playtime":353,"items_purged":["Defend_G"],"score":208,"play_id":"d5d47e90-b664-4785-83dd-be5ebe3a74b4","local_time":"20210116042319","is_ascension_mode":true,"campfire_choices":[{"data":"Deadly Poison","floor":6,"key":"SMITH"},{"floor":8,"key":"REST"},{"floor":15,"key":"REST"}],"circlet_count":0,"master_deck":["AscendersBane","Strike_G","Strike_G","Strike_G+1","Strike_G","Strike_G","Defend_G","Defend_G+1","Defend_G","Defend_G","Survivor","Neutralize","Deadly Poison+1","Caltrops","Prepared","Well Laid Plans","Acrobatics"],"relics":["Ring of the Snake","Bag of Preparation","Mercury Hourglass","Question Card","Happy Flower"],"acts_visited":["Exordium"],"potions_floor_usage":[13,13],"damage_taken":[{"damage":1.0,"enemies":"Cultist","floor":1.0,"turns":3.0},{"damage":0.0,"enemies":"Small Slimes","floor":4.0,"turns":3.0},{"damage":7,"enemies":"Jaw Worm","floor":5,"turns":5},{"damage":30,"enemies":"Exordium Wildlife","floor":7,"turns":3},{"damage":2,"enemies":"Looter","floor":10,"turns":4},{"damage":6,"enemies":"Red Slaver","floor":11,"turns":3},{"damage":4,"enemies":"Lagavulin","floor":13,"turns":6},{"damage":1,"enemies":"Exordium Wildlife","floor":14,"turns":3},{"damage":13,"enemies":"Hexaghost","floor":16,"turns":9}],"seed_played":"2760762520896589493","potions_obtained":[{"floor":1.0,"key":"SkillPotion"},{"floor":4,"key":"BlessingOfTheForge"}],"is_trial":false,"path_per_floor":["M","$","?","M","M","R","M","R","T","M","M","?","E","M","R","B"],"character_chosen":"THE_SILENT","items_purchased":[],"campfire_rested":2,"item_purchase_floors":[],"current_hp_per_floor":[58,58,38,38,31,31,1,20,20,18,12,12,8,7,26,13,13],"gold":171,"neow_bonus":"RANDOM_COMMON_RELIC","is_daily":false,"chose_seed":false,"campfire_upgraded":1,"win_rate":0.0,"timestamp":1610738599,"path_taken":["M","?","?","M","M","R","M","R","T","M","M","?","E","?","R","BOSS"],"items_purchased_type":[],"build_version":"2020-12-22","purchased_purges":1,"victory":false,"max_hp_per_floor":[66,66,66,66,66,66,66,66,66,66,66,66,66,66,66,66,66],"card_choices":[{"not_picked":["All Out Attack","Quick Slash"],"picked":"Deadly Poison","floor":1.0},{"not_picked":["Noxious Fumes","Dash"],"picked":"Caltrops","floor":4},{"not_picked":["Terror","Quick Slash"],"picked":"Prepared","floor":5},{"not_picked":["Quick Slash","Underhanded Strike","Sucker Punch"],"picked":"SKIP","floor":7},{"not_picked":["Dagger Spray","Dagger Throw"],"picked":"Well Laid Plans","floor":10},{"not_picked":["Concentrate","Sucker Punch","Bullet Time"],"picked":"SKIP","floor":11},{"not_picked":["Underhanded Strike","Cloak And Dagger","Bane","Deadly Poison"],"picked":"SKIP","floor":13},{"not_picked":["Outmaneuver","Poisoned Stab","Reflex"],"picked":"Acrobatics","floor":14}],"player_experience":589122,"relics_obtained":[{"floor":9,"key":"Mercury Hourglass"},{"floor":12,"key":"Question Card"},{"floor":13,"key":"Happy Flower"}],"event_choices":[{"damage_healed":0.0,"max_hp_gain":0.0,"max_hp_loss":0.0,"gold_gain":0.0,"event_name":"Shining Light","player_choice":"Entered Light","floor":3.0,"gold_loss":0.0,"damage_taken":20.0,"cards_upgraded":["Strike_G","Defend_G"]},{"damage_healed":0,"gold_gain":0,"player_choice":"Relic","damage_taken":0,"max_hp_gain":0,"max_hp_loss":0,"event_name":"Wheel of Change","floor":12,"gold_loss":0}],"is_beta":false,"boss_relics":[],"items_purged_floors":[2],"is_endless":false,"potions_floor_spawned":[1,4,10],"killed_by":"Hexaghost","ascension_level":20}}