{"host":"dgf4n6lo35jtjz0c","time":1610703165,"event":{"mods":["AchievementEnabler","BaseMod","Bestiary","Colored Powertips","Minty Spire (QoL Compilation)"],"gold_per_floor":[111,111,127,147,97,97,109,109,132,57,68,68,18,18,18,141,141,141,141],"floor_reached":18,"language":"ENG","playtime":493,"items_purged":["Strike_P"],"score":150,"play_id":"acaa8d29-aa12-4bf8-ba95-dbc977148889","local_time":"20210115203245","is_ascension_mode":false,"campfire_choices":[{"data":"Eruption","floor":6.0,"key":"SMITH"},{"floor":8.0,"key":"REST"},{"floor":15,"key":"REST"}],"circlet_count":0,"master_deck":["Strike_P","Strike_P","Strike_P","Defend_P","Defend_P","Defend_P","Defend_P+1","Eruption+1","Vigilance","TalkToTheHand","PathToVictory","Tantrum","FlurryOfBlows+1","PathToVictory","FlurryOfBlows","Establishment"],"relics":["Runic Pyramid","Centennial Puzzle","Bag of Preparation","Golden Idol","SlaversCollar"],"acts_visited":["Exordium","TheCity"],"potions_floor_usage":[18],"damage_taken":[{"damage":6.0,"enemies":"Jaw Worm","floor":1.0,"turns":3.0},{"damage":3.0,"enemies":"Small Slimes","floor":3.0,"turns":2.0},{"damage":16.0,"enemies":"Cultist","floor":4.0,"turns":4.0},{"damage":0.0,"enemies":"Large Slime","floor":7.0,"turns":4.0},{"damage":5,"enemies":"Looter","floor":11,"turns":2},{"damage":25,"enemies":"The Guardian","floor":16,"turns":5},{"damage":10,"enemies":"Shell Parasite","floor":18,"turns":2}],"seed_played":"8214815026086446786","potions_obtained":[{"floor":1.0,"key":"SkillPotion"},{"floor":3.0,"key":"AttackPotion"}],"is_trial":false,"path_per_floor":["M","?","M","M","?","R","M","R","T","$","M","?","$","?","R","B",null,"M"],"character_chosen":"WATCHER","items_purchased":["FlurryOfBlows"],"campfire_rested":2,"item_purchase_floors":[13],"current_hp_per_floor":[66,66,63,47,47,47,47,68,68,68,63,45,45,31,52,27,72,62,62],"gold":141,"neow_bonus":"BOSS_RELIC","is_daily":false,"chose_seed":false,"campfire_upgraded":1,"win_rate":0.0,"timestamp":1610703165,"path_taken":["M","?","M","M","?","R","M","R","T","$","M","?","?","?","R","BOSS","M"],"items_purchased_type":["Card"],"build_version":"2020-12-22","purchased_purges":1,"victory":false,"max_hp_per_floor":[72,72,72,72,72,72,72,72,72,72,72,72,72,72,72,72,72,72,72],"card_choices":[{"not_picked":["Protect","Vengeance"],"picked":"TalkToTheHand","floor":1.0},{"not_picked":["Protect","Consecrate"],"picked":"PathToVictory","floor":3.0},{"not_picked":["Protect","Worship"],"picked":"Tantrum","floor":4.0},{"not_picked":["Prostrate","Consecrate"],"picked":"FlurryOfBlows","floor":7.0},{"not_picked":["Consecrate","ReachHeaven"],"picked":"PathToVictory","floor":11},{"not_picked":["DeusExMachina","Devotion"],"picked":"Establishment","floor":16}],"player_experience":112813,"relics_obtained":[{"floor":9.0,"key":"Bag of Preparation"}],"event_choices":[{"damage_healed":0.0,"max_hp_gain":0.0,"max_hp_loss":0.0,"gold_gain":0.0,"event_name":"Big Fish","player_choice":"Box","floor":2.0,"gold_loss":0.0,"damage_taken":0.0,"relics_obtained":["Centennial Puzzle"],"cards_obtained":["Regret"]},{"cards_removed":["Regret"],"damage_healed":0.0,"max_hp_gain":0.0,"max_hp_loss":0.0,"gold_gain":0.0,"event_name":"The Cleric","player_choice":"Card Removal","floor":5.0,"gold_loss":50.0,"damage_taken":0.0},{"damage_healed":0,"gold_gain":0,"player_choice":"Take Damage","damage_taken":18,"relics_obtained":["Golden Idol"],"max_hp_gain":0,"max_hp_loss":0,"event_name":"Golden Idol","floor":12,"gold_loss":0},{"damage_healed":0,"gold_gain":0,"player_choice":"Entered Light","damage_taken":14,"max_hp_gain":0,"max_hp_loss":0,"event_name":"Shining Light","floor":14,"gold_loss":0,"cards_upgraded":["FlurryOfBlows","Defend_P"]}],"is_beta":false,"boss_relics":[{"not_picked":["Tiny House","Black Star"],"picked":"SlaversCollar"}],"items_purged_floors":[10],"is_endless":false,"potions_floor_spawned":[1,3],"killed_by":"Shell Parasite","ascension_level":0}}