{"host":"1fgbilnqahig8ycc","time":1610673419,"event":{"mods":["AchievementEnabler","BaseMod","Bestiary","Better Match","Better Vampires","BetterRewards","Colored Map","Colored Powertips","Dark Map","Downfall","Energized Spire","Friendly Minions","Hermit","Hubris","Jorbs\u0027s Wanderer Trilogy","Minty Spire (QoL Compilation)","Quick Restart","Rare Cards Sparkle","Relic Stats","Replay The Spire","Spicy Shops","StSLib","The Administrix","The Bug Knight","The Cursed","The Gatherer","The Hierophant","The Marked","The Servant 0.9.4","TheBandit"],"gold_per_floor":[360,62,98,129,304,346,296,296,296,315,132,154,154,154,154,154,154],"floor_reached":16,"language":"ENG","playtime":816,"items_purged":["Shame"],"score":125,"play_id":"7977f76e-16da-4e0a-9125-9dfb481a03c4","local_time":"20210114171659","is_ascension_mode":false,"campfire_choices":[{"data":"hierophant:ChurchCoffers","floor":8,"key":"SMITH"},{"data":"hierophant:RustyCrate","floor":13,"key":"SMITH"},{"data":"hierophant:Cornucopia","floor":15,"key":"SMITH"}],"circlet_count":0,"master_deck":["hierophant:Strike_Hierophant","hierophant:Strike_Hierophant","hierophant:Strike_Hierophant","hierophant:Strike_Hierophant","hierophant:Punish","hierophant:Defend_Hierophant","hierophant:Defend_Hierophant","hierophant:Defend_Hierophant","hierophant:Defend_Hierophant","hierophant:ChurchCoffers+1","hierophant:Empathy","hierophant:Cornucopia+1","hierophant:Encroach","hierophant:Doubloon","hierophant:Dazzle","hierophant:Charity","hierophant:Doubloon","hierophant:RustyCrate+1","hierophant:Doubloon","hierophant:Doubloon"],"relics":["hierophant:PropheticMaskRelic","Bag of Preparation","Replay:Baseball","Blue Doll","Orichalcum"],"acts_visited":["Exordium"],"potions_floor_usage":[6,6,16],"damage_taken":[{"damage":6,"enemies":"Cultist","floor":1,"turns":3},{"damage":6,"enemies":"Jaw Worm","floor":3,"turns":7},{"damage":0,"enemies":"Small Slimes","floor":4,"turns":3},{"damage":23,"enemies":"Gremlin Nob","floor":6,"turns":4},{"damage":0,"enemies":"3 Louse","floor":10,"turns":1},{"damage":1,"enemies":"Red Slaver","floor":12,"turns":4},{"damage":41,"enemies":"Fading Forest","floor":16,"turns":9}],"seed_played":"3452115563187901765","potions_obtained":[{"floor":1,"key":"Strength Potion"},{"floor":4,"key":"Cursed Concoction"},{"floor":10,"key":"SpeedPotion"},{"floor":12,"key":"Venom Potion"}],"is_trial":false,"path_per_floor":["M","$","M","M","?","E","?","R","T","M","$","M","R","?","R","B"],"character_chosen":"HIEROPHANT","items_purchased":["Bag of Preparation","hierophant:Cornucopia","hierophant:Charity","Blue Doll"],"campfire_rested":0,"item_purchase_floors":[2,2,11,11],"current_hp_per_floor":[69,69,63,63,63,40,40,40,40,40,40,39,39,21,21,0,0],"gold":154,"neow_bonus":"TWO_FIFTY_GOLD","is_daily":false,"chose_seed":false,"campfire_upgraded":3,"win_rate":0.0,"timestamp":1610673419,"path_taken":["M","$","?","M","?","E","?","R","T","M","$","?","R","?","R","BOSS"],"items_purchased_type":["Relic","Card","Card","Relic"],"build_version":"2020-12-22","purchased_purges":1,"victory":false,"max_hp_per_floor":[75,75,75,75,75,75,75,75,75,75,75,75,75,75,75,75,75],"relic_stats":{"counters":[7,31],"Bag of Preparation":[12],"Orichalcum":[24],"obtain_stats":[{"Replay:Baseball":6,"hierophant:PropheticMaskRelic":0,"Blue Doll":11,"Bag of Preparation":2,"Orichalcum":14},{"Replay:Baseball":4,"hierophant:PropheticMaskRelic":0,"Blue Doll":5,"Bag of Preparation":1,"Orichalcum":6},{"Replay:Baseball":17,"hierophant:PropheticMaskRelic":0,"Blue Doll":18,"Bag of Preparation":3,"Orichalcum":22}]},"card_choices":[{"not_picked":["hierophant:Mercenaries","hierophant:Purify"],"picked":"hierophant:Empathy","floor":1},{"not_picked":["hierophant:HammerAndAnvil","hierophant:SealAway","hierophant:Prophecy"],"picked":"SKIP","floor":3},{"not_picked":["hierophant:ThreeLashes","hierophant:ArchangelShield"],"picked":"hierophant:Encroach","floor":4},{"not_picked":["hierophant:RustyCrate","hierophant:SealAway","hierophant:Encroach"],"picked":"SKIP","floor":6},{"not_picked":["hierophant:ArchangelShield","hierophant:Encroach"],"picked":"hierophant:Dazzle","floor":10},{"not_picked":["hierophant:ThreeLashes","hierophant:Exaltation"],"picked":"hierophant:RustyCrate","floor":12}],"player_experience":387881,"relics_obtained":[{"floor":6,"key":"Replay:Baseball"}],"event_choices":[{"damage_healed":0,"gold_gain":175,"player_choice":"AGREE","damage_taken":0,"max_hp_gain":0,"max_hp_loss":0,"event_name":"Liars Game","floor":5,"gold_loss":0,"cards_obtained":["Doubt"]},{"cards_removed":["Doubt"],"damage_healed":0,"gold_gain":0,"player_choice":"Card Removal","damage_taken":0,"max_hp_gain":0,"max_hp_loss":0,"event_name":"The Cleric","floor":7,"gold_loss":50},{"damage_healed":0,"gold_gain":0,"player_choice":"Success","damage_taken":18,"relics_obtained":["Orichalcum"],"max_hp_gain":0,"max_hp_loss":0,"event_name":"Scrap Ooze","floor":14,"gold_loss":0}],"is_beta":false,"boss_relics":[],"items_purged_floors":[2],"is_endless":false,"potions_floor_spawned":[1,4,10,12],"killed_by":"Fading Forest","ascension_level":0}}