{"host":"thqiduxbvdpxj6l9","time":1610699231,"event":{"mods":["BaseMod","Better Third Choice","Minty Spire (QoL Compilation)","Shop Mod","StSLib","The Marked"],"gold_per_floor":[118,130,205,205,30,30,47,47,72,34,34,34,65,240,240,369,369,387,110,110,209,232,232,252,291,315,315,315,327,327,61,61,161,161,174,174,174,99,119,119,119,119,119,119,132,143,171,32,32,32],"floor_reached":51,"language":"ZHS","playtime":2419,"items_purged":["theMarked:Strike","Doubt","theMarked:Strike","theMarked:Defend"],"score":812,"play_id":"2e9c5cb0-d51e-4810-9fbf-e6905fdacb7b","local_time":"20210115162711","is_ascension_mode":false,"campfire_choices":[{"data":"theMarked:SoldierOfQuellstein","floor":6.0,"key":"SMITH"},{"data":"theMarked:EmpowerWeapon","floor":8.0,"key":"SMITH"},{"floor":15.0,"key":"REST"},{"data":"theMarked:AttractMetal","floor":23.0,"key":"SMITH"},{"floor":30.0,"key":"REST"},{"floor":32.0,"key":"DIG"},{"data":"theMarked:SummonStrength","floor":40.0,"key":"SMITH"},{"data":"theMarked:TurnInvisible","floor":42.0,"key":"SMITH"},{"floor":44.0,"key":"DIG"},{"data":"1","floor":49,"key":"LIFT"}],"circlet_count":0,"master_deck":["theMarked:Defend","theMarked:SoldierOfQuellstein+1","theMarked:EmpowerWeapon+1","theMarked:TurnInvisible+1","theMarked:EternalStudent+1","theMarked:ReduceFriction+1","theMarked:AttractMetal+1","theMarked:SummonStrength+1","theMarked:WastefulDefense","theMarked:FavorableWinds","theMarked:SwordAndMagic","Panache"],"relics":["theMarked:ArtifactOfAir","NeowsBlessing","Membership Card","Centennial Puzzle","Bloody Idol","Girya","theMarked:SpiritSword","Shovel","War Paint","Ancient Tea Set","Kunai","Pen Nib","MealTicket","Empty Cage","Sundial","StoneCalendar","Gambling Chip"],"acts_visited":["Exordium","TheCity","TheBeyond"],"potions_floor_usage":[],"damage_taken":[{"damage":0.0,"enemies":"Small Slimes","floor":1.0,"turns":1.0},{"damage":0.0,"enemies":"2 Louse","floor":2.0,"turns":1.0},{"damage":0.0,"enemies":"Jaw Worm","floor":7.0,"turns":1.0},{"damage":26.0,"enemies":"Lagavulin","floor":13.0,"turns":5.0},{"damage":8.0,"enemies":"The Guardian","floor":16.0,"turns":7.0},{"damage":0.0,"enemies":"Chosen","floor":18.0,"turns":4.0},{"damage":7.0,"enemies":"3 Byrds","floor":22.0,"turns":5.0},{"damage":12.0,"enemies":"Shelled Parasite and Fungi","floor":24.0,"turns":3.0},{"damage":26.0,"enemies":"Gremlin Leader","floor":25.0,"turns":6.0},{"damage":5.0,"enemies":"Sentry and Sphere","floor":29.0,"turns":3.0},{"damage":41.0,"enemies":"Automaton","floor":33.0,"turns":9.0},{"damage":4.0,"enemies":"3 Darklings","floor":35.0,"turns":6.0},{"damage":2.0,"enemies":"3 Shapes","floor":39.0,"turns":5.0},{"damage":0.0,"enemies":"Sphere and 2 Shapes","floor":45.0,"turns":3.0},{"damage":0.0,"enemies":"3 Darklings","floor":46.0,"turns":3.0},{"damage":1.0,"enemies":"Nemesis","floor":47.0,"turns":5.0},{"damage":13,"enemies":"Time Eater","floor":50,"turns":6}],"seed_played":"-1487411124493512432","potions_obtained":[{"floor":13.0,"key":"SneckoOil"},{"floor":29.0,"key":"Swift Potion"},{"floor":39.0,"key":"Explosive Potion"},{"floor":46.0,"key":"DuplicationPotion"}],"is_trial":false,"path_per_floor":["M","M","?","?","$","R","M","R","T","$","?","?","E","?","R","B",null,"M","$","?","?","M","R","M","E","T","?","?","M","R","$","R","B",null,"M","?","?","$","M","R","?","R","T","R","M","M","E","$","R","B",null],"character_chosen":"THE_DEFAULT","items_purchased":["Membership Card","theMarked:EmpowerWeapon","theMarked:EternalStudent","theMarked:ReduceFriction","Shovel","Kunai","Pen Nib","Panache","Dexterity Potion","Swift Potion"],"campfire_rested":2,"item_purchase_floors":[5,5,19,19,19,31,31,48,48,48],"current_hp_per_floor":[70,70,59,52,52,52,52,52,52,52,52,35,9,9,30,22,70,70,70,70,70,63,63,51,25,25,25,25,25,46,46,46,10,70,70,70,70,70,70,70,70,70,70,70,70,70,70,70,70,57],"gold":32,"neow_bonus":"THREE_ENEMY_KILL","is_daily":false,"chose_seed":false,"campfire_upgraded":5,"win_rate":0.0,"timestamp":1610699231,"path_taken":["M","M","?","?","$","R","M","R","T","$","?","?","E","?","R","BOSS","M","$","?","?","M","R","M","E","T","?","?","M","R","$","R","BOSS","M","?","?","?","?","R","?","R","T","R","?","M","E","$","R","BOSS"],"items_purchased_type":["Relic","Card","Card","Card","Relic","Relic","Relic","Card","Potion","Potion"],"build_version":"2020-12-22","purchased_purges":4,"victory":true,"max_hp_per_floor":[70,70,70,70,70,70,70,70,70,70,70,70,70,70,70,70,70,70,70,70,70,70,70,70,70,70,70,70,70,70,70,70,70,70,70,70,70,70,70,70,70,70,70,70,70,70,70,70,70,70],"card_choices":[{"not_picked":["theMarked:Static","theMarked:TwofoldDefense","theMarked:WastefulAttack"],"picked":"SKIP","floor":1.0},{"not_picked":["theMarked:ResourceFulStrike","theMarked:SelfDefenseTraining","theMarked:SwordAndMagic"],"picked":"SKIP","floor":2.0},{"not_picked":["theMarked:Electrocute","theMarked:TakeCover","theMarked:Improvise"],"picked":"SKIP","floor":7.0},{"not_picked":["theMarked:WardOff","theMarked:TwofoldDefense"],"picked":"theMarked:ChannelForce","floor":13.0},{"not_picked":["theMarked:Levitate","theMarked:Vacuum"],"picked":"theMarked:TurnInvisible","floor":16.0},{"not_picked":["theMarked:WardOff","theMarked:Generate","theMarked:Parry"],"picked":"SKIP","floor":18.0},{"not_picked":["theMarked:WardOff","theMarked:Generate","theMarked:Parry"],"picked":"SKIP","floor":18.0},{"not_picked":["theMarked:HeightenedSenses","theMarked:ElectricStrings","theMarked:SwordAndMagic"],"picked":"SKIP","floor":22.0},{"not_picked":["theMarked:ChainLightning","theMarked:MysticalArsenal","theMarked:Static+1"],"picked":"SKIP","floor":24.0},{"not_picked":["theMarked:ChainLightning+1","theMarked:WastefulAttack","theMarked:AttractMetal+1"],"picked":"SKIP","floor":25.0},{"not_picked":["theMarked:EmpowerWeapon","theMarked:TakeOffHeels","theMarked:SelfDefenseTraining"],"picked":"SKIP","floor":29.0},{"not_picked":["theMarked:EternalStudent","theMarked:UnarmedFury"],"picked":"theMarked:FavorableWinds","floor":33.0},{"not_picked":["theMarked:WastefulAttack","theMarked:Static","theMarked:Opportunist"],"picked":"SKIP","floor":35.0},{"not_picked":["theMarked:EmpowerWeapon","theMarked:Aftermath"],"picked":"theMarked:SwordAndMagic","floor":39.0},{"not_picked":["theMarked:ResourceFulStrike","theMarked:Parkour","theMarked:Improvise+1"],"picked":"SKIP","floor":45.0},{"not_picked":["theMarked:Seal+1","theMarked:WastefulAttack+1","theMarked:Overthink"],"picked":"SKIP","floor":46.0},{"not_picked":["theMarked:ShockingTouch+1","theMarked:ElectricStrings","theMarked:Defy"],"picked":"SKIP","floor":47.0}],"player_experience":38911,"relics_obtained":[{"floor":9.0,"key":"Centennial Puzzle"},{"floor":13.0,"key":"Girya"},{"floor":25.0,"key":"War Paint"},{"floor":26.0,"key":"Ancient Tea Set"},{"floor":32.0,"key":"MealTicket"},{"floor":43.0,"key":"Sundial"},{"floor":44.0,"key":"StoneCalendar"},{"floor":47.0,"key":"Gambling Chip"}],"event_choices":[{"damage_healed":0.0,"max_hp_gain":0.0,"max_hp_loss":0.0,"gold_gain":75.0,"event_name":"betterThird:BetterGoop","player_choice":"Gold","floor":3.0,"gold_loss":0.0,"damage_taken":11.0},{"cards_removed":["theMarked:Strike"],"damage_healed":0.0,"max_hp_gain":0.0,"max_hp_loss":0.0,"gold_gain":0.0,"event_name":"Golden Wing","player_choice":"Card Removal","floor":4.0,"gold_loss":0.0,"damage_taken":7.0},{"damage_healed":0.0,"max_hp_gain":0.0,"max_hp_loss":0.0,"gold_gain":0.0,"cards_transformed":["theMarked:Defend"],"event_name":"Living Wall","player_choice":"Change","floor":11.0,"gold_loss":0.0,"damage_taken":0.0,"cards_obtained":["theMarked:GodGivenPower"]},{"damage_healed":0.0,"max_hp_gain":0.0,"max_hp_loss":0.0,"gold_gain":0.0,"event_name":"Golden Idol","player_choice":"Take Damage","floor":12.0,"gold_loss":0.0,"damage_taken":17.0,"relics_obtained":["Golden Idol"]},{"damage_healed":0.0,"max_hp_gain":0.0,"max_hp_loss":0.0,"gold_gain":175.0,"event_name":"betterThird:BetterSerpent","player_choice":"AGREE","floor":14.0,"gold_loss":0.0,"damage_taken":65.0},{"damage_healed":0.0,"max_hp_gain":0.0,"max_hp_loss":0.0,"gold_gain":0.0,"event_name":"The Library","player_choice":"Read","floor":20.0,"gold_loss":0.0,"damage_taken":0.0,"cards_obtained":["theMarked:AttractMetal"]},{"damage_healed":0.0,"max_hp_gain":0.0,"max_hp_loss":0.0,"gold_gain":99.0,"event_name":"betterThird:BetterNest","player_choice":"Steal","floor":21.0,"gold_loss":0.0,"damage_taken":0.0},{"damage_healed":0.0,"max_hp_gain":0.0,"max_hp_loss":0.0,"gold_gain":0.0,"event_name":"Forgotten Altar","player_choice":"Gave Idol","floor":27.0,"relics_lost":["Golden Idol"],"gold_loss":0.0,"damage_taken":0.0,"relics_obtained":["Bloody Idol"]},{"damage_healed":0.0,"max_hp_gain":0.0,"max_hp_loss":0.0,"gold_gain":0.0,"cards_transformed":["theMarked:GodGivenPower","theMarked:Strike"],"event_name":"Drug Dealer","player_choice":"Became Test Subject","floor":28.0,"gold_loss":0.0,"damage_taken":0.0,"cards_obtained":["theMarked:SummonStrength","theMarked:WastefulDefense"]},{"damage_healed":0.0,"max_hp_gain":0.0,"max_hp_loss":0.0,"gold_gain":0.0,"event_name":"Mysterious Sphere","player_choice":"Ignored","floor":36.0,"gold_loss":0.0,"damage_taken":0.0},{"damage_healed":0.0,"max_hp_gain":0.0,"max_hp_loss":0.0,"gold_gain":0.0,"event_name":"SensoryStone","player_choice":"Memory 1","floor":37.0,"gold_loss":0.0,"damage_taken":0.0},{"cards_removed":["theMarked:Defend"],"damage_healed":0.0,"max_hp_gain":0.0,"max_hp_loss":0.0,"gold_gain":0.0,"event_name":"Purifier","player_choice":"Purged","floor":41.0,"gold_loss":0.0,"damage_taken":0.0}],"is_beta":false,"boss_relics":[{"not_picked":["Philosopher\u0027s Stone","Black Star"],"picked":"theMarked:SpiritSword"},{"not_picked":["SlaversCollar","Snecko Eye"],"picked":"Empty Cage"}],"items_purged_floors":[10,19,31,38],"is_endless":false,"potions_floor_spawned":[13,29,39,46],"ascension_level":0}}