{"host":"4ek4eq5z32z3zgvw","time":1610731142,"event":{"mods":["2.2 Compatiblity","AchievementEnabler","Act Like it!","AlwaysNeverKeys","Aspiration","BaseMod","Bestiary","Better Altar","Better Match","Better Note","Better Sensory Stone","Better Skull","Better Third Choice","BetterRewards","Block Reminder","Colored Map","Colored Powertips","Curses Come First","Dark Map","DeckTracker","Defuse TimeMaze Blight","Downfall","Energized Spire","Evolution","GifTheSpireLib","Halation","Hubris","Infinite Spire","Minty Spire (QoL Compilation)","Permanent Neow","Quick Restart","Rare Cards Sparkle","RatMod","Relic Filter","Relic Sorter","Relic Stats","Replay The Spire","Reworked Bosses","Shop Mod","Spicy Shops","Spikes Relics","StSLib","Stuff the Spire","SuperFastMode","Synergy Search","Uncapped","Unceasing Turn Reminder","Unknown Chances","UnlockEverythingMod","egg","vexMod"],"gold_per_floor":[113,113,128,128,45,45,45,45],"floor_reached":7,"language":"ENG","playtime":232,"items_purged":["ReplayTheSpireMod:Restless Dread"],"score":78,"play_id":"5e56d9e2-bbfc-4bcf-9231-65f7ddec60a5","local_time":"20210115111902","is_ascension_mode":true,"campfire_choices":[{"floor":6,"key":"REST"}],"circlet_count":0,"master_deck":["AscendersBane","Strike_G","Strike_G","Strike_G","Strike_G","Strike_G","Defend_G","Defend_G","Defend_G","Defend_G","Defend_G","Survivor","Neutralize","hubris:DuctTapeCard","PiercingWail","Riddle With Holes"],"relics":["Ring of the Snake","hubris:DuctTape","EVO:Axolotl","RollingBoulder","ReplayTheSpireMod:CursedCoin"],"acts_visited":["Exordium"],"potions_floor_usage":[],"damage_taken":[{"damage":16,"enemies":"Jaw Worm","floor":1,"turns":4},{"damage":9,"enemies":"Small Slimes","floor":3,"turns":4},{"damage":47,"enemies":"Lagavulin","floor":7,"turns":7}],"seed_played":"1097687405861696145","potions_obtained":[],"is_trial":false,"path_per_floor":["M","?","M","T","$","R","E"],"character_chosen":"THE_SILENT","items_purchased":["PiercingWail","ReplayTheSpireMod:CursedCoin","Riddle With Holes"],"campfire_rested":1,"item_purchase_floors":[5,5,5],"current_hp_per_floor":[43,25,16,16,16,35,0,0],"gold":45,"neow_bonus":"ONE_RANDOM_RARE_CARD","is_daily":false,"chose_seed":false,"campfire_upgraded":0,"win_rate":0.0,"timestamp":1610731142,"path_taken":["M","?","M","?","?","R","E"],"items_purchased_type":["Card","Relic","Card"],"build_version":"2020-12-22","purchased_purges":1,"victory":false,"max_hp_per_floor":[66,66,66,66,66,66,66,66],"relic_stats":{"counters":[3,15],"obtain_stats":[{"hubris:DuctTape":4,"ReplayTheSpireMod:CursedCoin":5,"RollingBoulder":2,"EVO:Axolotl":0,"Ring of the Snake":0},{"hubris:DuctTape":2,"ReplayTheSpireMod:CursedCoin":2,"RollingBoulder":1,"EVO:Axolotl":0,"Ring of the Snake":0},{"hubris:DuctTape":8,"ReplayTheSpireMod:CursedCoin":8,"RollingBoulder":4,"EVO:Axolotl":0,"Ring of the Snake":0}],"Ring of the Snake":[6]},"card_choices":[{"not_picked":["Caltrops","Flying Knee"],"picked":"StuffTheSpire:Python","floor":1},{"not_picked":["StuffTheSpire:BumpUp","Hidden Blade","Deflect"],"picked":"SKIP","floor":3}],"player_experience":625550,"relics_obtained":[{"floor":4,"key":"hubris:DuctTape"}],"event_choices":[{"damage_healed":0,"gold_gain":0,"player_choice":"Relic ","damage_taken":18,"max_hp_gain":0,"max_hp_loss":0,"event_name":"betterThird:BetterScrap","floor":2,"gold_loss":0,"cards_obtained":["Genetic Algorithm"]}],"is_beta":false,"boss_relics":[],"items_purged_floors":[5],"is_endless":false,"potions_floor_spawned":[],"killed_by":"Lagavulin","ascension_level":20}}