{"host":"xrbutm0tzv4qwo7u","time":1610733226,"event":{"mods":["AchievementEnabler","BaseMod","Colored Map","Colored Powertips","Dark Map","Hermit","Minty Spire (QoL Compilation)","Quick Restart","Rare Cards Sparkle","Relic Stats","StSLib","The Cursed","The Marked"],"gold_per_floor":[115,95,107,124,399,399,415,441,441,476,487,502,532,22,22,124,174,185,166,185,224,224,224,253,253,253,264,264,264,264,281,281,381,381,393,8,24,40,40,40,72,72,72,92,10,25,25,36,36,36,36],"floor_reached":50,"language":"ENG","playtime":3038,"items_purged":["Regret"],"score":621,"play_id":"9504a404-7b9a-455e-a2a1-d8515e1847bc","local_time":"20210115115346","is_ascension_mode":true,"campfire_choices":[{"data":"White Noise","floor":6,"key":"SMITH"},{"floor":15,"key":"REST"},{"data":"Creative AI","floor":23,"key":"SMITH"},{"floor":28,"key":"REST"},{"data":"Echo Form","floor":32,"key":"SMITH"},{"floor":40,"key":"REST"},{"data":"Magnetism","floor":42,"key":"SMITH"},{"floor":49,"key":"RECALL"}],"circlet_count":0,"master_deck":["Strike_B+1","Strike_B+1","Strike_B+1","Strike_B+1","Defend_B+1","Defend_B+1","Defend_B+1","Defend_B+1","Zap+1","Dualcast+1","Chill+1","Lockon+1","White Noise+1","Hologram+1","Ball Lightning+1","Coolheaded+1","Echo Form+1","Go for the Eyes+1","Self Repair+1","Magnetism+1","Stack+1","Undo+1","Gash+1","Creative AI+1","Sunder+1","Conserve Battery+1","Reinforced Body+1","Glacier+1","Chaos+1","Glacier+1","Streamline+1","Blizzard+1","Ghostly+1","Ghostly+1","Ghostly+1","Ghostly+1","Ghostly+1","Conserve Battery+1","Electrodynamics+1","Gash+1","Apotheosis+1","White Noise+1","Darkness+1","Consume+1","Streamline+1","Dark Shackles+1","Barrage+1","Coolheaded+1"],"relics":["Cracked Core","Boot","Bag of Preparation","Lizard Tail","Bottled Tornado","Tiny House","Turnip","Vajra","SacredBark","Lantern","Pen Nib","Smiling Mask","Mark of the Bloom"],"acts_visited":["Exordium","TheCity","TheBeyond"],"potions_floor_usage":[10,10,11,13,16,25,30,33,33,37,50,50,50],"damage_taken":[{"damage":6,"enemies":"2 Louse","floor":1,"turns":4},{"damage":0,"enemies":"Cultist","floor":3,"turns":4},{"damage":5,"enemies":"Small Slimes","floor":4,"turns":3},{"damage":3,"enemies":"Red Slaver","floor":7,"turns":3},{"damage":33,"enemies":"3 Sentries","floor":8,"turns":10},{"damage":4,"enemies":"Gremlin Nob","floor":10,"turns":3},{"damage":0,"enemies":"Gremlin Gang","floor":11,"turns":1},{"damage":0,"enemies":"Large Slime","floor":12,"turns":3},{"damage":16,"enemies":"Lagavulin","floor":13,"turns":7},{"damage":19,"enemies":"The Guardian","floor":16,"turns":10},{"damage":5,"enemies":"Spheric Guardian","floor":18,"turns":5},{"damage":6,"enemies":"2 Thieves","floor":19,"turns":5},{"damage":28,"enemies":"Shelled Parasite and Fungi","floor":20,"turns":9},{"damage":9,"enemies":"Snecko","floor":21,"turns":8},{"damage":42,"enemies":"Book of Stabbing","floor":24,"turns":12},{"damage":9,"enemies":"Chosen and Byrds","floor":25,"turns":6},{"damage":8,"enemies":"Snake Plant","floor":27,"turns":9},{"damage":0,"enemies":"Cultist and Chosen","floor":30,"turns":1},{"damage":12,"enemies":"Centurion and Healer","floor":31,"turns":7},{"damage":5,"enemies":"Collector","floor":33,"turns":11},{"damage":22,"enemies":"3 Darklings","floor":35,"turns":11},{"damage":12,"enemies":"Orb Walker","floor":37,"turns":5},{"damage":9,"enemies":"3 Darklings","floor":38,"turns":6},{"damage":14,"enemies":"Nemesis","floor":41,"turns":13},{"damage":2,"enemies":"Transient","floor":44,"turns":5},{"damage":5,"enemies":"Jaw Worm Horde","floor":46,"turns":7},{"damage":0,"enemies":"Sphere and 2 Shapes","floor":48,"turns":5},{"damage":43,"enemies":"Donu and Deca","floor":50,"turns":10}],"seed_played":"-477070592603886835","potions_obtained":[{"floor":1,"key":"SpeedPotion"},{"floor":2,"key":"EssenceOfSteel"},{"floor":3,"key":"SmokeBomb"},{"floor":10,"key":"Explosive Potion"},{"floor":12,"key":"SpeedPotion"},{"floor":17,"key":"EntropicBrew"},{"floor":19,"key":"FocusPotion"},{"floor":27,"key":"SmokeBomb"},{"floor":31,"key":"Fruit Juice"},{"floor":33,"key":"BlessingOfTheForge"},{"floor":37,"key":"CultistPotion"},{"floor":41,"key":"Block Potion"}],"is_trial":false,"path_per_floor":["M","?","M","M","?","R","M","E","T","E","M","M","E","$","R","B",null,"M","M","M","M","?","R","E","M","T","M","R","?","M","M","R","B",null,"M","$","M","M","?","R","E","R","T","M","$","M","?","M","R","B"],"character_chosen":"DEFECT","items_purchased":["Self Repair","Magnetism","Stack","Undo","Gash","BlessingOfTheForge","Lantern","Apotheosis","SpeedPotion","Dark Shackles"],"campfire_rested":3,"item_purchase_floors":[14,14,14,14,14,14,36,36,36,45],"current_hp_per_floor":[69,69,69,64,64,64,61,28,28,24,24,24,8,8,30,11,80,80,74,53,58,58,58,30,21,21,13,37,37,37,25,25,25,45,23,23,11,2,2,15,8,8,8,13,13,28,28,28,28,0,0],"gold":36,"neow_bonus":"RANDOM_COMMON_RELIC","is_daily":false,"chose_seed":false,"campfire_upgraded":4,"win_rate":0.0,"timestamp":1610733226,"path_taken":["M","?","?","M","?","R","?","E","T","E","M","M","E","$","R","BOSS","M","?","?","M","?","R","E","M","T","?","R","?","M","M","R","BOSS","M","$","M","M","?","R","E","R","T","M","$","?","?","M","R","BOSS"],"items_purchased_type":["Card","Card","Card","Card","Card","Potion","Relic","Card","Potion","Card"],"build_version":"2020-12-22","purchased_purges":1,"victory":false,"max_hp_per_floor":[75,75,75,75,75,75,75,75,75,75,75,75,75,75,75,75,80,80,80,80,80,80,80,80,80,80,80,80,40,40,40,40,45,45,45,45,45,45,45,45,45,45,45,45,45,45,45,45,45,45,45],"relic_stats":{"Lizard Tail":0,"Mark of the Bloom":0,"counters":[28,183],"Turnip":[14],"Pen Nib":[2],"Bag of Preparation":[46],"Boot":[86],"Smiling Mask":0,"obtain_stats":[{"Lantern":36,"Mark of the Bloom":47,"Tiny House":17,"SacredBark":34,"Vajra":26,"Pen Nib":41,"Bag of Preparation":8,"Bottled Tornado":13,"Boot":0,"Smiling Mask":43,"Lizard Tail":10,"Turnip":24,"Cracked Core":0},{"Lantern":21,"Mark of the Bloom":26,"Tiny House":10,"SacredBark":20,"Vajra":16,"Pen Nib":24,"Bag of Preparation":5,"Bottled Tornado":9,"Boot":0,"Smiling Mask":24,"Lizard Tail":6,"Turnip":15,"Cracked Core":0},{"Lantern":132,"Mark of the Bloom":168,"Tiny House":48,"SacredBark":121,"Vajra":93,"Pen Nib":156,"Bag of Preparation":24,"Bottled Tornado":38,"Boot":0,"Smiling Mask":156,"Lizard Tail":27,"Turnip":87,"Cracked Core":0}]},"card_choices":[{"not_picked":["Double Energy","Rebound"],"picked":"Chill","floor":1},{"not_picked":["Rebound","Coolheaded"],"picked":"Lockon","floor":3},{"not_picked":["Leap","Aggregate"],"picked":"White Noise","floor":4},{"not_picked":["Amplify","Skim"],"picked":"Hologram","floor":7},{"not_picked":["Streamline","Core Surge"],"picked":"Ball Lightning","floor":8},{"not_picked":["Reinforced Body","Steam Power"],"picked":"Coolheaded","floor":10},{"not_picked":["Turbo","Stack"],"picked":"Doom and Gloom","floor":11},{"not_picked":["Rebound","Auto Shields"],"picked":"Echo Form","floor":12},{"not_picked":["Hologram","Auto Shields"],"picked":"Go for the Eyes","floor":13},{"not_picked":["Core Surge","Machine Learning"],"picked":"Creative AI","floor":16},{"not_picked":["Reprogram","Scrape"],"picked":"Sunder","floor":17},{"not_picked":["Go for the Eyes","Hello World"],"picked":"Conserve Battery","floor":18},{"not_picked":["Coolheaded","Sweeping Beam"],"picked":"Reinforced Body","floor":19},{"not_picked":["Redo","Recycle+1"],"picked":"Glacier","floor":20},{"not_picked":["Rebound+1","Conserve Battery"],"picked":"Chaos","floor":21},{"not_picked":["All For One","Sweeping Beam"],"picked":"Streamline+1","floor":24},{"not_picked":["Scrape","Cold Snap+1"],"picked":"Blizzard+1","floor":27},{"not_picked":["Sweeping Beam","Loop"],"picked":"Conserve Battery","floor":31},{"not_picked":["Core Surge","Biased Cognition"],"picked":"Electrodynamics","floor":33},{"not_picked":["Steam+1","Compile Driver"],"picked":"Gash+1","floor":35},{"not_picked":["Conserve Battery","Force Field"],"picked":"White Noise+1","floor":37},{"not_picked":["Go for the Eyes+1","Steam"],"picked":"Darkness","floor":38},{"not_picked":["Steam Power","Coolheaded+1"],"picked":"Consume","floor":41},{"not_picked":["Compile Driver+1","Heatsinks+1"],"picked":"Streamline","floor":44},{"not_picked":["Cold Snap","Electrodynamics"],"picked":"Barrage","floor":46},{"not_picked":["Rebound+1","Self Repair"],"picked":"Coolheaded+1","floor":48}],"player_experience":57552,"relics_obtained":[{"floor":8,"key":"Bag of Preparation"},{"floor":10,"key":"Lizard Tail"},{"floor":13,"key":"Bottled Tornado"},{"floor":24,"key":"Turnip"},{"floor":26,"key":"Vajra"},{"floor":41,"key":"Pen Nib"},{"floor":43,"key":"Smiling Mask"}],"event_choices":[{"damage_healed":0,"gold_gain":0,"player_choice":"Bought 1 Potion","damage_taken":0,"max_hp_gain":0,"max_hp_loss":0,"event_name":"The Woman in Blue","floor":2,"gold_loss":0},{"damage_healed":0,"gold_gain":275,"player_choice":"Desecrate","damage_taken":0,"max_hp_gain":0,"max_hp_loss":0,"event_name":"Golden Shrine","floor":5,"gold_loss":0,"cards_obtained":["Regret"]},{"damage_healed":0,"gold_gain":0,"player_choice":"Copied","damage_taken":0,"max_hp_gain":0,"max_hp_loss":0,"event_name":"Duplicator","floor":22,"gold_loss":0,"cards_obtained":["Glacier"]},{"damage_healed":0,"gold_gain":0,"player_choice":"Became a Ghost","damage_taken":0,"max_hp_gain":0,"max_hp_loss":40,"event_name":"Ghosts","floor":29,"gold_loss":0,"cards_obtained":["Ghostly","Ghostly","Ghostly","Ghostly","Ghostly"]},{"cards_removed":["Doom and Gloom"],"damage_healed":0,"gold_gain":0,"player_choice":"Card Removal","damage_taken":0,"max_hp_gain":0,"max_hp_loss":0,"event_name":"Wheel of Change","floor":39,"gold_loss":0},{"damage_healed":0,"gold_gain":0,"player_choice":"Upgrade","damage_taken":0,"relics_obtained":["Mark of the Bloom"],"max_hp_gain":0,"max_hp_loss":0,"event_name":"MindBloom","floor":47,"gold_loss":0,"cards_upgraded":["Strike_B","Strike_B","Strike_B","Strike_B","Defend_B","Defend_B","Defend_B","Defend_B","Zap","Dualcast","Chill","Lockon","Hologram","Ball Lightning","Go for the Eyes","Self Repair","Stack","Undo","Gash","Sunder","Conserve Battery","Reinforced Body","Glacier","Chaos","Glacier","Ghostly","Ghostly","Ghostly","Ghostly","Ghostly","Conserve Battery","Electrodynamics","Apotheosis","Darkness","Consume","Streamline","Dark Shackles","Barrage"]}],"is_beta":false,"boss_relics":[{"not_picked":["Fusion Hammer","Empty Cage"],"picked":"Tiny House"},{"not_picked":["Philosopher\u0027s Stone","SlaversCollar"],"picked":"SacredBark"}],"items_purged_floors":[14],"is_endless":false,"potions_floor_spawned":[1,3,7,10,12,19,21,24,27,31,33,37,41,44,46,48],"killed_by":"Donu and Deca","ascension_level":1}}