{"host":"0mk07bycsqo1qk03","time":1610713279,"event":{"mods":["BaseMod","Bestiary","Downfall","Hermit","Hubris","Minty Spire (QoL Compilation)","Replay The Spire","StSLib","The Cursed","The Servant 0.9.4"],"gold_per_floor":[109,34,34,53,53,53,69,94,149,164,174,174,189,189,189],"floor_reached":14,"language":"ENG","playtime":372,"items_purged":["Regret"],"score":184,"play_id":"74030f5c-3b9e-44be-9295-220a09be6ae5","local_time":"20210115132119","is_ascension_mode":true,"campfire_choices":[{"data":"Spot Weakness","floor":6.0,"key":"SMITH"}],"circlet_count":0,"master_deck":["AscendersBane","Strike_R","Strike_R","Strike_R","Strike_R","Defend_R","Defend_R","Defend_R","Defend_R","Bash+1","Double Tap","Massacre","Spot Weakness+1","Shrug It Off+1","Pot Of Greed","Pot Of Greed","Shrug It Off","ReplayTheSpireMod:LeadingStrike","Armaments","Heavy Blade"],"relics":["Burning Blood","hubris:Icosahedron","Grinning Jar","Red Skull"],"acts_visited":["Exordium"],"potions_floor_usage":[],"damage_taken":[{"damage":11.0,"enemies":"Jaw Worm","floor":1.0,"turns":4.0},{"damage":9.0,"enemies":"2 Louse","floor":4.0,"turns":4.0},{"damage":3.0,"enemies":"Small Slimes","floor":7.0,"turns":2.0},{"damage":21.0,"enemies":"Replay:BlueRogue","floor":8.0,"turns":10.0},{"damage":1.0,"enemies":"3 Louse","floor":10.0,"turns":2.0},{"damage":16.0,"enemies":"Red Slaver","floor":11.0,"turns":4.0},{"damage":0.0,"enemies":"2 Fungi Beasts","floor":13.0,"turns":2.0},{"damage":39,"enemies":"Gremlin Nob","floor":14,"turns":3}],"seed_played":"3029705164247991067","potions_obtained":[{"floor":4.0,"key":"GamblersBrew"},{"floor":11.0,"key":"Explosive Potion"}],"is_trial":false,"path_per_floor":["M","$","?","M","?","R","M","E","T","M","M","?","M","E"],"character_chosen":"IRONCLAD","items_purchased":[],"campfire_rested":0,"item_purchase_floors":[],"current_hp_per_floor":[63,63,56,53,53,53,56,41,41,46,36,13,19,0,0],"gold":189,"neow_bonus":"THREE_RARE_CARDS","is_daily":false,"chose_seed":false,"campfire_upgraded":1,"win_rate":0.0,"timestamp":1610713279,"path_taken":["M","$","?","M","?","R","M","E","T","?","M","?","M","E"],"items_purchased_type":[],"build_version":"2020-12-22","purchased_purges":1,"victory":false,"max_hp_per_floor":[75,75,75,75,75,75,75,75,75,75,75,75,75,75,75],"card_choices":[{"not_picked":["Brutality","Impervious"],"picked":"Double Tap","floor":0.0},{"not_picked":["Sword Boomerang","Feel No Pain"],"picked":"Massacre","floor":1.0},{"not_picked":["Flex","Clash"],"picked":"Spot Weakness","floor":4.0},{"not_picked":["True Grit","Replay:Undeath\u0027s Touch"],"picked":"Shrug It Off","floor":7.0},{"not_picked":["Twin Strike","ReplayTheSpireMod:Strike From Hell"],"picked":"Shrug It Off","floor":8.0},{"not_picked":["Rampage","Twin Strike"],"picked":"ReplayTheSpireMod:LeadingStrike","floor":10.0},{"not_picked":["Headbutt","ReplayTheSpireMod:Corrosion Curse"],"picked":"Armaments","floor":11.0},{"not_picked":["Run Through","Warcry"],"picked":"Heavy Blade","floor":13.0}],"player_experience":891461,"relics_obtained":[{"floor":8.0,"key":"Grinning Jar"},{"floor":9.0,"key":"Red Skull"}],"event_choices":[{"cards_removed":["Strike_R"],"damage_healed":0.0,"max_hp_gain":0.0,"max_hp_loss":0.0,"gold_gain":0.0,"event_name":"Golden Wing","player_choice":"Card Removal","floor":3.0,"gold_loss":0.0,"damage_taken":7.0},{"damage_healed":0.0,"max_hp_gain":0.0,"max_hp_loss":0.0,"gold_gain":0.0,"event_name":"Shining Light","player_choice":"Entered Light","floor":12.0,"gold_loss":0.0,"damage_taken":23.0,"cards_upgraded":["Shrug It Off","Bash"]}],"is_beta":false,"boss_relics":[],"items_purged_floors":[2],"is_endless":false,"potions_floor_spawned":[4,11],"killed_by":"Gremlin Nob","ascension_level":20}}