{"host":"4kqumtn9vzgpomuw","time":1610679502,"event":{"mods":["AchievementEnabler","BaseMod","Colored Map","Minty Spire (QoL Compilation)","StSLib"],"gold_per_floor":[22222,21501,21512,20727,20727,20727,19800,19800,19848,19875,19895,19924,19924,19941,19941,20039,20039,20039,19210,19210,19210,19135,19135,19135,19135,19135,19135,19135,18432,18432,18432,18432,18432,18432,18432,18432,18432],"floor_reached":38,"language":"KOR","playtime":1863,"items_purged":["Strike_B","Strike_B","Strike_B","All For One","Blizzard+1"],"score":825,"play_id":"19efbecd-f8a5-49fe-8702-0edfc5aa4bb3","local_time":"20210115115822","is_ascension_mode":true,"campfire_choices":[{"data":"Storm","floor":6,"key":"SMITH"},{"data":"Storm","floor":8,"key":"SMITH"},{"data":"Mayhem","floor":13,"key":"SMITH"},{"data":"Loop","floor":15,"key":"SMITH"},{"data":"Heatsinks","floor":23,"key":"SMITH"},{"data":"Bullet Time","floor":32,"key":"SMITH"}],"circlet_count":0,"master_deck":["Defend_B","Defend_B","Defend_B","Zap","Dualcast","Storm+1","Redo","Storm+1","Ball Lightning+1","Loop+1","Mayhem+1","Static Discharge","Force Field","Redo","Warcry","Wraith Form v2","Bullet Time+1","Heatsinks+1","Footwork","Rupture","Biased Cognition","Establishment"],"relics":["Cracked Core","TheAbacus","Molten Egg 2","Nunchaku","PrismaticShard","Happy Flower","Bag of Preparation","Cauldron","Anchor","Unceasing Top","Bronze Scales","Ancient Tea Set","Mummified Hand","Ectoplasm","Strange Spoon","Incense Burner","Orichalcum","Red Mask","Bottled Lightning","MealTicket","Blood Vial","HandDrill","Juzu Bracelet","Vajra","Eternal Feather","Black Star"],"acts_visited":["Exordium","TheCity","TheBeyond"],"potions_floor_usage":[7,37,37,37],"damage_taken":[{"damage":1,"enemies":"Cultist","floor":1,"turns":3},{"damage":6,"enemies":"2 Louse","floor":3,"turns":2},{"damage":18,"enemies":"Gremlin Nob","floor":10,"turns":4},{"damage":0,"enemies":"Small Slimes","floor":11,"turns":2},{"damage":6,"enemies":"3 Sentries","floor":12,"turns":3},{"damage":0,"enemies":"Looter","floor":14,"turns":2},{"damage":4,"enemies":"The Guardian","floor":16,"turns":6},{"damage":0,"enemies":"3 Byrds","floor":18,"turns":2},{"damage":0,"enemies":"Chosen","floor":20,"turns":2},{"damage":16,"enemies":"Masked Bandits","floor":21,"turns":3},{"damage":0,"enemies":"Centurion and Healer","floor":24,"turns":3},{"damage":0,"enemies":"Slavers","floor":25,"turns":3},{"damage":0,"enemies":"Cultist and Chosen","floor":27,"turns":3},{"damage":17,"enemies":"Gremlin Leader","floor":28,"turns":3},{"damage":0,"enemies":"Slavers","floor":30,"turns":2},{"damage":0,"enemies":"Snecko","floor":31,"turns":3},{"damage":0,"enemies":"Collector","floor":33,"turns":5},{"damage":0,"enemies":"3 Shapes","floor":35,"turns":2},{"damage":17,"enemies":"Donu and Deca","floor":37,"turns":8}],"seed_played":"2856017084690285225","potions_obtained":[{"floor":1,"key":"Weak Potion"},{"floor":7,"key":"Fruit Juice"},{"floor":7,"key":"Fire Potion"},{"floor":7,"key":"PotionOfCapacity"},{"floor":18,"key":"DistilledChaos"}],"is_trial":false,"path_per_floor":["M","$","M","$","?","R","$","R","T","E","M","E","R","M","R","B",null,"M","$","M","?","?","R","M","E","T","M","E","$","E","M","R","B",null,"M","?","B",null],"character_chosen":"DEFECT","items_purchased":["TheAbacus","Molten Egg 2","Nunchaku","Redo","Storm","PrismaticShard","Happy Flower","Bag of Preparation","Loop","Mayhem","Cauldron","Anchor","Unceasing Top","Static Discharge","Blizzard+1","Force Field","Heatsinks","Strange Spoon","Incense Burner","Orichalcum","HandDrill","Juzu Bracelet","Vajra","Biased Cognition"],"campfire_rested":0,"item_purchase_floors":[2,2,2,2,2,4,4,4,4,4,7,7,7,7,7,7,19,19,19,19,29,29,29,29],"current_hp_per_floor":[74,74,68,68,68,68,73,73,73,55,55,49,49,49,49,45,80,80,80,80,64,64,64,64,64,64,64,47,62,64,66,78,80,80,80,80,63],"gold":18432,"neow_bonus":"TRANSFORM_CARD","is_daily":false,"chose_seed":false,"campfire_upgraded":6,"win_rate":0.0,"timestamp":1610679502,"path_taken":["M","$","?","$","?","R","$","R","T","E","M","E","R","M","R","BOSS","M","$","M","?","?","R","M","E","T","M","E","$","E","M","R","BOSS","M","?","BOSS"],"items_purchased_type":["Relic","Relic","Relic","Card","Card","Relic","Relic","Relic","Card","Card","Relic","Relic","Relic","Card","Card","Card","Card","Relic","Relic","Relic","Relic","Relic","Relic","Card"],"build_version":"2020-12-22","purchased_purges":5,"victory":true,"max_hp_per_floor":[75,75,75,75,75,75,80,80,80,80,80,80,80,80,80,80,80,80,80,80,80,80,80,80,80,80,80,80,80,80,80,80,80,80,80,80,80],"card_choices":[{"not_picked":["Barrage","Coolheaded"],"picked":"Storm","floor":1},{"not_picked":["Turbo","Leap"],"picked":"Ball Lightning+1","floor":3},{"not_picked":["LikeWater","Double Energy"],"picked":"Redo","floor":10},{"not_picked":["Rebound+1","EmptyFist+1"],"picked":"Warcry","floor":11},{"not_picked":["Outmaneuver","Redo"],"picked":"Wraith Form v2","floor":12},{"not_picked":["Steam Power","Skim","Underhanded Strike+1"],"picked":"SKIP","floor":14},{"not_picked":["Reboot","Thinking Ahead"],"picked":"Bullet Time","floor":16},{"not_picked":["CutThroughFate+1","Cold Snap+1","Endless Agony+1"],"picked":"SKIP","floor":18},{"not_picked":["Pummel+1","Deadly Poison"],"picked":"Footwork","floor":20},{"not_picked":["EmptyFist+1","CrushJoints+1"],"picked":"Rupture","floor":21},{"not_picked":["Sever Soul+1","Fasting2","Tactician"],"picked":"SKIP","floor":24},{"not_picked":["EmptyBody","Capacitor+1","Sweeping Beam+1"],"picked":"SKIP","floor":25},{"not_picked":["Coolheaded","Beam Cell+1","Sweeping Beam+1"],"picked":"SKIP","floor":27},{"not_picked":["PathToVictory","BowlingBash+1","Sweeping Beam+1"],"picked":"SKIP","floor":28},{"not_picked":["Masterful Stab+1","Perfected Strike+1","Choke+1"],"picked":"SKIP","floor":30},{"not_picked":["Leap","Choke+1","Flying Knee+1"],"picked":"SKIP","floor":31},{"not_picked":["Tools of the Trade","Die Die Die+1"],"picked":"Establishment","floor":33},{"not_picked":["Enlightenment","Twin Strike+1","Barrage+1"],"picked":"SKIP","floor":35}],"player_experience":11031,"relics_obtained":[{"floor":9,"key":"Bronze Scales"},{"floor":10,"key":"Ancient Tea Set"},{"floor":12,"key":"Mummified Hand"},{"floor":21,"key":"Red Mask"},{"floor":25,"key":"Bottled Lightning"},{"floor":26,"key":"MealTicket"},{"floor":28,"key":"Blood Vial"},{"floor":30,"key":"Eternal Feather"}],"event_choices":[{"damage_healed":0,"gold_gain":0,"player_choice":"Ignored","damage_taken":0,"max_hp_gain":0,"max_hp_loss":0,"event_name":"Liars Game","floor":5,"gold_loss":0},{"damage_healed":0,"gold_gain":0,"player_choice":"Fought Bandits","damage_taken":0,"max_hp_gain":0,"max_hp_loss":0,"event_name":"Masked Bandits","floor":21,"gold_loss":0},{"cards_removed":["Defend_B"],"damage_healed":0,"gold_gain":0,"player_choice":"Gave Gold","damage_taken":0,"max_hp_gain":0,"max_hp_loss":0,"event_name":"Beggar","floor":22,"gold_loss":75},{"damage_healed":0,"gold_gain":0,"player_choice":"Took Portal","damage_taken":0,"max_hp_gain":0,"max_hp_loss":0,"event_name":"SecretPortal","floor":36,"gold_loss":0}],"is_beta":false,"boss_relics":[{"not_picked":["Snecko Eye","Runic Pyramid"],"picked":"Ectoplasm"},{"not_picked":["Fusion Hammer","Velvet Choker"],"picked":"Black Star"}],"items_purged_floors":[2,4,7,19,29],"is_endless":false,"potions_floor_spawned":[1,10,12,18,24,28,30,31,35],"ascension_level":1}}