{"host":"TheHustler","time":1610729119,"event":{"mods":["BaseMod","Block Reminder","Colored Map","Colored Powertips","Minty Spire (QoL Compilation)","Quick Restart","StSLib","SuperFastMode","Unceasing Turn Reminder"],"gold_per_floor":[114,133,208,208,225,225,255,26,73,73,73,73,0,13,13,118,118,98,111,311,326,326,326,354,354,379,405,405,107,107,127,127,225,225,240,240,1239,1256,633,667,685,685,685,702,712,732,751,329,329,329],"floor_reached":51,"language":"ENG","playtime":1172,"items_purged":["Strike_R","Normality","Normality"],"score":790,"play_id":"99b910b7-7765-4951-bc14-85fe717f4160","local_time":"20210115174519","is_ascension_mode":false,"campfire_choices":[{"data":"Pommel Strike","floor":6.0,"key":"SMITH"},{"data":"Shrug It Off","floor":12.0,"key":"SMITH"},{"data":"Demon Form","floor":15.0,"key":"SMITH"},{"data":"Limit Break","floor":23.0,"key":"SMITH"},{"floor":25.0,"key":"REST"},{"floor":28,"key":"REST"},{"data":"Dual Wield","floor":30,"key":"SMITH"},{"data":"Body Slam","floor":32,"key":"SMITH"},{"data":"Berserk","floor":42,"key":"SMITH"},{"floor":49,"key":"REST"}],"circlet_count":0,"master_deck":["Strike_R","Strike_R+1","Strike_R","Defend_R","Defend_R","Defend_R","Defend_R","Bash","Pommel Strike+1","Metallicize","Iron Wave","Shrug It Off+1","Dropkick","Metallicize","Demon Form+1","Limit Break+1","Cleave","Dual Wield+1","Limit Break","Dropkick+1","Body Slam+1","Offering","Thunderclap+1","Metallicize","Metallicize","Berserk+1","Parasite","Shrug It Off+1","Reaper","Clothesline+1"],"relics":["Black Blood","Incense Burner","Regal Pillow","PreservedInsect","Boot","Darkstone Periapt","Sozu","Anchor","Bag of Preparation","Pen Nib","Bronze Scales","Ice Cream","DollysMirror","Happy Flower","Mercury Hourglass","Whetstone","Toolbox"],"acts_visited":["Exordium","TheCity","TheBeyond"],"potions_floor_usage":[27],"damage_taken":[{"damage":0.0,"enemies":"Small Slimes","floor":1.0,"turns":5.0},{"damage":1.0,"enemies":"2 Louse","floor":2.0,"turns":3.0},{"damage":3.0,"enemies":"Jaw Worm","floor":5.0,"turns":3.0},{"damage":19.0,"enemies":"3 Sentries","floor":7.0,"turns":12.0},{"damage":7.0,"enemies":"Red Slaver","floor":14.0,"turns":5.0},{"damage":26.0,"enemies":"Hexaghost","floor":16.0,"turns":8.0},{"damage":26.0,"enemies":"2 Thieves","floor":18.0,"turns":4.0},{"damage":7.0,"enemies":"Chosen","floor":19.0,"turns":5.0},{"damage":19.0,"enemies":"Centurion and Healer","floor":21.0,"turns":10.0},{"damage":41.0,"enemies":"Slavers","floor":24.0,"turns":5.0},{"damage":47,"enemies":"Book of Stabbing","floor":27,"turns":5},{"damage":14,"enemies":"Snake Plant","floor":31,"turns":6},{"damage":30,"enemies":"Champ","floor":33,"turns":7},{"damage":7,"enemies":"3 Shapes","floor":35,"turns":6},{"damage":20,"enemies":"Orb Walker","floor":38,"turns":4},{"damage":36,"enemies":"Nemesis","floor":40,"turns":7},{"damage":22,"enemies":"Transient","floor":41,"turns":5},{"damage":14,"enemies":"4 Shapes","floor":44,"turns":4},{"damage":12,"enemies":"Writhing Mass","floor":45,"turns":6},{"damage":18,"enemies":"Sphere and 2 Shapes","floor":46,"turns":4},{"damage":0,"enemies":"4 Shapes","floor":47,"turns":2},{"damage":71,"enemies":"Donu and Deca","floor":50,"turns":8}],"seed_played":"2266269507316780475","potions_obtained":[{"floor":5.0,"key":"BloodPotion"},{"floor":7.0,"key":"PowerPotion"}],"is_trial":false,"path_per_floor":["M","M","?","?","M","R","E","$","T","?","?","R","$","M","R","B",null,"M","M","?","M","?","R","E","R","T","E","R","$","R","M","R","B",null,"M","?","?","M","$","E","M","R","T","M","M","M","M","$","R","B",null],"character_chosen":"IRONCLAD","items_purchased":["PreservedInsect","Dropkick","Metallicize","Dropkick","Bronze Scales","Ice Cream","Metallicize","DollysMirror","Whetstone","Toolbox"],"campfire_rested":3,"item_purchase_floors":[8,8,13,29,29,39,39,39,48,48],"current_hp_per_floor":[72,72,61,61,64,64,51,51,51,57,57,57,57,56,56,36,78,73,72,72,59,59,59,24,62,62,21,59,59,59,51,51,27,78,78,78,90,82,82,58,48,48,48,46,52,46,78,78,96,76],"gold":329,"neow_bonus":"ONE_RARE_RELIC","is_daily":false,"chose_seed":false,"campfire_upgraded":7,"win_rate":0.0,"timestamp":1610729119,"path_taken":["M","M","?","?","M","R","E","$","T","?","?","R","?","M","R","BOSS","M","M","?","?","?","R","E","R","T","E","R","?","R","?","R","BOSS","M","?","?","M","$","E","M","R","T","M","M","M","M","$","R","BOSS"],"items_purchased_type":["Relic","Card","Card","Card","Relic","Relic","Card","Relic","Relic","Relic"],"build_version":"2020-12-18","purchased_purges":3,"victory":true,"max_hp_per_floor":[72,72,72,72,72,72,72,72,72,78,78,78,78,78,78,78,78,78,78,78,78,78,78,78,78,78,78,78,78,78,78,78,78,78,78,78,90,90,90,90,90,90,90,90,96,96,96,96,96,96],"card_choices":[{"not_picked":["Fire Breathing","Clash"],"picked":"Pommel Strike","floor":1.0},{"not_picked":["Seeing Red","Clash"],"picked":"Metallicize","floor":2.0},{"not_picked":["Heavy Blade","Rupture"],"picked":"Iron Wave","floor":5.0},{"not_picked":["Sword Boomerang","Pummel"],"picked":"Shrug It Off","floor":7.0},{"not_picked":["Warcry","Spot Weakness"],"picked":"Demon Form","floor":14.0},{"not_picked":["Berserk","Offering"],"picked":"Limit Break","floor":16.0},{"not_picked":["Clothesline","Clash+1"],"picked":"Cleave","floor":18.0},{"not_picked":["Pummel","Rampage"],"picked":"Dual Wield","floor":19.0},{"not_picked":["Warcry","Second Wind","Sword Boomerang"],"picked":"SKIP","floor":21.0},{"not_picked":["Shrug It Off","Perfected Strike","Immolate"],"picked":"SKIP","floor":24.0},{"not_picked":["Clash","Warcry"],"picked":"Limit Break","floor":27},{"not_picked":["Carnage","Twin Strike"],"picked":"Body Slam","floor":31},{"not_picked":["Demon Form","Bludgeon"],"picked":"Offering","floor":33},{"not_picked":["Infernal Blade","Sentinel","Dual Wield"],"picked":"SKIP","floor":35},{"not_picked":["Headbutt+1","Sword Boomerang+1"],"picked":"Thunderclap+1","floor":38},{"not_picked":["Feel No Pain+1","Cleave+1"],"picked":"Berserk","floor":40},{"not_picked":["Wild Strike+1","Clash","Combust"],"picked":"SKIP","floor":41},{"not_picked":["Body Slam+1","Battle Trance","Cleave"],"picked":"SKIP","floor":44},{"not_picked":["Clash","Carnage+1"],"picked":"Shrug It Off+1","floor":45},{"not_picked":["Ghostly Armor+1","Clothesline"],"picked":"Reaper","floor":46},{"not_picked":["Carnage","Dark Embrace+1"],"picked":"Clothesline+1","floor":47}],"player_experience":633257,"relics_obtained":[{"floor":7.0,"key":"Regal Pillow"},{"floor":9.0,"key":"Boot"},{"floor":24.0,"key":"Anchor"},{"floor":26.0,"key":"Bag of Preparation"},{"floor":27,"key":"Pen Nib"},{"floor":40,"key":"Happy Flower"},{"floor":43,"key":"Mercury Hourglass"}],"event_choices":[{"damage_healed":0.0,"max_hp_gain":0.0,"max_hp_loss":0.0,"gold_gain":75.0,"event_name":"World of Goop","player_choice":"Gather Gold","floor":3.0,"gold_loss":0.0,"damage_taken":11.0},{"damage_healed":0.0,"max_hp_gain":0.0,"max_hp_loss":0.0,"gold_gain":0.0,"event_name":"Liars Game","player_choice":"Ignored","floor":4.0,"gold_loss":0.0,"damage_taken":0.0},{"damage_healed":0.0,"max_hp_gain":0.0,"max_hp_loss":0.0,"gold_gain":0.0,"event_name":"Big Fish","player_choice":"Box","floor":10.0,"gold_loss":0.0,"damage_taken":0.0,"relics_obtained":["Darkstone Periapt"],"cards_obtained":["Regret"]},{"cards_removed":["Strike_R"],"damage_healed":0.0,"max_hp_gain":0.0,"max_hp_loss":0.0,"gold_gain":0.0,"event_name":"Living Wall","player_choice":"Forget","floor":11.0,"gold_loss":0.0,"damage_taken":0.0},{"damage_healed":0.0,"max_hp_gain":0.0,"max_hp_loss":0.0,"gold_gain":250.0,"event_name":"The Joust","player_choice":"Bet on Owner","floor":20.0,"gold_loss":50.0,"damage_taken":0.0},{"cards_removed":["Regret"],"damage_healed":0.0,"max_hp_gain":0.0,"max_hp_loss":0.0,"gold_gain":0.0,"event_name":"Back to Basics","player_choice":"Elegance","floor":22.0,"gold_loss":0.0,"damage_taken":0.0},{"damage_healed":0,"gold_gain":0,"player_choice":"Ignored","damage_taken":0,"max_hp_gain":0,"max_hp_loss":0,"event_name":"Tomb of Lord Red Mask","floor":36,"gold_loss":0},{"damage_healed":0,"gold_gain":999,"player_choice":"Gold","damage_taken":0,"max_hp_gain":0,"max_hp_loss":0,"event_name":"MindBloom","floor":37,"gold_loss":0,"cards_obtained":["Normality","Normality"]}],"is_beta":true,"boss_relics":[{"not_picked":["SacredBark","Ectoplasm"],"picked":"Sozu"},{"not_picked":["Coffee Dripper","Snecko Eye"],"picked":"Black Blood"}],"items_purged_floors":[29,39,48],"is_endless":false,"potions_floor_spawned":[5,7,27,31,33,35,44,46,47],"ascension_level":0}}