{"host":"z9nhqy1wc0bvpk1o","time":1610742390,"event":{"mods":["BaseMod","Colored Map","Colored Powertips","Downfall","Minty Spire (QoL Compilation)","Replay The Spire","StSLib","The Cursed"],"gold_per_floor":[114,114,114,114,128,154,203,203,203,220,240,269,285,299,299,398,398,413,413,268,281,297,331,49,49,72,72,172,172,192,205,205,301,301,316,316,63,81,81,81,94,94,94,94,94,124,11,11,40,90,90,102,102],"floor_reached":52,"language":"ENG","playtime":3546,"items_purged":["Strike_R","Doubt","Writhe"],"score":810,"play_id":"7a0e85cd-cbaf-4d16-9d66-d99ca107ef30","local_time":"20210115202630","is_ascension_mode":false,"campfire_choices":[{"data":"Perfected Strike","floor":8,"key":"SMITH"},{"data":"Spot Weakness","floor":15,"key":"SMITH"},{"data":"Demon Form","floor":25,"key":"SMITH"},{"data":"expansioncontent:LastStand","floor":27,"key":"SMITH"},{"floor":29,"key":"REST"},{"floor":32,"key":"REST"},{"floor":40,"key":"REST"},{"data":"Flex","floor":44,"key":"SMITH"},{"floor":48,"key":"REST"},{"data":"ReplayTheSpireMod:Limb From Limb","floor":51,"key":"SMITH"}],"circlet_count":0,"master_deck":["Strike_R+1","Strike_R+1","Strike_R+2","Bash","Sword Boomerang","Reckless Charge","Perfected Strike+1","ReplayTheSpireMod:Limb From Limb+1","Intimidate","Spot Weakness+1","Fire Breathing","Perfected Strike","Flex","Demon Form+1","Cleave+1","Hemokinesis+1","Blood for Blood+1","Seeing Red","Flex+1","Perfected Strike","Anger","Bloodletting+1","Sadistic Nature","expansioncontent:LastStand+1","Pot Of Greed","Pot Of Greed","Pot Of Greed","Anger","Perfected Strike","Demonic Infusion","Double Tap","TheCursedMod:Dregs","Bloodletting","Bash","Flex+1","ReplayTheSpireMod:Limb From Limb+1","Languid","Pot Of Greed"],"relics":["Burning Blood","NeowsBlessing","Anchor","Onion Ring","Whetstone","Mirror","Pet Ghost","Replay:Grab Bag","Velvet Choker","Mark of Pain","Astrolabe","Bag of Preparation","Replay:Bottled Snecko","Grinning Jar","Pocketwatch","Bottled Flame","Replay:Ancient Bell","Simple Rune","Snack Pack","Lizard Tail","Brimstone","MawBank","Replay:Bandana","Ring of Greed","ReplayTheSpireMod:Ring of Collecting","MealTicket","Membership Card"],"acts_visited":["Exordium","TheCity","TheBeyond"],"potions_floor_usage":[12,23,23,23,30,31,46,49],"damage_taken":[{"damage":0,"enemies":"Jaw Worm","floor":1,"turns":1},{"damage":0,"enemies":"Small Slimes","floor":5,"turns":1},{"damage":0,"enemies":"Gremlin Nob","floor":6,"turns":1},{"damage":0,"enemies":"Cultist","floor":10,"turns":2},{"damage":8,"enemies":"Large Slime","floor":11,"turns":4},{"damage":13,"enemies":"Lagavulin","floor":12,"turns":4},{"damage":0,"enemies":"Looter","floor":13,"turns":1},{"damage":0,"enemies":"Red Slaver","floor":14,"turns":2},{"damage":70,"enemies":"The Guardian","floor":16,"turns":7},{"damage":6,"enemies":"3 Byrds","floor":18,"turns":3},{"damage":2,"enemies":"Chosen","floor":21,"turns":3},{"damage":0,"enemies":"Snecko","floor":22,"turns":2},{"damage":17,"enemies":"Gremlin Leader","floor":23,"turns":4},{"damage":27,"enemies":"Colosseum Slavers","floor":28,"turns":3},{"damage":21,"enemies":"Colosseum Nobs","floor":28,"turns":3},{"damage":21,"enemies":"3 Cultists","floor":30,"turns":4},{"damage":3,"enemies":"Centurion and Healer","floor":31,"turns":3},{"damage":36,"enemies":"Pondfish","floor":33,"turns":5},{"damage":68,"enemies":"3 Darklings","floor":35,"turns":6},{"damage":1,"enemies":"Orb Walker","floor":38,"turns":2},{"damage":3,"enemies":"Spire Growth","floor":41,"turns":2},{"damage":18,"enemies":"Sphere and 2 Shapes","floor":46,"turns":3},{"damage":16,"enemies":"Nemesis","floor":49,"turns":3},{"damage":137,"enemies":"Donu and Deca","floor":52,"turns":6}],"seed_played":"7623252843116592685","potions_obtained":[{"floor":5,"key":"Block Potion"},{"floor":7,"key":"Flashbang"},{"floor":7,"key":"EntropicBrew"},{"floor":13,"key":"Languid Potion"},{"floor":21,"key":"Fruit Juice"},{"floor":23,"key":"Regen Potion"},{"floor":30,"key":"DuplicationPotion"},{"floor":41,"key":"Fire Potion"},{"floor":46,"key":"Dexterity Potion"}],"is_trial":false,"path_per_floor":["M","?","?","?","M","E","?","R","T","M","M","E","M","M","R","B",null,"M","?","$","M","M","E","$","R","T","R","?","R","M","M","R","B",null,"M","?","$","M","?","R","M","PTL","PTL","R","T","M","$","R","E","?","R","B"],"character_chosen":"IRONCLAD","items_purchased":["Flex","Perfected Strike","Sadistic Nature","expansioncontent:LastStand","Brimstone"],"campfire_rested":4,"item_purchase_floors":[20,20,24,24,37],"current_hp_per_floor":[80,80,68,68,74,80,80,80,80,80,78,71,77,80,80,16,80,80,80,80,80,80,74,74,74,74,74,38,63,57,60,85,55,85,27,27,27,32,32,57,64,64,64,64,64,52,52,77,69,69,69,0,0],"gold":102,"neow_bonus":"THREE_ENEMY_KILL","is_daily":false,"chose_seed":false,"campfire_upgraded":6,"win_rate":0.0,"timestamp":1610742390,"path_taken":["M","?","?","?","?","E","?","R","T","M","M","E","M","M","R","BOSS","M","?","$","?","M","E","$","R","T","R","?","R","M","M","R","BOSS","M","?","$","M","?","R","M","PTL","PTL","R","T","?","$","R","E","?","R","BOSS"],"items_purchased_type":["Card","Card","Card","Card","Relic"],"build_version":"2020-12-22","purchased_purges":3,"victory":false,"max_hp_per_floor":[80,80,80,80,80,80,80,80,80,80,80,80,80,80,80,80,80,80,80,80,80,80,85,85,85,85,85,85,85,85,85,85,85,85,85,85,85,85,85,85,85,85,85,85,85,85,85,85,85,85,85,85,85],"card_choices":[{"not_picked":["ReplayTheSpireMod:Corrosion Curse","Body Slam"],"picked":"Sword Boomerang","floor":1},{"not_picked":["ReplayTheSpireMod:Strike From Hell","Heavy Blade"],"picked":"Perfected Strike","floor":5},{"not_picked":["Headbutt","ReplayTheSpireMod:LeadingStrike"],"picked":"ReplayTheSpireMod:Limb From Limb","floor":6},{"not_picked":["Shrug It Off","Wild Strike"],"picked":"Intimidate","floor":7},{"not_picked":["Rampage","Life Link"],"picked":"Spot Weakness","floor":10},{"not_picked":["Sword Boomerang","True Grit"],"picked":"Fire Breathing","floor":11},{"not_picked":["Berserk","Armaments"],"picked":"Perfected Strike","floor":12},{"not_picked":["True Grit","Armaments"],"picked":"Flex","floor":13},{"not_picked":["Dual Wield","Offering","Rupture"],"picked":"SKIP","floor":14},{"not_picked":["Impervious","Barricade"],"picked":"Demon Form","floor":16},{"not_picked":["Infernal Blade","ReplayTheSpireMod:LeadingStrike"],"picked":"Seeing Red","floor":18},{"not_picked":["Shrug It Off","Flame Barrier","Rage"],"picked":"SKIP","floor":21},{"not_picked":["True Grit","Warcry"],"picked":"Anger","floor":22},{"not_picked":["ReplayTheSpireMod:Stacked","Massacre"],"picked":"Bloodletting+1","floor":23},{"not_picked":["Clothesline","Ghostly Armor+1"],"picked":"Anger","floor":28},{"not_picked":["Armaments","Wild Strike"],"picked":"Perfected Strike","floor":30},{"not_picked":["Cleave","Life Link"],"picked":"Demonic Infusion","floor":31},{"not_picked":["Juggernaut","Impervious"],"picked":"Double Tap","floor":33},{"not_picked":["CurseOfTheBell","ReplayTheSpireMod:Faulty Equipment"],"picked":"TheCursedMod:Dregs","floor":34},{"not_picked":["ReplayTheSpireMod:Restless Dread","Regret"],"picked":"Doubt","floor":34},{"not_picked":["Spreading Infection","Doubt"],"picked":"Writhe","floor":34},{"not_picked":["Wild Strike","Juggernaut","ReplayTheSpireMod:Strike From Hell"],"picked":"SKIP","floor":35},{"not_picked":["Iron Wave+1","Clothesline+1","ReplayReversal"],"picked":"SKIP","floor":38},{"not_picked":["Armaments+1","Body Slam+1","Blood for Blood+1"],"picked":"SKIP","floor":41},{"not_picked":["Replay:Undeath\u0027s Touch","Wild Strike+1"],"picked":"Flex+1","floor":46},{"not_picked":["Defy Death","Cleave"],"picked":"ReplayTheSpireMod:Limb From Limb+1","floor":49}],"player_experience":23609,"relics_obtained":[{"floor":6,"key":"Onion Ring"},{"floor":7,"key":"Whetstone"},{"floor":9,"key":"Mirror"},{"floor":12,"key":"Pet Ghost"},{"floor":23,"key":"Replay:Bottled Snecko"},{"floor":26,"key":"Grinning Jar"},{"floor":28,"key":"Pocketwatch"},{"floor":28,"key":"Bottled Flame"},{"floor":45,"key":"MawBank"},{"floor":49,"key":"Replay:Bandana"},{"floor":50,"key":"Ring of Greed"},{"floor":50,"key":"ReplayTheSpireMod:Ring of Collecting"},{"floor":50,"key":"MealTicket"},{"floor":50,"key":"Membership Card"}],"event_choices":[{"damage_healed":0,"gold_gain":0,"player_choice":"Success","damage_taken":12,"relics_obtained":["Anchor"],"max_hp_gain":0,"max_hp_loss":0,"event_name":"Scrap Ooze","floor":3,"gold_loss":0},{"damage_healed":0,"gold_gain":0,"cards_transformed":["Defend_R"],"player_choice":"Transformed","damage_taken":0,"max_hp_gain":0,"max_hp_loss":0,"event_name":"Transmorgrifier","floor":4,"gold_loss":0,"cards_obtained":["Reckless Charge"]},{"damage_healed":0,"gold_gain":0,"player_choice":"Gave Potion","damage_taken":0,"relics_obtained":["Bag of Preparation"],"max_hp_gain":0,"max_hp_loss":0,"event_name":"WeMeetAgain","floor":19,"gold_loss":0},{"damage_healed":0,"gold_gain":0,"player_choice":"Fight","damage_taken":0,"max_hp_gain":0,"max_hp_loss":0,"event_name":"Colosseum","floor":28,"gold_loss":0},{"damage_healed":0,"gold_gain":0,"player_choice":"Fought Nobs","damage_taken":0,"max_hp_gain":0,"max_hp_loss":0,"event_name":"Colosseum","floor":28,"gold_loss":0},{"damage_healed":0,"gold_gain":0,"player_choice":"Ignored","damage_taken":0,"max_hp_gain":0,"max_hp_loss":0,"event_name":"Tomb of Lord Red Mask","floor":36,"gold_loss":0},{"damage_healed":0,"gold_gain":0,"player_choice":"2 cards matched","damage_taken":0,"max_hp_gain":0,"max_hp_loss":0,"event_name":"Match and Keep!","floor":39,"gold_loss":0,"cards_obtained":["Bloodletting","Bash"]}],"is_beta":false,"boss_relics":[{"not_picked":["Runic Cube","Ring of Chaos"],"picked":"Replay:Grab Bag"},{"not_picked":["Runic Dome","Ooze Armor"],"picked":"Velvet Choker"},{"not_picked":["Coffee Dripper","ReplayTheSpireMod:Onyx Gauntlets"],"picked":"Mark of Pain"},{"not_picked":["Runic Pyramid","Kintsugi"],"picked":"Astrolabe"},{"not_picked":["Philosopher\u0027s Stone","Tiny House"],"picked":"Replay:Ancient Bell"},{"not_picked":["Oddly Smooth Stone","Potion Belt"],"picked":"Simple Rune"},{"not_picked":["Mummified Hand","Divine Protection"],"picked":"Snack Pack"},{"not_picked":["TungstenRod","Durian"],"picked":"Lizard Tail"}],"items_purged_floors":[20,37,47],"is_endless":false,"potions_floor_spawned":[5,10,13,14,18,21,23,30,41,46],"killed_by":"Donu and Deca","ascension_level":0}}