{"host":"j4g6ia6asvpyu2b0","time":1610728432,"event":{"mods":["BaseMod","Colored Map","Minty Spire (QoL Compilation)","Permanent Neow","Quick Restart","Relic Stats","StSLib","Unceasing Turn Reminder"],"gold_per_floor":[117,129,129,141,159,159,186,203,203,203,213,248,248,263,263,365,365,377,377,377,388,405,405,440,440,516,33,66,78,106,125,125,223,223,235,582,542,322,334,334,369,382,406,432,445,465,465,465,465,465,465,465,55,83,83],"floor_reached":56,"language":"ENG","playtime":2338,"items_purged":["All Out Attack"],"score":1996,"play_id":"cfe99c8c-8c22-45f8-ad3b-16d34c0bed1f","local_time":"20210115093352","is_ascension_mode":true,"campfire_choices":[{"data":"Tactician","floor":6.0,"key":"SMITH"},{"data":"Sucker Punch","floor":13.0,"key":"SMITH"},{"data":"Dagger Spray","floor":15.0,"key":"SMITH"},{"data":"Envenom","floor":23.0,"key":"SMITH"},{"data":"Tactician","floor":25.0,"key":"SMITH"},{"data":"1","floor":32.0,"key":"LIFT"},{"data":"2","floor":40.0,"key":"LIFT"},{"data":"3","floor":47.0,"key":"LIFT"},{"floor":49.0,"key":"RECALL"},{"floor":52.0,"key":"REST"}],"circlet_count":0,"master_deck":["AscendersBane","Survivor","Neutralize","Dagger Throw","Sucker Punch+1","Endless Agony","Tactician+1","Dagger Spray+1","Prepared+1","PiercingWail","Deadly Poison+1","Acrobatics","Doppelganger","Glass Knife","Tools of the Trade","Venomology","Cloak And Dagger","Envenom+1","Footwork","Cloak And Dagger","Prepared","All Out Attack","Flying Knee+1","Noxious Fumes","Night Terror","Tactician+1","Footwork","Leg Sweep+1","Dodge and Roll+1","Catalyst+1","Cloak And Dagger+1","Adrenaline+1","Bouncing Flask+1","Dodge and Roll+1","Caltrops","Outmaneuver+1","PiercingWail+1","PiercingWail+1","Backflip+1","Deadly Poison+1","Flash of Steel","Deadly Poison+1","Backflip+1"],"relics":["Runic Pyramid","MealTicket","Ninja Scroll","Eternal Feather","Pen Nib","Pandora\u0027s Box","MutagenicStrength","Blood Vial","Toxic Egg 2","PreservedInsect","Shuriken","Tiny Chest","Girya","Fusion Hammer","Old Coin","Sling","Gremlin Horn","FossilizedHelix","Pear","HandDrill","Bird Faced Urn"],"acts_visited":["Exordium","TheCity","TheBeyond","TheEnding"],"potions_floor_usage":[55,55,55],"damage_taken":[{"damage":0.0,"enemies":"Cultist","floor":1.0,"turns":4.0},{"damage":2.0,"enemies":"Jaw Worm","floor":2.0,"turns":4.0},{"damage":0.0,"enemies":"Small Slimes","floor":4.0,"turns":4.0},{"damage":4.0,"enemies":"Blue Slaver","floor":5.0,"turns":4.0},{"damage":7.0,"enemies":"3 Sentries","floor":7.0,"turns":12.0},{"damage":2.0,"enemies":"Exordium Wildlife","floor":8.0,"turns":4.0},{"damage":0.0,"enemies":"Exordium Thugs","floor":11.0,"turns":5.0},{"damage":17.0,"enemies":"Lagavulin","floor":12.0,"turns":9.0},{"damage":4.0,"enemies":"Blue Slaver","floor":14.0,"turns":3.0},{"damage":14.0,"enemies":"Slime Boss","floor":16.0,"turns":9.0},{"damage":22.0,"enemies":"2 Thieves","floor":18.0,"turns":4.0},{"damage":0.0,"enemies":"3 Byrds","floor":21.0,"turns":1.0},{"damage":18.0,"enemies":"Snake Plant","floor":22.0,"turns":3.0},{"damage":9.0,"enemies":"Gremlin Leader","floor":24.0,"turns":4.0},{"damage":0.0,"enemies":"Slavers","floor":28.0,"turns":1.0},{"damage":0.0,"enemies":"Centurion and Healer","floor":29.0,"turns":3.0},{"damage":6.0,"enemies":"Gremlin Leader","floor":30.0,"turns":4.0},{"damage":24.0,"enemies":"Sentry and Sphere","floor":31.0,"turns":7.0},{"damage":23.0,"enemies":"Collector","floor":33.0,"turns":10.0},{"damage":9.0,"enemies":"3 Darklings","floor":35.0,"turns":4.0},{"damage":4.0,"enemies":"2 Orb Walkers","floor":36.0,"turns":3.0},{"damage":0.0,"enemies":"3 Shapes","floor":39.0,"turns":4.0},{"damage":8.0,"enemies":"Nemesis","floor":41.0,"turns":5.0},{"damage":0.0,"enemies":"Jaw Worm Horde","floor":42.0,"turns":1.0},{"damage":1.0,"enemies":"Reptomancer","floor":44.0,"turns":4.0},{"damage":0.0,"enemies":"Writhing Mass","floor":45.0,"turns":6.0},{"damage":0.0,"enemies":"3 Darklings","floor":46.0,"turns":1.0},{"damage":56.0,"enemies":"Donu and Deca","floor":50.0,"turns":11.0},{"damage":28.0,"enemies":"Shield and Spear","floor":54.0,"turns":5.0},{"damage":32,"enemies":"The Heart","floor":55,"turns":9}],"seed_played":"4494740985710104771","potions_obtained":[{"floor":2.0,"key":"Fire Potion"},{"floor":7.0,"key":"PowerPotion"},{"floor":16.0,"key":"SpeedPotion"},{"floor":21.0,"key":"DistilledChaos"},{"floor":22.0,"key":"CunningPotion"},{"floor":24.0,"key":"DistilledChaos"},{"floor":39.0,"key":"AttackPotion"},{"floor":41.0,"key":"PowerPotion"}],"is_trial":false,"path_per_floor":["M","M","T","M","M","R","E","M","T","?","M","E","R","M","R","B",null,"M","?","?","M","M","R","E","R","T","$","E","M","E","M","R","B",null,"M","?","?","$","M","R","E","M","T","E","M","M","R","T","R","B",null,"R","$","E","B",null],"character_chosen":"THE_SILENT","items_purchased":["PreservedInsect","Shuriken","Footwork","Sling","Caltrops","Flash of Steel","Deadly Poison+1","Backflip+1","HandDrill"],"campfire_rested":1,"item_purchase_floors":[27,27,27,38,38,53,53,53,53],"current_hp_per_floor":[63,61,61,61,57,57,50,48,48,48,48,31,43,39,51,37,62,40,40,63,63,45,60,51,66,66,70,70,70,64,42,60,39,62,55,53,53,68,70,70,62,64,64,65,67,69,70,80,80,24,66,80,80,52,44],"gold":83,"neow_bonus":"BOSS_RELIC","is_daily":false,"chose_seed":false,"campfire_upgraded":5,"win_rate":0.0,"timestamp":1610728432,"path_taken":["M","M","?","M","M","R","E","M","T","?","M","E","R","M","R","BOSS","M","?","?","M","M","R","E","R","T","?","E","?","E","M","R","BOSS","M","?","?","$","M","R","E","M","T","E","M","M","R","?","R","BOSS","R","$","E","BOSS"],"items_purchased_type":["Relic","Relic","Card","Relic","Card","Card","Card","Card","Relic"],"build_version":"2020-12-22","purchased_purges":1,"victory":true,"max_hp_per_floor":[70,70,70,70,70,70,70,70,70,70,70,70,70,70,70,70,70,70,70,70,70,70,70,70,70,70,70,70,70,70,70,70,70,70,70,70,70,70,70,70,70,70,70,70,70,70,70,80,80,80,80,80,80,80,80],"relic_stats":{"Gremlin Horn":[11,10],"counters":[30,148],"Eternal Feather":87,"Pen Nib":[27],"PreservedInsect":277,"Blood Vial":20,"Shuriken":[45],"Bird Faced Urn":[22],"MealTicket":19,"Pandora\u0027s Box":["Glass Knife","Tools of the Trade","Venomology","Cloak And Dagger","Envenom","Footwork","All Out Attack","Cloak And Dagger","Prepared","All Out Attack"],"Tiny Chest":1,"HandDrill":[2],"obtain_stats":[{"Girya":30,"Pear":48,"Gremlin Horn":41,"Eternal Feather":9,"Pen Nib":12,"PreservedInsect":27,"Sling":38,"Old Coin":36,"Blood Vial":24,"Ninja Scroll":7,"Shuriken":27,"MutagenicStrength":19,"Bird Faced Urn":54,"MealTicket":3,"Pandora\u0027s Box":17,"Tiny Chest":28,"Fusion Hammer":34,"HandDrill":53,"Toxic Egg 2":26,"FossilizedHelix":44,"Ring of the Snake":0,"Runic Pyramid":0},{"Girya":17,"Pear":27,"Gremlin Horn":23,"Eternal Feather":6,"Pen Nib":8,"PreservedInsect":14,"Sling":21,"Old Coin":21,"Blood Vial":14,"Ninja Scroll":5,"Shuriken":14,"MutagenicStrength":11,"Bird Faced Urn":29,"MealTicket":2,"Pandora\u0027s Box":10,"Tiny Chest":15,"Fusion Hammer":19,"HandDrill":28,"Toxic Egg 2":14,"FossilizedHelix":25,"Ring of the Snake":0,"Runic Pyramid":0},{"Girya":78,"Pear":123,"Gremlin Horn":111,"Eternal Feather":32,"Pen Nib":46,"PreservedInsect":70,"Sling":102,"Old Coin":102,"Blood Vial":70,"Ninja Scroll":28,"Shuriken":70,"MutagenicStrength":62,"Bird Faced Urn":139,"MealTicket":8,"Pandora\u0027s Box":58,"Tiny Chest":71,"Fusion Hammer":95,"HandDrill":134,"Toxic Egg 2":70,"FossilizedHelix":116,"Ring of the Snake":0,"Runic Pyramid":0}]},"card_choices":[{"not_picked":["Blur","Cloak And Dagger"],"picked":"Dagger Throw","floor":1.0},{"not_picked":["Blade Dance","Dagger Throw"],"picked":"Sucker Punch","floor":2.0},{"not_picked":["Setup","Slice"],"picked":"Endless Agony","floor":4.0},{"not_picked":["Acrobatics","Dagger Throw"],"picked":"Tactician","floor":5.0},{"not_picked":["Well Laid Plans","Cloak And Dagger"],"picked":"Dagger Spray","floor":7.0},{"not_picked":["Blur","Dagger Spray"],"picked":"Prepared","floor":8.0},{"not_picked":["Backflip","Deflect"],"picked":"PiercingWail","floor":11.0},{"not_picked":["Underhanded Strike","Setup"],"picked":"Deadly Poison","floor":12.0},{"not_picked":["Setup","Bane"],"picked":"Acrobatics","floor":14.0},{"not_picked":["Unload","Burst"],"picked":"Doppelganger","floor":16.0},{"not_picked":["Calculated Gamble+1","Sucker Punch"],"picked":"Flying Knee","floor":18.0},{"not_picked":["Deflect","Acrobatics"],"picked":"Noxious Fumes","floor":21.0},{"not_picked":["PiercingWail","Poisoned Stab"],"picked":"Night Terror","floor":22.0},{"not_picked":["Flying Knee","Deadly Poison+1"],"picked":"Tactician","floor":24.0},{"not_picked":["Blade Dance+1","Terror+1"],"picked":"Leg Sweep+1","floor":28.0},{"not_picked":["Skewer","Deflect+1"],"picked":"Dodge and Roll+1","floor":29.0},{"not_picked":["Slice","Bane"],"picked":"Catalyst+1","floor":30.0},{"not_picked":["Flechettes","Leg Sweep+1"],"picked":"Cloak And Dagger+1","floor":31.0},{"not_picked":["Venomology+1","Malaise+1"],"picked":"Adrenaline+1","floor":33.0},{"not_picked":["Dodge and Roll+1","Underhanded Strike"],"picked":"Bouncing Flask+1","floor":35.0},{"not_picked":["Underhanded Strike","Deflect+1"],"picked":"Dodge and Roll+1","floor":36.0},{"not_picked":["Dagger Spray+1","Accuracy"],"picked":"Outmaneuver+1","floor":39.0},{"not_picked":["Quick Slash","Well Laid Plans","Flying Knee"],"picked":"SKIP","floor":41.0},{"not_picked":["Grand Finale","Dash+1"],"picked":"PiercingWail+1","floor":42.0},{"not_picked":["Deadly Poison+1","Bane"],"picked":"PiercingWail+1","floor":44.0},{"not_picked":["Cloak And Dagger+1","Expertise+1"],"picked":"Backflip+1","floor":45.0},{"not_picked":["Unload","PiercingWail+1"],"picked":"Deadly Poison+1","floor":46.0},{"not_picked":["Slice","Storm of Steel+1","Blade Dance+1"],"picked":"SKIP","floor":54.0}],"player_experience":856934,"relics_obtained":[{"floor":3.0,"key":"MealTicket"},{"floor":7.0,"key":"Ninja Scroll"},{"floor":9.0,"key":"Eternal Feather"},{"floor":12.0,"key":"Pen Nib"},{"floor":24.0,"key":"Blood Vial"},{"floor":26.0,"key":"Toxic Egg 2"},{"floor":28.0,"key":"Tiny Chest"},{"floor":30.0,"key":"Girya"},{"floor":36.0,"key":"Old Coin"},{"floor":41.0,"key":"Gremlin Horn"},{"floor":44.0,"key":"FossilizedHelix"},{"floor":48.0,"key":"Pear"},{"floor":54.0,"key":"Bird Faced Urn"}],"event_choices":[{"damage_healed":0.0,"max_hp_gain":0.0,"max_hp_loss":0.0,"gold_gain":0.0,"event_name":"Living Wall","player_choice":"Grow","floor":10.0,"gold_loss":0.0,"damage_taken":0.0,"cards_upgraded":["Prepared"]},{"damage_healed":0.0,"max_hp_gain":0.0,"max_hp_loss":0.0,"gold_gain":0.0,"event_name":"Drug Dealer","player_choice":"Inject Mutagens","floor":19.0,"gold_loss":0.0,"damage_taken":0.0,"relics_obtained":["MutagenicStrength"]},{"damage_healed":23.0,"max_hp_gain":0.0,"max_hp_loss":0.0,"gold_gain":0.0,"event_name":"The Library","player_choice":"Heal","floor":20.0,"gold_loss":0.0,"damage_taken":0.0},{"damage_healed":0.0,"max_hp_gain":0.0,"max_hp_loss":0.0,"gold_gain":0.0,"event_name":"Mysterious Sphere","player_choice":"Fight","floor":36.0,"gold_loss":0.0,"damage_taken":0.0},{"damage_healed":0.0,"max_hp_gain":0.0,"max_hp_loss":0.0,"gold_gain":0.0,"event_name":"Designer","player_choice":"Upgraded Two","floor":37.0,"gold_loss":40.0,"damage_taken":0.0,"cards_upgraded":["Deadly Poison","Flying Knee"]}],"is_beta":false,"boss_relics":[{"not_picked":["Astrolabe","Empty Cage"],"picked":"Pandora\u0027s Box"},{"not_picked":["SacredBark","WristBlade"],"picked":"Fusion Hammer"}],"items_purged_floors":[53],"is_endless":false,"potions_floor_spawned":[2,7,16,21,22,24,31,33,39,41,46],"ascension_level":12}}