{"host":"71zygvukkr9gbg44","time":1610718925,"event":{"mods":["BaseMod","Downfall","Marisa£®ÏF”Í°°ƒß¿Ì…≥£©","Minty Spire (QoL Compilation)","StSLib","The Bug Knight"],"gold_per_floor":[110,60,60,73,90,119,44,69,69,69,82,157,182,2,2,98,98,110,110,10,10,10,10,35,47,47,57,77,9,44,58,58,58,58],"floor_reached":33,"language":"ZHS","playtime":2172,"items_purged":["Defend_B","Strike_B"],"score":333,"play_id":"12951a3d-3e0b-466d-8ae4-6280dda9fcb9","local_time":"20210115215525","is_ascension_mode":true,"campfire_choices":[{"data":"Aggregate","floor":10.0,"key":"SMITH"},{"floor":15.0,"key":"REST"},{"data":"expansioncontent:DashGenerateEvil","floor":23.0,"key":"SMITH"},{"data":"Double Energy","floor":32.0,"key":"SMITH"}],"circlet_count":0,"master_deck":["Strike_B","Strike_B","Defend_B","Defend_B","Zap","Dualcast","Sweeping Beam","Reinforced Body","Aggregate+1","Rip and Tear","Leap","Echo Form","Skim","expansioncontent:DashGenerateEvil+1","Biased Cognition","Double Energy+1","Writhe","Defragment","Static Discharge","Sweeping Beam+1","FTL","All For One","Sunder","Rebound+1"],"relics":["Black Star","MealTicket","White Beast Statue","Question Card","Gremlin Horn","Oddly Smooth Stone","Anchor","HornCleat","SacredBark","Blood Vial","Letter Opener","Darkstone Periapt","HollowMod:PaleOreRelic","Happy Flower"],"acts_visited":["Exordium","TheCity"],"potions_floor_usage":[33],"damage_taken":[{"damage":1.0,"enemies":"2 Louse","floor":1.0,"turns":3.0},{"damage":7.0,"enemies":"Jaw Worm","floor":4.0,"turns":3.0},{"damage":1.0,"enemies":"Cultist","floor":5.0,"turns":4.0},{"damage":22.0,"enemies":"Gremlin Nob","floor":6.0,"turns":4.0},{"damage":16.0,"enemies":"HollowMod:MossKnight","floor":8.0,"turns":12.0},{"damage":0.0,"enemies":"Lots of Slimes","floor":11.0,"turns":1.0},{"damage":11.0,"enemies":"3 Sentries","floor":13.0,"turns":5.0},{"damage":27.0,"enemies":"The Guardian","floor":16.0,"turns":10.0},{"damage":0.0,"enemies":"Shell Parasite","floor":18.0,"turns":6.0},{"damage":12.0,"enemies":"HollowMod:Nosk","floor":24.0,"turns":8.0},{"damage":0.0,"enemies":"3 Byrds","floor":25.0,"turns":4.0},{"damage":25.0,"enemies":"Centurion and Healer","floor":27.0,"turns":9.0},{"damage":18.0,"enemies":"Snake Plant","floor":28.0,"turns":6.0},{"damage":27.0,"enemies":"Book of Stabbing","floor":30.0,"turns":5.0},{"damage":0.0,"enemies":"3 Cultists","floor":31.0,"turns":4.0},{"damage":67,"enemies":"Champ","floor":33,"turns":9}],"seed_played":"5175799827924354970","potions_obtained":[{"floor":4.0,"key":"FearPotion"},{"floor":6.0,"key":"FocusPotion"},{"floor":8.0,"key":"BlessingOfTheForge"},{"floor":11.0,"key":"Weak Potion"},{"floor":13.0,"key":"PowerPotion"},{"floor":16.0,"key":"FearPotion"},{"floor":18.0,"key":"Regen Potion"},{"floor":24.0,"key":"SkillPotion"},{"floor":27.0,"key":"Fire Potion"},{"floor":28.0,"key":"SteroidPotion"},{"floor":31.0,"key":"Explosive Potion"}],"is_trial":false,"path_per_floor":["M","?","?","M","M","E","$","E","T","R","M","?","E","$","R","B",null,"M","?","$","?","$","R","E","M","T","M","M","$","E","M","R","B"],"character_chosen":"DEFECT","items_purchased":["expansioncontent:DashGenerateEvil","All For One"],"campfire_rested":1,"item_purchase_floors":[14,29],"current_hp_per_floor":[74,74,74,67,66,44,59,43,43,43,43,32,21,36,58,31,75,75,75,75,75,75,75,63,65,65,42,66,75,48,50,50,0,0],"gold":58,"neow_bonus":"BOSS_RELIC","is_daily":false,"chose_seed":false,"campfire_upgraded":3,"win_rate":0.0,"timestamp":1610718925,"path_taken":["M","?","?","?","M","E","?","E","T","R","M","?","E","$","R","BOSS","M","?","?","?","?","R","E","M","T","?","M","$","E","M","R","BOSS"],"items_purchased_type":["Card","Card"],"build_version":"2020-12-22","purchased_purges":2,"victory":false,"max_hp_per_floor":[75,75,75,75,75,75,75,75,75,75,75,75,75,75,75,75,75,75,75,75,75,75,75,75,75,75,75,75,75,75,75,75,75,75],"card_choices":[{"not_picked":["Fusion","Hologram"],"picked":"Sweeping Beam","floor":1.0},{"not_picked":["Doom and Gloom","Coolheaded"],"picked":"Reinforced Body","floor":4.0},{"not_picked":["Steam","Streamline"],"picked":"Aggregate","floor":5.0},{"not_picked":["Turbo","Streamline"],"picked":"Rip and Tear","floor":6.0},{"not_picked":["Redo","Conserve Battery"],"picked":"Leap","floor":8.0},{"not_picked":["Redo","Coolheaded","Sunder"],"picked":"Echo Form","floor":11.0},{"not_picked":["Fusion","Beam Cell","Doom and Gloom"],"picked":"Skim","floor":13.0},{"not_picked":["Machine Learning","All For One","Seek"],"picked":"Biased Cognition","floor":16.0},{"not_picked":["Cold Snap+1","Coolheaded+1","Hologram"],"picked":"Double Energy","floor":18.0},{"not_picked":["Barrage","Force Field","Cold Snap"],"picked":"Defragment","floor":24.0},{"not_picked":["Compile Driver","Hologram","Sweeping Beam"],"picked":"Static Discharge","floor":25.0},{"not_picked":["Scrape","Barrage","Go for the Eyes"],"picked":"Sweeping Beam+1","floor":27.0},{"not_picked":["Stack+1","Barrage","Go for the Eyes"],"picked":"FTL","floor":28.0},{"not_picked":["Storm","Reprogram","Turbo"],"picked":"Sunder","floor":30.0},{"not_picked":["Skim","Double Energy","Cold Snap+1"],"picked":"Rebound+1","floor":31.0}],"player_experience":45510,"relics_obtained":[{"floor":6.0,"key":"MealTicket"},{"floor":6.0,"key":"White Beast Statue"},{"floor":8.0,"key":"Question Card"},{"floor":8.0,"key":"Gremlin Horn"},{"floor":9.0,"key":"Oddly Smooth Stone"},{"floor":13.0,"key":"Anchor"},{"floor":13.0,"key":"HornCleat"},{"floor":24.0,"key":"Letter Opener"},{"floor":24.0,"key":"Darkstone Periapt"},{"floor":30.0,"key":"HollowMod:PaleOreRelic"},{"floor":30.0,"key":"Happy Flower"}],"event_choices":[{"cards_removed":["Strike_B"],"damage_healed":0.0,"max_hp_gain":0.0,"max_hp_loss":0.0,"gold_gain":0.0,"event_name":"The Cleric","player_choice":"Card Removal","floor":2.0,"gold_loss":50.0,"damage_taken":0.0},{"cards_removed":["Defend_B"],"damage_healed":0.0,"max_hp_gain":0.0,"max_hp_loss":0.0,"gold_gain":0.0,"event_name":"Purifier","player_choice":"Purged","floor":3.0,"gold_loss":0.0,"damage_taken":0.0},{"damage_healed":0.0,"max_hp_gain":0.0,"max_hp_loss":0.0,"gold_gain":75.0,"event_name":"World of Goop","player_choice":"Gather Gold","floor":12.0,"gold_loss":0.0,"damage_taken":11.0},{"damage_healed":0.0,"max_hp_gain":0.0,"max_hp_loss":0.0,"gold_gain":0.0,"event_name":"The Woman in Blue","player_choice":"Bought 0 Potions","floor":19.0,"gold_loss":0.0,"damage_taken":0.0},{"damage_healed":0.0,"max_hp_gain":0.0,"max_hp_loss":0.0,"gold_gain":0.0,"event_name":"The Mausoleum","player_choice":"Opened","floor":21.0,"gold_loss":0.0,"damage_taken":0.0,"relics_obtained":["Blood Vial"],"cards_obtained":["Writhe"]}],"is_beta":false,"boss_relics":[{"not_picked":["Velvet Choker","Calling Bell"],"picked":"SacredBark"}],"items_purged_floors":[7,20],"is_endless":false,"potions_floor_spawned":[4,6,8,11,13,16,18,24,25,27,28,30,31],"killed_by":"Champ","ascension_level":2}}