{"host":"4rvk26w7t08d5zdj","time":1610691218,"event":{"mods":["AchievementEnabler","BaseMod","Colored Powertips","Conspire","Energized Spire","GifTheSpireLib","Minty Spire (QoL Compilation)","Rare Cards Sparkle","StSLib","The Animator","The Blue Laboratory"],"gold_per_floor":[109,384,411,430,442,486,37,68,93,123,123,138,138,158,158,254,254,266,262,304,85,119,119,132,132,156,175,175,210,222,233,233,233,233],"floor_reached":33,"language":"ENG","playtime":2409,"items_purged":["animator:Defend"],"score":333,"play_id":"6c445f07-b18e-421a-9e84-cc7a045f7de4","local_time":"20210114221338","is_ascension_mode":false,"campfire_choices":[{"data":"animator:YachiyoNanami","floor":15,"key":"SMITH"},{"data":"animator:Vanir","floor":23,"key":"SMITH"},{"data":"animator:NagisaMomoe","floor":25,"key":"SMITH"},{"floor":32,"key":"REST"}],"circlet_count":0,"master_deck":["animator:Strike_MadokaMagica","animator:Defend_MadokaMagica","animator:Strike","animator:Strike","animator:Strike","animator:Defend","animator:Defend","animator:IrohaTamaki","animator:YuiTsuruno","animator:Mitsurugi","animator:KyokoSakura","animator:Mitsurugi","animator:YachiyoNanami+1","animator:Mitsuba","animator:MadokaKaname","animator:Pride","animator:Cirno","animator:OrikoMikuni","animator:Vanir+1","animator:NagisaMomoe+1","animator:OrikoMikuni","animator:Eve","animator:Chung+1","animator:DwarfShaman+1","animator:MamiTomoe","animator:SuzuneAmano+1","animator:ElricEdward+1","animator:Priestess+1","animator:RoyMustang","animator:Elsword","animator:Benimaru+1"],"relics":["animator:LivingPicture","animator:TheMissingPiece","NeowsBlessing","Blood Vial","Strawberry","Happy Flower","Bag of Marbles","FaceOfCleric","conspire:RunicOctahedron","Lee\u0027s Waffle","Red Mask","Akabeko","Smiling Mask"],"acts_visited":["Exordium","TheCity"],"potions_floor_usage":[5,16,22,29,33,33],"damage_taken":[{"damage":0,"enemies":"Small Slimes","floor":1,"turns":1},{"damage":0,"enemies":"Cultist","floor":3,"turns":1},{"damage":0,"enemies":"Jaw Worm","floor":4,"turns":1},{"damage":0,"enemies":"Lots of Slimes","floor":5,"turns":3},{"damage":18,"enemies":"3 Sentries","floor":6,"turns":7},{"damage":11,"enemies":"Large Slime","floor":8,"turns":6},{"damage":23,"enemies":"Lagavulin","floor":10,"turns":6},{"damage":1,"enemies":"Gremlin Gang","floor":12,"turns":3},{"damage":2,"enemies":"Blue Slaver","floor":14,"turns":2},{"damage":9,"enemies":"Slime Boss","floor":16,"turns":16},{"damage":6,"enemies":"Spheric Guardian","floor":18,"turns":5},{"damage":9,"enemies":"2 Thieves","floor":19,"turns":4},{"damage":24,"enemies":"Centurion and Healer","floor":20,"turns":8},{"damage":1,"enemies":"Masked Bandits","floor":22,"turns":4},{"damage":15,"enemies":"Cultist and Chosen","floor":24,"turns":6},{"damage":15,"enemies":"Snake Plant","floor":27,"turns":2},{"damage":14,"enemies":"Slavers","floor":29,"turns":5},{"damage":1,"enemies":"Chosen and Byrds","floor":30,"turns":4},{"damage":1,"enemies":"Snecko","floor":31,"turns":3},{"damage":89,"enemies":"Champ","floor":33,"turns":12}],"seed_played":"-5410569722332926787","potions_obtained":[{"floor":3,"key":"BlessingOfTheForge"},{"floor":5,"key":"blueLaboratory:NullPotion"},{"floor":8,"key":"blueLaboratory:ForbiddenFruitJuice"},{"floor":14,"key":"Block Potion"},{"floor":19,"key":"LiquidBronze"},{"floor":20,"key":"AttackPotion"},{"floor":27,"key":"Block Potion"},{"floor":31,"key":"blueLaboratory:BubblePotion"}],"is_trial":false,"path_per_floor":["M","?","M","M","M","E","$","M","T","E","?","M","?","M","R","B",null,"M","M","M","$","?","R","M","R","T","M","?","E","M","M","R","B"],"character_chosen":"THE_ANIMATOR","items_purchased":["Strawberry","animator:MadokaKaname","animator:Pride","animator:Cirno","Lee\u0027s Waffle"],"campfire_rested":1,"item_purchase_floors":[7,7,7,7,21],"current_hp_per_floor":[66,66,66,66,67,49,56,50,50,32,32,34,34,35,35,35,77,72,72,51,87,89,89,76,76,76,65,65,54,56,58,86,0,0],"gold":233,"neow_bonus":"THREE_ENEMY_KILL","is_daily":false,"chose_seed":false,"campfire_upgraded":3,"win_rate":0.0,"timestamp":1610691218,"path_taken":["M","?","?","?","M","E","$","M","T","E","?","?","?","M","R","BOSS","M","?","M","$","?","R","M","R","T","M","?","E","?","M","R","BOSS"],"items_purchased_type":["Relic","Card","Card","Card","Relic"],"build_version":"2020-12-22","purchased_purges":1,"victory":false,"max_hp_per_floor":[66,66,66,66,67,67,74,74,74,74,74,75,75,76,76,77,77,78,79,80,87,90,90,91,91,91,93,93,94,95,96,96,96,96],"card_choices":[{"not_picked":["animator:Vanir","animator:Spearman"],"picked":"animator:Mitsurugi","floor":1},{"not_picked":["animator:Mitsuba","animator:Kazuma"],"picked":"animator:KyokoSakura","floor":3},{"not_picked":["animator:Souei","animator:Shinoa"],"picked":"animator:Mitsurugi","floor":4},{"not_picked":["animator:KyokoSakura","animator:NagisaMomoe"],"picked":"animator:YachiyoNanami","floor":5},{"not_picked":["animator:Shinoa","animator:Raven"],"picked":"animator:Mitsuba","floor":6},{"not_picked":["animator:Raven","animator:Guren"],"picked":"animator:OrikoMikuni","floor":8},{"not_picked":["animator:CrowleyEusford","animator:HiiragiShinya"],"picked":"animator:Vanir","floor":10},{"not_picked":["animator:SuzuneAmano","animator:KyokoSakura"],"picked":"animator:NagisaMomoe","floor":12},{"not_picked":["animator:MaesHughes","animator:Chung"],"picked":"animator:OrikoMikuni","floor":14},{"not_picked":["animator:Hans","animator:Father"],"picked":"animator:Eve","floor":16},{"not_picked":["animator:Spearman","animator:Mikaela"],"picked":"animator:Chung+1","floor":18},{"not_picked":["animator:Add","animator:Megumin"],"picked":"animator:DwarfShaman","floor":19},{"not_picked":["animator:IrohaTamaki","animator:KyokoSakura"],"picked":"animator:MamiTomoe","floor":20},{"not_picked":["animator:LizardPriest","animator:HighElfArcher"],"picked":"animator:SuzuneAmano+1","floor":22},{"not_picked":["animator:Verdia","animator:Elsword"],"picked":"animator:ElricEdward+1","floor":24},{"not_picked":["animator:KyokoSakura","animator:Hakurou"],"picked":"animator:Priestess+1","floor":27},{"not_picked":["animator:Shion","animator:Megumin"],"picked":"animator:RoyMustang","floor":29},{"not_picked":["animator:Raven","animator:Lu"],"picked":"animator:Elsword","floor":30},{"not_picked":["animator:Yoichi","animator:MaesHughes"],"picked":"animator:Benimaru+1","floor":31}],"player_experience":1034365,"relics_obtained":[{"floor":6,"key":"Blood Vial"},{"floor":9,"key":"Happy Flower"},{"floor":10,"key":"Bag of Marbles"},{"floor":22,"key":"Red Mask"},{"floor":26,"key":"Akabeko"},{"floor":29,"key":"Smiling Mask"}],"event_choices":[{"damage_healed":0,"gold_gain":275,"player_choice":"Desecrate","damage_taken":0,"max_hp_gain":0,"max_hp_loss":0,"event_name":"Golden Shrine","floor":2,"gold_loss":0,"cards_obtained":["Regret"]},{"cards_removed":["Regret"],"damage_healed":0,"gold_gain":0,"player_choice":"Purged","damage_taken":0,"max_hp_gain":0,"max_hp_loss":0,"event_name":"Purifier","floor":11,"gold_loss":0},{"damage_healed":0,"gold_gain":0,"player_choice":"Trade","damage_taken":0,"relics_obtained":["FaceOfCleric"],"max_hp_gain":0,"max_hp_loss":0,"event_name":"FaceTrader","floor":13,"gold_loss":0},{"damage_healed":0,"gold_gain":0,"player_choice":"Fought Bandits","damage_taken":0,"max_hp_gain":0,"max_hp_loss":0,"event_name":"Masked Bandits","floor":22,"gold_loss":0},{"damage_healed":0,"gold_gain":0,"player_choice":"Upgraded","damage_taken":0,"max_hp_gain":0,"max_hp_loss":0,"event_name":"Upgrade Shrine","floor":28,"gold_loss":0,"cards_upgraded":["animator:DwarfShaman"]}],"is_beta":false,"boss_relics":[{"not_picked":["Busted Crown","conspire:SlowCooker"],"picked":"conspire:RunicOctahedron"}],"items_purged_floors":[21],"is_endless":false,"potions_floor_spawned":[3,5,8,12,14,19,20,27,31],"killed_by":"Champ","ascension_level":0}}