{"host":"kgfs5ebhusfk1t4t","time":1610730527,"event":{"mods":["BaseMod","Colored Map","DeckTracker","Highlight Path","KOR Keyword Fix","Keyboard Shortcuts","Minty Spire (QoL Compilation)","Permanent Neow","Quick Restart","StSLib","SuperFastMode","everything is the same but u backflip on backflip"],"gold_per_floor":[114,131,141,155,175,175,175,186,268,297,297,326,401,419,419,521,521,535,545,390,390,68,68,80,110,160,160,171,171,171,121,121,224,224,236,236,253,1,1,1,1],"floor_reached":40,"language":"KOR","playtime":2027,"items_purged":[],"score":716,"play_id":"df82c0e4-0315-4fb7-a4b5-f8c563fa1dba","local_time":"20210116020847","is_ascension_mode":true,"campfire_choices":[{"data":"Seeing Red","floor":6.0,"key":"SMITH"},{"floor":15.0,"key":"REST"},{"floor":23.0,"key":"REST"},{"data":"True Grit","floor":27.0,"key":"SMITH"},{"data":"Corruption","floor":29.0,"key":"SMITH"},{"data":"Barricade","floor":32.0,"key":"SMITH"}],"circlet_count":0,"master_deck":["AscendersBane","Bash","Immolate","Seeing Red+1","Power Through","Pummel","Double Tap","Seeing Red","Clothesline","Headbutt","Armaments","Corruption+1","Fiend Fire","Brutality","Wild Strike","Pommel Strike","Shockwave","Body Slam","Fire Breathing","Rampage","Rupture","Fire Breathing","Entrench","Dark Embrace+1","Shrug It Off","Seeing Red","Fire Breathing","Reckless Charge","True Grit+1","Perseverance","Rage+1","Ball Lightning","Barricade+1","Exhume","Vengeance","Panacea","Metallicize","True Grit","Seeing Red"],"relics":["Burning Blood","Darkstone Periapt","Eternal Feather","Calipers","Art of War","Pandora\u0027s Box","PrismaticShard","Anchor","Philosopher\u0027s Stone"],"acts_visited":["Exordium","TheCity","TheBeyond"],"potions_floor_usage":[37],"damage_taken":[{"damage":0.0,"enemies":"2 Louse","floor":1.0,"turns":1.0},{"damage":0.0,"enemies":"Small Slimes","floor":2.0,"turns":2.0},{"damage":4.0,"enemies":"Jaw Worm","floor":3.0,"turns":4.0},{"damage":10.0,"enemies":"Gremlin Gang","floor":4.0,"turns":3.0},{"damage":1.0,"enemies":"Looter","floor":5.0,"turns":3.0},{"damage":21.0,"enemies":"3 Louse","floor":8.0,"turns":3.0},{"damage":12.0,"enemies":"Gremlin Nob","floor":10.0,"turns":4.0},{"damage":15.0,"enemies":"Lagavulin","floor":12.0,"turns":5.0},{"damage":9.0,"enemies":"Exordium Thugs","floor":14.0,"turns":3.0},{"damage":47.0,"enemies":"Hexaghost","floor":16.0,"turns":10.0},{"damage":17.0,"enemies":"Shell Parasite","floor":18.0,"turns":4.0},{"damage":27.0,"enemies":"Spheric Guardian","floor":19.0,"turns":5.0},{"damage":19.0,"enemies":"Snake Plant","floor":24.0,"turns":2.0},{"damage":24.0,"enemies":"Book of Stabbing","floor":25.0,"turns":5.0},{"damage":12.0,"enemies":"Snecko","floor":28.0,"turns":5.0},{"damage":40.0,"enemies":"Automaton","floor":33.0,"turns":8.0},{"damage":21.0,"enemies":"3 Darklings","floor":35.0,"turns":3.0},{"damage":10,"enemies":"Orb Walker","floor":37,"turns":3},{"damage":41,"enemies":"Nemesis","floor":40,"turns":4}],"seed_played":"-6611972066908324267","potions_obtained":[{"floor":1.0,"key":"ColorlessPotion"},{"floor":2.0,"key":"Weak Potion"},{"floor":8.0,"key":"ElixirPotion"},{"floor":14.0,"key":"Swift Potion"},{"floor":24.0,"key":"LiquidMemories"},{"floor":28.0,"key":"Energy Potion"},{"floor":33.0,"key":"Ancient Potion"},{"floor":35.0,"key":"ElixirPotion"},{"floor":37,"key":"ElixirPotion"}],"is_trial":false,"path_per_floor":["M","M","M","M","M","R","?","M","T","E","?","E","?","M","R","B",null,"M","M","$","?","$","R","M","E","T","R","M","R","?","?","R","B",null,"M","?","M","$","?","E"],"character_chosen":"IRONCLAD","items_purchased":["Shrug It Off","Seeing Red","ColorlessPotion","Fire Breathing","PrismaticShard","Reckless Charge","True Grit","GamblersBrew","True Grit","Sever Soul","Seeing Red"],"campfire_rested":2,"item_purchase_floors":[20,20,20,22,22,22,22,38,38,38,38],"current_hp_per_floor":[72,72,72,68,72,72,78,63,63,57,50,41,30,27,62,21,64,53,32,32,32,32,70,57,39,39,57,51,69,69,69,78,44,70,55,55,51,51,51,10,10],"gold":1,"neow_bonus":"THREE_RARE_CARDS","is_daily":false,"chose_seed":false,"campfire_upgraded":4,"win_rate":0.0,"timestamp":1610730527,"path_taken":["M","M","M","M","M","R","?","M","T","E","?","E","?","M","R","BOSS","M","M","$","?","$","R","?","E","T","R","M","R","?","?","R","BOSS","M","?","M","$","?","E"],"items_purchased_type":["Card","Card","Potion","Card","Relic","Card","Card","Potion","Card","Card","Card"],"build_version":"2020-12-22","purchased_purges":0,"victory":false,"max_hp_per_floor":[72,72,72,72,72,72,78,78,78,78,78,78,78,78,78,78,78,78,78,78,78,78,78,78,78,78,78,78,78,78,78,78,78,78,78,78,78,78,78,78,78],"card_choices":[{"not_picked":["Bludgeon","Exhume"],"picked":"Immolate","floor":0.0},{"not_picked":["Fire Breathing","Flex"],"picked":"Seeing Red","floor":1.0},{"not_picked":["Clothesline","Pommel Strike"],"picked":"Power Through","floor":2.0},{"not_picked":["Anger","Blood for Blood"],"picked":"Pummel","floor":3.0},{"not_picked":["Clash","Body Slam"],"picked":"Double Tap","floor":4.0},{"not_picked":["Flex","Pommel Strike"],"picked":"Seeing Red","floor":5.0},{"not_picked":["Feel No Pain","Dual Wield"],"picked":"Clothesline","floor":8.0},{"not_picked":["Clothesline","Anger"],"picked":"Headbutt","floor":10.0},{"not_picked":["Fire Breathing","Twin Strike"],"picked":"Armaments","floor":12.0},{"not_picked":["Twin Strike","Thunderclap"],"picked":"Corruption","floor":14.0},{"not_picked":["Double Tap","Reaper"],"picked":"Fiend Fire","floor":16.0},{"not_picked":["Heavy Blade","Sword Boomerang"],"picked":"Entrench","floor":18.0},{"not_picked":["Iron Wave","Cleave"],"picked":"Dark Embrace","floor":19.0},{"not_picked":["Blade Dance+1","EmptyMind"],"picked":"Perseverance","floor":24.0},{"not_picked":["FlurryOfBlows","Consecrate"],"picked":"Rage+1","floor":25.0},{"not_picked":["Thunderclap","BowlingBash"],"picked":"Ball Lightning","floor":28.0},{"not_picked":["Juggernaut","Echo Form"],"picked":"Exhume","floor":33.0},{"not_picked":["Poisoned Stab","Leap"],"picked":"Vengeance","floor":35.0},{"not_picked":["Dramatic Entrance","Forethought"],"picked":"Panacea","floor":36.0},{"not_picked":["Choke","Tactician"],"picked":"Metallicize","floor":37}],"player_experience":492072,"relics_obtained":[{"floor":9.0,"key":"Eternal Feather"},{"floor":10.0,"key":"Calipers"},{"floor":12.0,"key":"Art of War"},{"floor":25.0,"key":"Anchor"}],"event_choices":[{"damage_healed":0.0,"max_hp_gain":0.0,"max_hp_loss":0.0,"gold_gain":0.0,"event_name":"Big Fish","player_choice":"Box","floor":7.0,"gold_loss":0.0,"damage_taken":0.0,"relics_obtained":["Darkstone Periapt"],"cards_obtained":["Regret"]},{"cards_removed":["Regret"],"damage_healed":0.0,"max_hp_gain":0.0,"max_hp_loss":0.0,"gold_gain":0.0,"event_name":"Golden Wing","player_choice":"Card Removal","floor":11.0,"gold_loss":0.0,"damage_taken":7.0},{"damage_healed":0.0,"max_hp_gain":0.0,"max_hp_loss":0.0,"gold_gain":75.0,"event_name":"World of Goop","player_choice":"Gather Gold","floor":13.0,"gold_loss":0.0,"damage_taken":11.0},{"damage_healed":0.0,"max_hp_gain":0.0,"max_hp_loss":0.0,"gold_gain":0.0,"event_name":"Upgrade Shrine","player_choice":"Upgraded","floor":21.0,"gold_loss":0.0,"damage_taken":0.0,"cards_upgraded":["Dark Embrace"]},{"damage_healed":0.0,"max_hp_gain":0.0,"max_hp_loss":0.0,"gold_gain":0.0,"event_name":"The Library","player_choice":"Read","floor":30.0,"gold_loss":0.0,"damage_taken":0.0,"cards_obtained":["Barricade"]},{"damage_healed":0.0,"max_hp_gain":0.0,"max_hp_loss":0.0,"gold_gain":0.0,"event_name":"The Joust","player_choice":"Bet on Murderer","floor":31.0,"gold_loss":50.0,"damage_taken":0.0},{"damage_healed":0.0,"max_hp_gain":0.0,"max_hp_loss":0.0,"gold_gain":0.0,"event_name":"SensoryStone","player_choice":"Memory 1","floor":36.0,"gold_loss":0.0,"damage_taken":0.0},{"cards_removed":["Sever Soul"],"damage_healed":0,"gold_gain":0,"player_choice":"Removed Attack","damage_taken":0,"max_hp_gain":0,"max_hp_loss":0,"event_name":"Falling","floor":39,"gold_loss":0}],"is_beta":false,"boss_relics":[{"not_picked":["Runic Cube","Tiny House"],"picked":"Pandora\u0027s Box"},{"not_picked":["Astrolabe","Calling Bell"],"picked":"Philosopher\u0027s Stone"}],"items_purged_floors":[],"is_endless":false,"potions_floor_spawned":[1,2,4,8,14,24,28,33,35,37],"killed_by":"Nemesis","ascension_level":12}}