{"host":"55yei7x27djrlaep","time":1610719088,"event":{"mods":["Act Like it!","BaseMod","Better Altar","Better Match","Better Note","Better Sensory Stone","Better Skull","Better Third Choice","BetterRewards","Colored Map","Evolution","Friendly Minions","GifTheSpireLib","Halation","Hubris","Minty Spire (QoL Compilation)","Pale of the Ancients","Replay The Spire","StSLib","The Bladedancer","The Runesmith"],"gold_per_floor":[112,123,139,153,153,188,198,233,303,323,54,87,102,102,102,203,203,216,227,227,227,227,261,273,316,328,372,397,409,421,433,445,553,565,590,602,614,626,654,692,704,736,748,792,1104,1116,354,371,371,371,371,371,39,67,67,67],"floor_reached":55,"language":"ENG","playtime":2892,"items_purged":["Strike_R","Strike_R","Strike_R","Strike_R","Defend_R"],"score":1469,"play_id":"06ea4c7a-1f2c-4980-97fb-5d12100e3299","local_time":"20210115165808","is_ascension_mode":true,"campfire_choices":[{"data":"ReplayTheSpireMod:Limb From Limb","floor":15,"key":"SMITH"},{"data":"Rampage","floor":15,"key":"SMITH"},{"data":"Warcry","floor":24,"key":"SMITH"},{"floor":24,"key":"RECALL"},{"data":"Sword Boomerang","floor":29,"key":"SMITH"},{"data":"Shrug It Off","floor":29,"key":"SMITH"},{"data":"Reaper","floor":32,"key":"SMITH"},{"data":"Bash","floor":32,"key":"SMITH"},{"data":"Searing Blow+1","floor":41,"key":"SMITH"},{"data":"Searing Blow+2","floor":41,"key":"SMITH"},{"data":"Searing Blow+3","floor":46,"key":"SMITH"},{"data":"Searing Blow+4","floor":46,"key":"SMITH"},{"data":"Searing Blow+5","floor":49,"key":"SMITH"},{"data":"Searing Blow+6","floor":49,"key":"SMITH"},{"data":"Searing Blow+7","floor":52,"key":"SMITH"},{"data":"Searing Blow+8","floor":52,"key":"SMITH"}],"circlet_count":0,"master_deck":["Strike_R+2","Defend_R","Defend_R","Defend_R+1","Bash+1","Inflame+1","Heavy Blade+1","Rampage+1","Flex+1","ReplayTheSpireMod:Limb From Limb+1","Headbutt+1","Sword Boomerang+1","Shrug It Off+1","Reaper+1","Warcry+1","hubris:ReadiedAction+1","True Grit+1","Impervious+1","Demon Form+1","Berserk+1","Heavy Blade+1","Shrug It Off+1","Searing Blow+10","Shrug It Off+1","ReplayUltimateDefense+1","Flame Barrier+1","Shrug It Off+1"],"relics":["Burning Blood","EVO:Axolotl","Magic Flower","Omamori","Frozen Egg 2","halation:PenCase","Pondfish Scales","ClockworkSouvenir","Meat on the Bone","halation:OrihimeAndHikoboshiSamaAndTears","Iron Hammer","Gremlin Horn","Lantern","Golden Egg","hubris:Towel","Black Star","halation:IncompleteEncyclopedia","MawBank","Runesmith:AutoHammer","Shuriken","Anchor","Onion Ring","Darkstone Periapt","Question Card","hubris:TinFlute","Ooze Armor","hubris:VirtuousBlindfold","Replay:Wax Seal","Simple Rune","PreservedInsect","Replay:Baseball","Turnip","Juzu Bracelet","Guide Book","Replay:Rubber Ducky","hubris:BundleOfHerbs"],"acts_visited":["Exordium","TheCity","TheBeyond","TheEnding"],"potions_floor_usage":[8,16,23,27,28,40,48,50,50,50,50,55,55],"damage_taken":[{"damage":9,"enemies":"Jaw Worm","floor":1,"turns":3},{"damage":0,"enemies":"Cultist","floor":2,"turns":2},{"damage":14,"enemies":"2 Louse","floor":3,"turns":5},{"damage":3,"enemies":"Large Slime","floor":4,"turns":5},{"damage":23,"enemies":"Replay:BlueRogue","floor":6,"turns":5},{"damage":12,"enemies":"Looter","floor":7,"turns":3},{"damage":15,"enemies":"3 Sentries","floor":8,"turns":4},{"damage":0,"enemies":"3 Louse","floor":10,"turns":2},{"damage":16,"enemies":"Gremlin Nob","floor":12,"turns":3},{"damage":0,"enemies":"Red Slaver","floor":13,"turns":2},{"damage":48,"enemies":"Hexaghost","floor":16,"turns":5},{"damage":3,"enemies":"Spheric Guardian","floor":18,"turns":3},{"damage":9,"enemies":"2 Thieves","floor":19,"turns":3},{"damage":1,"enemies":"Replay:Snechameleon","floor":23,"turns":2},{"damage":0,"enemies":"Gremlin Leader","floor":25,"turns":3},{"damage":5,"enemies":"Slavers","floor":27,"turns":3},{"damage":12,"enemies":"Chosen and Byrds","floor":28,"turns":3},{"damage":34,"enemies":"hubris:MusketHawk","floor":33,"turns":5},{"damage":17,"enemies":"3 Darklings","floor":35,"turns":3},{"damage":0,"enemies":"Orb Walker","floor":39,"turns":3},{"damage":9,"enemies":"Giant Head","floor":40,"turns":5},{"damage":0,"enemies":"3 Darklings","floor":42,"turns":3},{"damage":11,"enemies":"Nemesis","floor":44,"turns":5},{"damage":14,"enemies":"Spire Growth","floor":48,"turns":4},{"damage":67,"enemies":"Time Eater","floor":50,"turns":9},{"damage":0,"enemies":"Shield and Spear","floor":54,"turns":1},{"damage":87,"enemies":"The Heart","floor":55,"turns":6}],"seed_played":"-4353850353128201827","potions_obtained":[{"floor":2,"key":"Adrenaline Potion"},{"floor":4,"key":"Energy Potion"},{"floor":7,"key":"SpeedPotion"},{"floor":12,"key":"Swift Potion"},{"floor":13,"key":"BloodPotion"},{"floor":16,"key":"DistilledChaos"},{"floor":25,"key":"Elixir"},{"floor":27,"key":"FearPotion"},{"floor":35,"key":"PowerPotion"},{"floor":40,"key":"EntropicBrew"},{"floor":48,"key":"Dexterity Potion"}],"is_trial":false,"path_per_floor":["M","M","M","M","?","E","M","E","T","M","$","E","M","?","R","B",null,"M","M","?","?","HB","E","R","E","T","E","M","R","?","T","R","B",null,"M","?","$","HB","M","E","R","M","T","E","?","R","$","M","R","B",null,"R","$","E","B"],"character_chosen":"IRONCLAD","items_purchased":["Omamori","Frozen Egg 2","Inflame+1","Heavy Blade+1","halation:PenCase","Rampage","Flex+1","ClockworkSouvenir","Meat on the Bone","Lantern","ReplayUltimateDefense+1","Turnip","Juzu Bracelet","Guide Book"],"campfire_rested":0,"item_purchase_floors":[0,0,0,0,0,0,0,0,0,11,47,47,47,53],"current_hp_per_floor":[42,51,64,70,70,56,53,65,65,74,74,67,76,76,76,62,76,80,80,80,80,80,80,80,80,80,80,77,77,61,61,61,54,74,66,66,66,66,80,80,80,80,80,78,78,78,78,80,80,67,77,77,77,80,0,0],"gold":67,"neow_bonus":"","is_daily":false,"chose_seed":false,"campfire_upgraded":15,"win_rate":0.0,"timestamp":1610719088,"path_taken":["M","M","M","M","?","E","M","E","T","M","?","E","M","?","R","BOSS","M","M","?","?","HB","E","R","E","T","E","M","R","?","?","R","BOSS","M","?","$","HB","?","E","R","M","T","E","?","R","?","M","R","BOSS","R","$","E","BOSS"],"items_purchased_type":["Relic","Relic","Card","Card","Relic","Card","Card","Relic","Relic","Relic","Card","Relic","Relic","Relic"],"build_version":"2020-12-22","purchased_purges":5,"victory":false,"max_hp_per_floor":[80,80,80,80,80,80,80,80,80,80,80,80,80,80,80,80,80,80,80,80,80,80,80,80,80,80,80,80,80,80,80,80,80,80,80,80,80,80,80,80,80,80,80,80,80,80,80,80,80,80,80,80,80,80,80,80],"card_choices":[{"not_picked":["Clash","Clothesline"],"picked":"ReplayTheSpireMod:Limb From Limb","floor":1},{"not_picked":["Evolve+1","Flex"],"picked":"Headbutt","floor":2},{"not_picked":["Sentinel","Dark Embrace+1","Uppercut"],"picked":"SKIP","floor":3},{"not_picked":["Sentinel","Fire Breathing+1"],"picked":"Sword Boomerang","floor":4},{"not_picked":["Sever Soul","Second Wind"],"picked":"Shrug It Off","floor":6},{"not_picked":["Combust+1","Iron Wave","Cleave"],"picked":"SKIP","floor":7},{"not_picked":["Perfected Strike","Cleave","Wild Strike"],"picked":"SKIP","floor":8},{"not_picked":["Rage","Uppercut"],"picked":"Reaper","floor":10},{"not_picked":["Run Through","Sword Boomerang","Infernal Blade"],"picked":"SKIP","floor":12},{"not_picked":["Pommel Strike","Twin Strike"],"picked":"Warcry","floor":13},{"not_picked":["Shockwave","Iron Wave"],"picked":"hubris:ReadiedAction+1","floor":18},{"not_picked":["Pommel Strike+1","Dropkick"],"picked":"True Grit+1","floor":19},{"not_picked":["Warcry","Bludgeon","Cleave"],"picked":"SKIP","floor":23},{"not_picked":["Combust+1","Sword Boomerang"],"picked":"Impervious","floor":25},{"not_picked":["Flex","Thunderclap","Perfected Strike"],"picked":"SKIP","floor":27},{"not_picked":["Armaments","Run Through","Iron Wave+1","Sword Boomerang+1"],"picked":"SKIP","floor":28},{"not_picked":["Hemogenesis","Double Tap","Impervious"],"picked":"Berserk+1","floor":33},{"not_picked":["Wild Strike","Twin Strike+1","Replay:Undeath\u0027s Touch"],"picked":"Heavy Blade+1","floor":35},{"not_picked":["Warcry","hubris:ReadiedAction+1","Dropkick+1"],"picked":"Shrug It Off+1","floor":39},{"not_picked":["hubris:StunningStrike","Armaments+1","Sword Boomerang"],"picked":"Searing Blow+1","floor":40},{"not_picked":["Entrench","Run Through","Ghostly Armor"],"picked":"Shrug It Off+1","floor":42},{"not_picked":["Perfected Strike+1","Feed","Rupture+1","Run Through"],"picked":"SKIP","floor":44},{"not_picked":["Run Through+1","Headbutt+1","Wild Strike+1"],"picked":"Flame Barrier+1","floor":48},{"not_picked":["Rupture+1","Spot Weakness","Flex+1"],"picked":"Shrug It Off+1","floor":54}],"player_experience":403082,"relics_obtained":[{"floor":6,"key":"halation:OrihimeAndHikoboshiSamaAndTears"},{"floor":8,"key":"Iron Hammer"},{"floor":9,"key":"Gremlin Horn"},{"floor":12,"key":"Golden Egg"},{"floor":23,"key":"MawBank"},{"floor":23,"key":"Runesmith:AutoHammer"},{"floor":25,"key":"Shuriken"},{"floor":25,"key":"Anchor"},{"floor":26,"key":"Onion Ring"},{"floor":27,"key":"Darkstone Periapt"},{"floor":27,"key":"Question Card"},{"floor":31,"key":"hubris:TinFlute"},{"floor":40,"key":"Replay:Wax Seal"},{"floor":40,"key":"Simple Rune"},{"floor":44,"key":"PreservedInsect"},{"floor":44,"key":"Replay:Baseball"},{"floor":54,"key":"Replay:Rubber Ducky"},{"floor":54,"key":"hubris:BundleOfHerbs"}],"event_choices":[{"damage_healed":0,"gold_gain":0,"player_choice":"Bought 0 Potions","damage_taken":0,"max_hp_gain":0,"max_hp_loss":0,"event_name":"The Woman in Blue","floor":5,"gold_loss":0},{"damage_healed":0,"gold_gain":0,"player_choice":"Ignored","damage_taken":0,"max_hp_gain":0,"max_hp_loss":0,"event_name":"Vampires","floor":20,"gold_loss":0},{"damage_healed":0,"gold_gain":2,"player_choice":"2","damage_taken":0,"max_hp_gain":0,"max_hp_loss":16,"event_name":"betterStone:BetterStone","floor":30,"gold_loss":0},{"damage_healed":0,"gold_gain":0,"player_choice":"Upgraded","damage_taken":0,"max_hp_gain":0,"max_hp_loss":0,"event_name":"Upgrade Shrine","floor":36,"gold_loss":0,"cards_upgraded":["Headbutt"]},{"damage_healed":0,"gold_gain":300,"player_choice":"Gold","damage_taken":0,"max_hp_gain":0,"max_hp_loss":0,"event_name":"Wheel of Change","floor":45,"gold_loss":0}],"is_beta":false,"boss_relics":[{"not_picked":["Tiny House","Replay:Wanted Poster"],"picked":"Black Star"},{"not_picked":["Replay:Ancient Bell","halation:Risk"],"picked":"Ooze Armor"}],"items_purged_floors":[0,0,11,47,53],"is_endless":false,"potions_floor_spawned":[2,4,7,12,13,16,19,25,27,35,40,48],"killed_by":"The Heart","ascension_level":6}}