{"host":"g2v9yifwdrisoopr","time":1610751680,"event":{"mods":["2.2 Compatiblity","AchievementEnabler","Aspiration","BaseMod","Card Forge","Colored Map","Colored Powertips","Conspire","Dark Map","Displayed Cursed Tome","Downfall","GifTheSpireLib","Halation","Hermit","Highlight Path","Infinite Spire","Minty Spire (QoL Compilation)","Replay The Spire","Retaliation","Shop Mod","Somnambulant","Spicy Shops","Spikes Relics","StSLib","Strawberry Spire","Stuff the Spire","The Bladedancer","The Cursed","The Hierophant","Transform Curses","vexMod","??????REMEMod"],"gold_per_floor":[117,147,122,122,137,151,22,33,60,95,95,95,95,55,55,155,155,169,183,83,83,83,144,108,108,108,151,151,200,200,290,290,426,426,455,455,455,492,492,492,554,324,377,377,377,10,10,95,95,150],"floor_reached":51,"language":"ENG","playtime":3198,"items_purged":["Shame"],"score":803,"play_id":"9bbe8df8-5239-4bf3-9d73-c13c1344e14e","local_time":"20210116000120","daily_mods":["Heirloom","Time Dilation","Flight","downfall:ChampStances","downfall:Lament"],"is_ascension_mode":false,"campfire_choices":[{"floor":13,"key":"REST"},{"floor":28,"key":"REST"},{"floor":40,"key":"REST"},{"floor":49,"key":"DIG"}],"circlet_count":0,"master_deck":["blademaster:Strike","blademaster:Strike","blademaster:Strike","blademaster:Strike","blademaster:Defend","blademaster:Defend","blademaster:Defend","blademaster:Defend","blademaster:RagingBlow","blademaster:HighVoltage+1","blademaster:OneTrickPony","blademaster:Meditate","blademaster:ColdBlood+1","blademaster:AspectOfWind","blademaster:Safeguard","blademaster:EnchantedCuirass","blademaster:Empower","blademaster:Havoc","blademaster:AspectOfLightning","conspire:SpireCoStock","conspire:SpireCoStock","blademaster:AirSlash+1","blademaster:AirSlash","StuffTheSpire:DeathNote","blademaster:Stormstrike+1","blademaster:UnrelentingWind","blademaster:LightningDraw","blademaster:DaggerAndCloak","blademaster:LightningCrash+1","blademaster:CullingStrike","blademaster:Quickstep+1","blademaster:KiBarrier","blademaster:Cut","blademaster:AncestralHealing+1","blademaster:LightningCrash","Overencumbered","infinitespire:SevenWalls","blademaster:Empower","blademaster:Gust","blademaster:Gust","blademaster:DancingEdge+1","blademaster:EyeOfTheTornado","blademaster:LeechingStrike+1","blademaster:Stormstrike+1"],"relics":["blademaster:DancersAmulet","Hammer of Thor","Seething Fire","Anvil of the Gods","REME_ComplimentaryCards","champ:ChampStancesModRelic","NeowsBlessing","halation:SwordOfLegend","Lizard Tail","MerchantsRug","RollingBoulder","aspiration:ChemicalBlood","Juzu Bracelet","StuffTheSpire:Kangaroo","MutagenicStrength","BicycleWheel","Bottled Lightning","halation:QuantumPhysicsTextbook","Blue Doll","aspiration:RitualStick","expansioncontent:StudyCardRelic","halation:PinkSoulGem","halation:PapillonHeart","MiniBlackHole","Orrery","StuffTheSpire:OldFever","Replay:Ringing Soul","ReplayFunnel","Replay:Wax Seal"],"acts_visited":["Exordium","TheCity","TheBeyond"],"potions_floor_usage":[10,16,16,16,18,23,23,23,23,29,29,29,33,33,33,33,38,41,41,50,50,50,50,50,50,50],"damage_taken":[{"damage":2,"enemies":"conspire:RoseBush","floor":1,"turns":1},{"damage":0,"enemies":"conspire:MimicChest","floor":2,"turns":1},{"damage":0,"enemies":"Jaw Worm","floor":5,"turns":1},{"damage":11,"enemies":"Small Slimes","floor":6,"turns":4},{"damage":14,"enemies":"Blue Slaver","floor":8,"turns":6},{"damage":51,"enemies":"Lagavulin","floor":10,"turns":7},{"damage":45,"enemies":"Fading Forest","floor":16,"turns":11},{"damage":19,"enemies":"Chosen","floor":18,"turns":7},{"damage":3,"enemies":"Spheric Guardian","floor":19,"turns":5},{"damage":33,"enemies":"Gremlin Leader","floor":23,"turns":13},{"damage":7,"enemies":"Snecko","floor":27,"turns":5},{"damage":25,"enemies":"Book of Stabbing","floor":29,"turns":6},{"damage":47,"enemies":"Automaton","floor":33,"turns":8},{"damage":9,"enemies":"3 Darklings","floor":35,"turns":3},{"damage":26,"enemies":"3 Shapes","floor":38,"turns":3},{"damage":28,"enemies":"Giant Head","floor":41,"turns":7},{"damage":8,"enemies":"Awakened One","floor":50,"turns":7}],"seed_played":"7228207642847376586","potions_obtained":[{"floor":1,"key":"LiquidBronze"},{"floor":2,"key":"Fire Potion"},{"floor":6,"key":"SpeedPotion"},{"floor":14,"key":"Explosive Potion"},{"floor":14,"key":"Death Potion"},{"floor":14,"key":"Block Potion"},{"floor":19,"key":"AttackPotion"},{"floor":29,"key":"Milkshake"},{"floor":32,"key":"FearPotion"},{"floor":32,"key":"PowerPotion"},{"floor":33,"key":"SkillPotion"},{"floor":38,"key":"sneckomod:MuddlingPotion"},{"floor":38,"key":"EntropicBrew"},{"floor":41,"key":"Strength Potion"},{"floor":41,"key":"FearPotion"},{"floor":50,"key":"Adrenaline Potion"}],"is_trial":true,"path_per_floor":["M","?","?","?","M","M","$","M","T","E","?","?","R","?","R_BF","B",null,"M","M","?","?","?","E","$","?","T","M","R","E","?","?","R_BF","B",null,"M","?","?","M","?","R","E","$","T","?","?","$","?","?","R_BF","B",null],"character_chosen":"THE_BLADEMASTER","items_purchased":["MerchantsRug","blademaster:AirSlash","Orrery","Replay:Ringing Soul","blademaster:Gust","blademaster:DancingEdge+1","blademaster:EyeOfTheTornado"],"campfire_rested":3,"item_purchase_floors":[7,24,42,46,46,46,46],"current_hp_per_floor":[73,73,73,73,73,68,68,54,54,3,3,3,37,37,59,42,75,56,70,70,70,70,55,55,35,35,30,67,50,35,23,26,7,75,66,66,66,46,46,71,49,49,49,49,49,52,59,33,36,77],"gold":150,"neow_bonus":"","is_daily":false,"chose_seed":false,"campfire_upgraded":0,"win_rate":0.0,"timestamp":1610751680,"path_taken":["M","?","?","?","M","M","?","?","T","E","?","?","R","?","R_BF","BOSS","M","M","?","?","?","E","?","?","T","M","R","E","?","?","R_BF","BOSS","M","?","?","M","?","R","E","?","T","?","?","?","?","?","R_BF","BOSS"],"items_purchased_type":["Relic","Card","Relic","Relic","Card","Card","Card"],"build_version":"2020-12-22","purchased_purges":1,"victory":true,"max_hp_per_floor":[75,75,75,75,75,75,75,75,75,75,75,75,75,75,75,75,75,75,75,75,75,75,75,75,75,75,75,75,75,75,75,75,75,75,75,75,75,75,71,71,71,71,71,71,71,74,74,77,77,77],"card_choices":[{"not_picked":["blademaster:DragonStrike","blademaster:BloodyBlow"],"picked":"blademaster:OneTrickPony","floor":1},{"not_picked":["blademaster:Sharpen","blademaster:AwakeningStrike"],"picked":"blademaster:Meditate","floor":2},{"not_picked":["blademaster:Gust","blademaster:BrainBloom"],"picked":"blademaster:ColdBlood","floor":5},{"not_picked":["blademaster:SlyStabs","blademaster:DaggerAndCloak"],"picked":"blademaster:AspectOfWind","floor":6},{"not_picked":["blademaster:ThunderSlash","blademaster:Cut"],"picked":"blademaster:Safeguard","floor":8},{"not_picked":["blademaster:Vortex","blademaster:SlyStabs"],"picked":"blademaster:EnchantedCuirass","floor":10},{"not_picked":["blademaster:EnchantedCuirass","blademaster:FlockOfBlades"],"picked":"blademaster:Empower","floor":16},{"not_picked":["blademaster:AirSlash","blademaster:Cut+1"],"picked":"blademaster:Havoc","floor":18},{"not_picked":["blademaster:Thrust","blademaster:DaggerAndCloak"],"picked":"blademaster:AspectOfLightning","floor":19},{"not_picked":["blademaster:ChargingUp+1","blademaster:Vortex"],"picked":"blademaster:AirSlash+1","floor":23},{"not_picked":["blademaster:LightningCrash","blademaster:Sharpen"],"picked":"blademaster:Stormstrike+1","floor":27},{"not_picked":["blademaster:BrainBloom+1","blademaster:Frontflip"],"picked":"blademaster:UnrelentingWind","floor":29},{"not_picked":["blademaster:CloudOfSteel","blademaster:RollingTyphoon"],"picked":"blademaster:LightningDraw","floor":33},{"not_picked":["blademaster:Frontflip","blademaster:AirSlash"],"picked":"blademaster:DaggerAndCloak","floor":35},{"not_picked":["blademaster:SharpBlades","blademaster:DragonStrike"],"picked":"blademaster:LightningCrash+1","floor":38},{"not_picked":["blademaster:SharpBlades","blademaster:Hailwind+1"],"picked":"blademaster:CullingStrike","floor":41},{"not_picked":["blademaster:Sharpen","blademaster:Thrust"],"picked":"blademaster:Quickstep+1","floor":42},{"not_picked":["blademaster:BloodyBlow+1","blademaster:CombatPrep+1"],"picked":"blademaster:KiBarrier","floor":42},{"not_picked":["blademaster:Quickstep","blademaster:Safeguard"],"picked":"blademaster:Cut","floor":42},{"not_picked":["blademaster:Quickstep","blademaster:Momentum"],"picked":"blademaster:AncestralHealing+1","floor":42},{"not_picked":["blademaster:SlyStabs+1","blademaster:ChargingUp+1"],"picked":"blademaster:LightningCrash","floor":42},{"not_picked":["ReplayTheSpireMod:Chaos Vortex","infinitespire:FutureSight"],"picked":"infinitespire:SevenWalls","floor":44},{"not_picked":["blademaster:Meditate","blademaster:Havoc+1"],"picked":"blademaster:LeechingStrike+1","floor":48},{"not_picked":["blademaster:CombatPrep","blademaster:EyeOfTheStorm"],"picked":"blademaster:Stormstrike+1","floor":48}],"player_experience":117532,"relics_obtained":[{"floor":2,"key":"Lizard Tail"},{"floor":2,"key":"blademaster:RandomBladePerk"},{"floor":9,"key":"RollingBoulder"},{"floor":10,"key":"aspiration:ChemicalBlood"},{"floor":10,"key":"blademaster:DextrousPerk"},{"floor":23,"key":"Bottled Lightning"},{"floor":23,"key":"blademaster:StanceHealPerk"},{"floor":26,"key":"halation:QuantumPhysicsTextbook"},{"floor":29,"key":"Blue Doll"},{"floor":29,"key":"blademaster:FuryEveryTurnPerk"},{"floor":41,"key":"MiniBlackHole"},{"floor":41,"key":"blademaster:BonusComboPerk"},{"floor":43,"key":"StuffTheSpire:OldFever"},{"floor":48,"key":"ReplayFunnel"},{"floor":49,"key":"Replay:Wax Seal"}],"event_choices":[{"damage_healed":0,"gold_gain":0,"player_choice":"Disagree","damage_taken":0,"max_hp_gain":0,"max_hp_loss":0,"event_name":"conspire:LoneGhost","floor":4,"gold_loss":0},{"damage_healed":0,"gold_gain":0,"player_choice":"Gave Potion","damage_taken":0,"relics_obtained":["Juzu Bracelet"],"max_hp_gain":0,"max_hp_loss":0,"event_name":"WeMeetAgain","floor":11,"gold_loss":0},{"damage_healed":0,"gold_gain":0,"player_choice":"Bought 3 Potions","damage_taken":0,"max_hp_gain":0,"max_hp_loss":0,"event_name":"The Woman in Blue","floor":14,"gold_loss":0},{"damage_healed":0,"gold_gain":0,"player_choice":"Invest 2","damage_taken":0,"max_hp_gain":0,"max_hp_loss":0,"event_name":"conspire:Investor","floor":20,"gold_loss":0},{"damage_healed":0,"gold_gain":0,"player_choice":"Inject Mutagens","damage_taken":0,"relics_obtained":["MutagenicStrength"],"max_hp_gain":0,"max_hp_loss":0,"event_name":"Drug Dealer","floor":21,"gold_loss":0},{"damage_healed":0,"gold_gain":0,"player_choice":"Stole Relic","damage_taken":0,"relics_obtained":["BicycleWheel"],"max_hp_gain":0,"max_hp_loss":0,"event_name":"Addict","floor":22,"gold_loss":0,"cards_obtained":["Shame"]},{"damage_healed":0,"gold_gain":90,"player_choice":"GOLD ","damage_taken":12,"max_hp_gain":0,"max_hp_loss":0,"event_name":"Knowing Skull","floor":31,"potions_obtained":[],"gold_loss":0,"cards_obtained":[]},{"damage_healed":0,"gold_gain":0,"player_choice":"Ignored","damage_taken":0,"max_hp_gain":0,"max_hp_loss":0,"event_name":"Tomb of Lord Red Mask","floor":36,"gold_loss":0},{"damage_healed":0,"gold_gain":0,"cards_transformed":["ReplayTheSpireMod:Splinters"],"player_choice":"Transformed","damage_taken":0,"max_hp_gain":0,"max_hp_loss":0,"event_name":"Transmorgrifier","floor":45,"gold_loss":0,"cards_obtained":["blademaster:Empower"]}],"is_beta":false,"boss_relics":[{"not_picked":["halation:PinkAlligatorPlush","Abe\u0027s Treasure"],"picked":"StuffTheSpire:Kangaroo"},{"not_picked":["Sozu","halation:Yufonium"],"picked":"expansioncontent:StudyCardRelic"}],"items_purged_floors":[42],"is_endless":false,"potions_floor_spawned":[1,2,6,19,29,33,38],"ascension_level":0}}