{"host":"19t2eyow02s954g8","time":1610703756,"event":{"mods":["BaseMod","Colored Map","DeckTracker","Minty Spire (QoL Compilation)","StSLib","SuperFastMode"],"gold_per_floor":[119,119,119,135,135,135,163,163,188,188,14,14,14,77,77,154,204,224,224,238,138,32,32,66,66,66],"floor_reached":25,"language":"KOR","playtime":597,"items_purged":["Strike_G","Strike_G"],"score":476,"play_id":"0613a1a8-a732-4ab1-b842-734947ca685e","local_time":"20210115184236","is_ascension_mode":true,"campfire_choices":[{"data":"Neutralize","floor":6.0,"key":"SMITH"},{"data":"Cloak And Dagger","floor":8.0,"key":"SMITH"},{"data":"Dagger Spray","floor":10,"key":"SMITH"},{"data":"Slice","floor":12,"key":"SMITH"},{"floor":15,"key":"REST"},{"data":"Prepared","floor":23,"key":"SMITH"}],"circlet_count":0,"master_deck":["AscendersBane","Strike_G","Defend_G+1","Defend_G","Defend_G","Defend_G","Defend_G","Survivor","Neutralize+1","Dagger Spray+1","Cloak And Dagger+1","Accuracy+1","Footwork+1","Slice+1","Noxious Fumes+1","After Image+1","Acrobatics+1","Bouncing Flask+1","Footwork+1","Prepared+1","Reflex"],"relics":["Ring of the Snake","NeowsBlessing","Frozen Egg 2","Du-Vu Doll","Anchor","Tiny House","WingedGreaves"],"acts_visited":["Exordium","TheCity"],"potions_floor_usage":[14,16,24],"damage_taken":[{"damage":0.0,"enemies":"Small Slimes","floor":1.0,"turns":1.0},{"damage":0.0,"enemies":"2 Louse","floor":4.0,"turns":1.0},{"damage":0.0,"enemies":"3 Sentries","floor":7.0,"turns":1.0},{"damage":18,"enemies":"Lagavulin Event","floor":14,"turns":8},{"damage":5,"enemies":"Slime Boss","floor":16,"turns":9},{"damage":7,"enemies":"3 Byrds","floor":18,"turns":9},{"damage":0,"enemies":"Spheric Guardian","floor":20,"turns":5},{"damage":41,"enemies":"Gremlin Leader","floor":24,"turns":6},{"damage":3,"enemies":"Cultist and Chosen","floor":25,"turns":3}],"seed_played":"8871106147247572423","potions_obtained":[{"floor":4.0,"key":"Poison Potion"},{"floor":7.0,"key":"Dexterity Potion"},{"floor":17,"key":"PowerPotion"}],"is_trial":false,"path_per_floor":["M","?","?","M","?","R","E","R","T","R","$","R","$","?","R","B",null,"M","?","M","$","$","R","E","M"],"character_chosen":"THE_SILENT","items_purchased":["Footwork+1","Slice","Footwork+1","Prepared"],"campfire_rested":1,"item_purchase_floors":[11,11,22,22],"current_hp_per_floor":[59,52,52,52,34,34,34,34,34,34,34,34,34,16,35,30,62,55,55,55,55,55,55,14,11,11],"gold":66,"neow_bonus":"THREE_ENEMY_KILL","is_daily":false,"chose_seed":false,"campfire_upgraded":5,"win_rate":0.0,"timestamp":1610703756,"path_taken":["M","?","?","?","?","R","E","R","T","R","$","R","?","?","R","BOSS","M","?","?","?","$","R","E","M"],"items_purchased_type":["Card","Card","Card","Card"],"build_version":"2020-12-22","purchased_purges":2,"victory":false,"max_hp_per_floor":[66,66,66,66,66,66,66,66,66,66,66,66,66,66,66,66,71,71,71,71,71,71,71,71,71,71],"card_choices":[{"not_picked":["Backflip","Masterful Stab"],"picked":"Dagger Spray","floor":1.0},{"not_picked":["Flying Knee","Deflect"],"picked":"Cloak And Dagger","floor":4.0},{"not_picked":["Noxious Fumes+1","Bane"],"picked":"Accuracy+1","floor":7.0},{"not_picked":["Acrobatics","Doppelganger"],"picked":"Noxious Fumes+1","floor":14},{"not_picked":["Unload","A Thousand Cuts+1"],"picked":"After Image+1","floor":16},{"not_picked":["Backflip","Endless Agony"],"picked":"Acrobatics","floor":17},{"not_picked":["Dagger Throw","Backflip"],"picked":"Bouncing Flask+1","floor":18},{"not_picked":["Dodge and Roll","Distraction+1","Poisoned Stab"],"picked":"SKIP","floor":20},{"not_picked":["Dagger Spray","Sucker Punch"],"picked":"Reflex","floor":24}],"player_experience":4273566,"relics_obtained":[{"floor":7.0,"key":"Du-Vu Doll"},{"floor":14,"key":"Anchor"},{"floor":24,"key":"WingedGreaves"}],"event_choices":[{"cards_removed":["Strike_G"],"damage_healed":0.0,"max_hp_gain":0.0,"max_hp_loss":0.0,"gold_gain":0.0,"event_name":"Golden Wing","player_choice":"Card Removal","floor":2.0,"gold_loss":0.0,"damage_taken":7.0},{"cards_removed":["Strike_G"],"damage_healed":0.0,"max_hp_gain":0.0,"max_hp_loss":0.0,"gold_gain":0.0,"event_name":"Purifier","player_choice":"Purged","floor":3.0,"gold_loss":0.0,"damage_taken":0.0},{"damage_healed":0.0,"max_hp_gain":0.0,"max_hp_loss":0.0,"gold_gain":0.0,"event_name":"Scrap Ooze","player_choice":"Success","floor":5.0,"gold_loss":0.0,"damage_taken":18.0,"relics_obtained":["Frozen Egg 2"]},{"damage_healed":0,"gold_gain":0,"player_choice":"Searched \u00271\u0027 times","damage_taken":0,"max_hp_gain":0,"max_hp_loss":0,"event_name":"Dead Adventurer","floor":14,"gold_loss":0},{"damage_healed":0,"gold_gain":0,"player_choice":"Upgraded","damage_taken":0,"max_hp_gain":0,"max_hp_loss":0,"event_name":"Upgrade Shrine","floor":19,"gold_loss":0,"cards_upgraded":["Acrobatics"]}],"is_beta":false,"boss_relics":[{"not_picked":["Fusion Hammer","SacredBark"],"picked":"Tiny House"}],"items_purged_floors":[11,21],"is_endless":false,"potions_floor_spawned":[4,7],"killed_by":"Cultist and Chosen","ascension_level":20}}