{"host":"i0avyit1s6jb1siw","time":1610744003,"event":{"mods":["BaseMod","DeckTracker","Dota2Spire","Highlight Path","Minty Spire (QoL Compilation)","Quick Restart","StSLib","SuperFastMode"],"gold_per_floor":[167,167,92,108,127,127,144,144,144,172,188,205,205,130,130,130,130],"floor_reached":16,"language":"ENG","playtime":241,"items_purged":["Strike_P"],"score":204,"play_id":"ab70e899-03c0-4da7-bb94-a12c7a9c3efc","local_time":"20210115215323","is_ascension_mode":true,"campfire_choices":[{"data":"Eruption","floor":6,"key":"SMITH"},{"floor":8,"key":"REST"},{"data":"MentalFortress","floor":13,"key":"SMITH"},{"data":"Wallop","floor":15,"key":"SMITH"}],"circlet_count":0,"master_deck":["AscendersBane","Strike_P","Strike_P","Strike_P","Defend_P","Defend_P","Defend_P+1","Eruption+1","Vigilance","Wallop+1","MentalFortress+1","EmptyFist"],"relics":["Tiny House","Dota2Spire:CrimsonGuard","Frozen Egg 2","Dota2Spire:ArcaneBoots"],"acts_visited":["Exordium"],"potions_floor_usage":[],"damage_taken":[{"damage":8,"enemies":"Jaw Worm","floor":1,"turns":5},{"damage":7,"enemies":"2 Louse","floor":4,"turns":2},{"damage":5,"enemies":"Small Slimes","floor":5,"turns":3},{"damage":4,"enemies":"Looter","floor":7,"turns":2},{"damage":13,"enemies":"Lagavulin","floor":10,"turns":7},{"damage":6,"enemies":"3 Louse","floor":11,"turns":3},{"damage":0,"enemies":"Blue Slaver","floor":12,"turns":4},{"damage":27,"enemies":"The Guardian","floor":16,"turns":15}],"seed_played":"-6456777425092877860","potions_obtained":[{"floor":0,"key":"SkillPotion"},{"floor":4,"key":"ColorlessPotion"}],"is_trial":false,"path_per_floor":["M","?","?","M","M","R","M","R","T","E","M","M","R","$","R","B"],"character_chosen":"WATCHER","items_purchased":[],"campfire_rested":1,"item_purchase_floors":[],"current_hp_per_floor":[58,40,40,33,28,28,24,45,45,32,26,26,26,26,26,0,0],"gold":130,"neow_bonus":"BOSS_RELIC","is_daily":false,"chose_seed":false,"campfire_upgraded":3,"win_rate":0.0,"timestamp":1610744003,"path_taken":["M","?","?","M","M","R","?","R","T","E","M","M","R","$","R","BOSS"],"items_purchased_type":[],"build_version":"2020-12-22","purchased_purges":1,"victory":false,"max_hp_per_floor":[73,73,73,73,73,73,73,73,73,73,73,73,73,73,73,73,73],"card_choices":[{"not_picked":["FollowUp","BattleHymn"],"picked":"Wallop","floor":1},{"not_picked":["ClearTheMind","Study","CutThroughFate"],"picked":"SKIP","floor":4},{"not_picked":["Protect","Fasting2","FlyingSleeves"],"picked":"SKIP","floor":5},{"not_picked":["Perseverance","Consecrate"],"picked":"MentalFortress","floor":7},{"not_picked":["Halt","SignatureMove"],"picked":"EmptyFist","floor":10},{"not_picked":["Crescendo","ThirdEye","Consecrate"],"picked":"SKIP","floor":11},{"not_picked":["ClearTheMind","Evaluate","FlurryOfBlows"],"picked":"SKIP","floor":12}],"player_experience":2254472,"relics_obtained":[{"floor":9,"key":"Frozen Egg 2"},{"floor":10,"key":"Dota2Spire:ArcaneBoots"}],"event_choices":[{"damage_healed":0,"gold_gain":0,"player_choice":"Success","damage_taken":18,"relics_obtained":["Dota2Spire:CrimsonGuard"],"max_hp_gain":0,"max_hp_loss":0,"event_name":"Scrap Ooze","floor":2,"gold_loss":0},{"cards_removed":["Defend_P"],"damage_healed":0,"gold_gain":0,"player_choice":"Card Removal","damage_taken":0,"max_hp_gain":0,"max_hp_loss":0,"event_name":"The Cleric","floor":3,"gold_loss":75}],"is_beta":false,"boss_relics":[],"items_purged_floors":[14],"is_endless":false,"potions_floor_spawned":[4,7,10,11],"killed_by":"The Guardian","ascension_level":20}}