{"host":"mkwa175kl1c2jyb4","time":1610709291,"event":{"mods":["2.2 Compatiblity","AchievementEnabler","Act Like it!","BaseMod","Better Third Choice","BetterRewards","CapriCore","Colored Powertips","DeckTracker","Energized Spire","Friendly Minions","Gensokyo","Hubris","Infinite Spire","Minty Spire (QoL Compilation)","Quick Restart","Rare Cards Sparkle","Relic Stats","Replay The Spire","StSLib","SuperFastMode","The Marked"],"gold_per_floor":[117,132,17,32,50,75,75,105,154,154,79,94,119,129,129,129,129],"floor_reached":16,"language":"ENG","playtime":731,"items_purged":["theMarked:Strike"],"score":112,"play_id":"7b176ce2-22d8-49b4-a55b-79590ae9d4fb","local_time":"20210115061451","is_ascension_mode":false,"campfire_choices":[{"data":"theMarked:GodGivenPower","floor":7,"key":"SMITH"},{"floor":10,"key":"REST"},{"floor":15,"key":"REST"}],"circlet_count":0,"master_deck":["theMarked:Strike","theMarked:Strike","theMarked:Strike","theMarked:Strike","theMarked:Defend","theMarked:Defend","theMarked:Defend","theMarked:Defend","theMarked:SoldierOfQuellstein","theMarked:SwordAndMagic","theMarked:Aftermath","theMarked:GodGivenPower+1","theMarked:WastefulAttack+1","theMarked:RepellingDischarge","theMarked:EmpowerWeapon","theMarked:MagicAdept","theMarked:TwofoldDefense","theMarked:ReduceFriction","theMarked:Panic"],"relics":["theMarked:ArtifactOfAir","NeowsBlessing","Durian","Mercury Hourglass","Simple Rune","Odd Mushroom"],"acts_visited":["Exordium"],"potions_floor_usage":[5,5,5,6,16],"damage_taken":[{"damage":0,"enemies":"Cultist","floor":1,"turns":1},{"damage":0,"enemies":"2 Louse","floor":2,"turns":1},{"damage":0,"enemies":"infinitespire:Voidling","floor":4,"turns":1},{"damage":10,"enemies":"Exordium Thugs","floor":5,"turns":4},{"damage":10,"enemies":"Replay:BlueRogue","floor":6,"turns":3},{"damage":30,"enemies":"Lagavulin","floor":8,"turns":7},{"damage":7,"enemies":"Blue Slaver","floor":12,"turns":2},{"damage":18,"enemies":"The Mushroom Lair","floor":13,"turns":3},{"damage":0,"enemies":"2 Fungi Beasts","floor":14,"turns":3},{"damage":8,"enemies":"The Guardian","floor":16,"turns":5}],"seed_played":"5176365792501126791","potions_obtained":[{"floor":2,"key":"FearPotion"},{"floor":4,"key":"EntropicBrew"},{"floor":13,"key":"SpeedPotion"},{"floor":14,"key":"BlessingOfTheForge"}],"is_trial":false,"path_per_floor":["M","M","$","M","M","E","R","E","T","R","$","M","?","M","R","B"],"character_chosen":"THE_DEFAULT","items_purchased":["theMarked:GodGivenPower","theMarked:WastefulAttack+1"],"campfire_rested":2,"item_purchase_floors":[3,3],"current_hp_per_floor":[70,70,70,70,60,55,55,25,25,47,47,40,22,22,44,36,36],"gold":129,"neow_bonus":"THREE_ENEMY_KILL","is_daily":false,"chose_seed":false,"campfire_upgraded":1,"win_rate":0.0,"timestamp":1610709291,"path_taken":["M","M","$","M","?","E","R","E","T","R","$","M","?","M","R","BOSS"],"items_purchased_type":["Card","Card"],"build_version":"2020-12-22","purchased_purges":1,"victory":false,"max_hp_per_floor":[70,70,70,70,70,75,75,75,75,75,75,75,75,75,75,75,75],"relic_stats":{"counters":[10,30],"obtain_stats":[{"theMarked:ArtifactOfAir":0,"NeowsBlessing":0,"Simple Rune":9,"Durian":6,"Odd Mushroom":13,"Mercury Hourglass":8},{"theMarked:ArtifactOfAir":0,"NeowsBlessing":0,"Simple Rune":6,"Durian":5,"Odd Mushroom":8,"Mercury Hourglass":6},{"theMarked:ArtifactOfAir":0,"NeowsBlessing":0,"Simple Rune":17,"Durian":10,"Odd Mushroom":22,"Mercury Hourglass":17}],"Mercury Hourglass":[57]},"card_choices":[{"not_picked":["theMarked:KeepCalmAndFightOn","theMarked:ElectricStrings"],"picked":"theMarked:SwordAndMagic","floor":1},{"not_picked":["theMarked:ElectricStrings","theMarked:AttractMetal"],"picked":"theMarked:Aftermath","floor":2},{"not_picked":["theMarked:HeightenedSenses","theMarked:SwordAndMagic"],"picked":"theMarked:RepellingDischarge","floor":4},{"not_picked":["theMarked:Parry","theMarked:TakeCover","theMarked:Frustration"],"picked":"SKIP","floor":5},{"not_picked":["theMarked:SelfDefenseTraining","theMarked:Frustration"],"picked":"theMarked:EmpowerWeapon","floor":6},{"not_picked":["theMarked:BanishingStrike","theMarked:RepellingDischarge"],"picked":"theMarked:MagicAdept","floor":8},{"not_picked":["theMarked:ComboAttacks","theMarked:Parkour"],"picked":"theMarked:TwofoldDefense","floor":12},{"not_picked":["theMarked:Static","theMarked:HeightenedSenses"],"picked":"theMarked:ReduceFriction","floor":13},{"not_picked":["theMarked:Convert","theMarked:Parry"],"picked":"theMarked:Panic","floor":14}],"player_experience":709215,"relics_obtained":[{"floor":6,"key":"Durian"},{"floor":8,"key":"Mercury Hourglass"},{"floor":9,"key":"Simple Rune"},{"floor":13,"key":"Odd Mushroom"}],"event_choices":[{"damage_healed":0,"gold_gain":0,"player_choice":"Fought Mushrooms","damage_taken":0,"max_hp_gain":0,"max_hp_loss":0,"event_name":"Mushrooms","floor":13,"gold_loss":0}],"is_beta":false,"boss_relics":[],"items_purged_floors":[11],"is_endless":false,"potions_floor_spawned":[2,4,13,14],"killed_by":"The Guardian","ascension_level":0}}