{"host":"kh6fvhxn285ncg0o","time":1610707198,"event":{"mods":["Act Like it!","BaseMod","Colored Map","Friendly Minions","Keyboard Shortcuts","Minty Spire (QoL Compilation)","Quick Restart","Relic Stats","StSLib","SuperFastMode"],"gold_per_floor":[115,190,115,134,59,59,77,77,101,101,101,126,137,162,162,235,235,245,245,259,90,90,120,120,138,191,191,191,211,246,272,284,370,382,405,429,460,490,502,543,555,602,640,652,397,397,229,263,263,263,263,263,263,35,62,62,62],"floor_reached":56,"language":"KOR","playtime":1571,"items_purged":["Strike_R","Strike_R"],"score":2102,"play_id":"42d99786-1050-4338-81c8-d3382d0364d1","local_time":"20210115193958","is_ascension_mode":true,"campfire_choices":[{"data":"Fiend Fire","floor":6,"key":"SMITH"},{"data":"Immolate","floor":10,"key":"SMITH"},{"data":"Fire Breathing","floor":15,"key":"SMITH"},{"data":"Feel No Pain","floor":24,"key":"SMITH"},{"floor":27,"key":"RECALL"},{"data":"Shockwave","floor":32,"key":"SMITH"},{"data":"Demon Form","floor":44,"key":"SMITH"},{"data":"Impervious","floor":46,"key":"SMITH"},{"data":"Pommel Strike","floor":49,"key":"SMITH"},{"floor":53,"key":"REST"}],"circlet_count":0,"master_deck":["AscendersBane","Strike_R","Strike_R","Defend_R","Defend_R","Defend_R","Defend_R","Fiend Fire+1","Fire Breathing+1","Immolate+1","Feel No Pain+1","Shockwave+1","Impervious+1","Immolate+1","Dark Embrace","Body Slam","Demon Form+1","Shrug It Off+1","Flame Barrier+1","Pommel Strike+1"],"relics":["Burning Blood","WarpedTongs","Juzu Bracelet","Ginger","Letter Opener","Snecko Eye","Anchor","PreservedInsect","Bag of Marbles","Question Card","MawBank","SlaversCollar","MealTicket","Bottled Tornado","Lantern","OrangePellets","Happy Flower","Frozen Eye","Pear"],"acts_visited":["Exordium","TheCity","TheBeyond","TheEnding"],"potions_floor_usage":[14,20,33,37,38,51,55,55],"damage_taken":[{"damage":14,"enemies":"Jaw Worm","floor":1,"turns":4},{"damage":8,"enemies":"Small Slimes","floor":4,"turns":4},{"damage":0,"enemies":"2 Louse","floor":7,"turns":3},{"damage":8,"enemies":"Gremlin Nob","floor":12,"turns":3},{"damage":0,"enemies":"Gremlin Gang","floor":13,"turns":2},{"damage":12,"enemies":"Lagavulin","floor":14,"turns":4},{"damage":10,"enemies":"The Guardian","floor":16,"turns":12},{"damage":0,"enemies":"Chosen","floor":18,"turns":3},{"damage":0,"enemies":"Shell Parasite","floor":20,"turns":1},{"damage":0,"enemies":"Slavers","floor":23,"turns":3},{"damage":0,"enemies":"Centurion and Healer","floor":25,"turns":4},{"damage":4,"enemies":"Book of Stabbing","floor":28,"turns":3},{"damage":5,"enemies":"Snecko","floor":29,"turns":4},{"damage":0,"enemies":"Slavers","floor":30,"turns":1},{"damage":0,"enemies":"Snake Plant","floor":31,"turns":1},{"damage":17,"enemies":"Collector","floor":33,"turns":5},{"damage":13,"enemies":"3 Darklings","floor":35,"turns":3},{"damage":4,"enemies":"3 Shapes","floor":36,"turns":3},{"damage":33,"enemies":"Transient","floor":37,"turns":6},{"damage":0,"enemies":"Maw","floor":38,"turns":4},{"damage":4,"enemies":"Reptomancer","floor":40,"turns":3},{"damage":5,"enemies":"Nemesis","floor":42,"turns":5},{"damage":0,"enemies":"Giant Head","floor":48,"turns":4},{"damage":32,"enemies":"Donu and Deca","floor":50,"turns":6},{"damage":16,"enemies":"Time Eater","floor":51,"turns":9},{"damage":37,"enemies":"Shield and Spear","floor":55,"turns":4},{"damage":75,"enemies":"The Heart","floor":56,"turns":3}],"seed_played":"8348257201209359458","potions_obtained":[{"floor":7,"key":"DuplicationPotion"},{"floor":12,"key":"ColorlessPotion"},{"floor":16,"key":"ColorlessPotion"},{"floor":18,"key":"Energy Potion"},{"floor":29,"key":"AttackPotion"},{"floor":33,"key":"Regen Potion"},{"floor":37,"key":"DistilledChaos"},{"floor":40,"key":"DuplicationPotion"}],"is_trial":false,"path_per_floor":["M","?","?","M","$","R","M","?","T","R","?","E","M","E","R","B",null,"M","?","M","$","?","E","R","M","T","R","E","M","E","M","R","B",null,"M","M","M","M","?","E","?","E","T","R","$","R","$","E","R","B","B",null,"R","$","E","B"],"character_chosen":"IRONCLAD","items_purchased":["Anchor","Lantern","OrangePellets","Frozen Eye","ColorlessPotion"],"campfire_rested":1,"item_purchase_floors":[21,45,47,54,54],"current_hp_per_floor":[42,31,31,29,29,29,35,35,35,35,35,33,39,33,33,29,64,70,70,75,75,75,75,75,75,75,75,75,75,75,75,75,64,72,65,67,53,59,59,61,61,62,62,62,71,71,71,71,71,45,35,62,71,71,50,0,0],"gold":62,"neow_bonus":"THREE_RARE_CARDS","is_daily":false,"chose_seed":false,"campfire_upgraded":8,"win_rate":0.0,"timestamp":1610707198,"path_taken":["M","?","?","M","$","R","M","?","T","R","?","E","M","E","R","BOSS","M","?","M","?","?","E","R","M","T","R","E","M","E","M","R","BOSS","M","M","M","M","?","E","?","E","T","R","$","R","?","E","R","BOSS","BOSS","R","$","E","BOSS"],"items_purchased_type":["Relic","Relic","Relic","Relic","Potion"],"build_version":"2020-12-22","purchased_purges":2,"victory":false,"max_hp_per_floor":[75,75,75,75,75,75,75,75,75,75,75,75,75,75,75,75,75,75,75,75,75,75,75,75,75,75,75,75,75,75,75,75,75,75,75,75,75,75,75,75,71,71,71,71,71,71,71,71,71,71,71,71,71,71,81,81,81],"relic_stats":{"Happy Flower":[7],"counters":[27,107],"PreservedInsect":401,"Juzu Bracelet":2,"Ginger":[23],"Letter Opener":[60],"Question Card":12,"MawBank":180,"Burning Blood":122,"WarpedTongs":[88],"OrangePellets":[11],"Snecko Eye":[102,89,109,109],"MealTicket":9,"obtain_stats":[{"Lantern":45,"Pear":55,"Happy Flower":48,"PreservedInsect":23,"Juzu Bracelet":9,"Ginger":12,"Letter Opener":14,"Bottled Tornado":42,"Question Card":28,"MawBank":30,"Burning Blood":0,"WarpedTongs":8,"SlaversCollar":34,"OrangePellets":47,"Frozen Eye":54,"Anchor":21,"Snecko Eye":17,"MealTicket":40,"Bag of Marbles":26},{"Lantern":22,"Pear":26,"Happy Flower":23,"PreservedInsect":10,"Juzu Bracelet":3,"Ginger":4,"Letter Opener":6,"Bottled Tornado":22,"Question Card":12,"MawBank":14,"Burning Blood":0,"WarpedTongs":3,"SlaversCollar":16,"OrangePellets":22,"Frozen Eye":25,"Anchor":9,"Snecko Eye":7,"MealTicket":21,"Bag of Marbles":11},{"Lantern":81,"Pear":104,"Happy Flower":85,"PreservedInsect":39,"Juzu Bracelet":11,"Ginger":14,"Letter Opener":20,"Bottled Tornado":81,"Question Card":46,"MawBank":51,"Burning Blood":0,"WarpedTongs":11,"SlaversCollar":57,"OrangePellets":81,"Frozen Eye":100,"Anchor":36,"Snecko Eye":32,"MealTicket":76,"Bag of Marbles":43}]},"card_choices":[{"not_picked":["Corruption","Brutality"],"picked":"Fiend Fire","floor":0},{"not_picked":["Clothesline","Thunderclap"],"picked":"Fire Breathing","floor":1},{"not_picked":["Sentinel","Perfected Strike","Flex"],"picked":"SKIP","floor":4},{"not_picked":["Clash","Twin Strike"],"picked":"Immolate","floor":7},{"not_picked":["Rage","True Grit"],"picked":"Feel No Pain","floor":12},{"not_picked":["Sword Boomerang","Wild Strike","Fire Breathing"],"picked":"SKIP","floor":13},{"not_picked":["Dual Wield","Thunderclap"],"picked":"Shockwave","floor":14},{"not_picked":["Brutality","Immolate"],"picked":"Impervious","floor":16},{"not_picked":["Carnage","Flex","Twin Strike"],"picked":"SKIP","floor":18},{"not_picked":["Heavy Blade","Sword Boomerang"],"picked":"Dark Embrace","floor":20},{"not_picked":["Rage","Clash","Twin Strike","Feel No Pain"],"picked":"SKIP","floor":30},{"not_picked":["Clothesline","Uppercut","Flame Barrier"],"picked":"Body Slam","floor":31},{"not_picked":["Brutality","Exhume","Limit Break"],"picked":"Demon Form","floor":33},{"not_picked":["Flex+1","Hemokinesis","Thunderclap","Armaments"],"picked":"SKIP","floor":35},{"not_picked":["Metallicize","Fire Breathing+1","Wild Strike"],"picked":"Shrug It Off+1","floor":36},{"not_picked":["Seeing Red","Whirlwind","Cleave"],"picked":"Flame Barrier+1","floor":37},{"not_picked":["Flame Barrier+1","Clothesline","Body Slam+1","Flex"],"picked":"SKIP","floor":38},{"not_picked":["Iron Wave","Ghostly Armor","Pommel Strike","Fiend Fire"],"picked":"SKIP","floor":40},{"not_picked":["Havoc","Flex","Sword Boomerang","Perfected Strike"],"picked":"SKIP","floor":42},{"not_picked":["Pommel Strike","Perfected Strike","Seeing Red","Iron Wave"],"picked":"SKIP","floor":48},{"not_picked":["Perfected Strike","Seeing Red","Iron Wave"],"picked":"Pommel Strike","floor":48},{"not_picked":["Double Tap","Shrug It Off","Headbutt+1","Pommel Strike+1"],"picked":"SKIP","floor":55}],"player_experience":3453717,"relics_obtained":[{"floor":9,"key":"Juzu Bracelet"},{"floor":12,"key":"Ginger"},{"floor":14,"key":"Letter Opener"},{"floor":23,"key":"PreservedInsect"},{"floor":26,"key":"Bag of Marbles"},{"floor":28,"key":"Question Card"},{"floor":30,"key":"MawBank"},{"floor":40,"key":"MealTicket"},{"floor":42,"key":"Bottled Tornado"},{"floor":48,"key":"Happy Flower"},{"floor":55,"key":"Pear"}],"event_choices":[{"damage_healed":0,"gold_gain":75,"player_choice":"Gather Gold","damage_taken":11,"max_hp_gain":0,"max_hp_loss":0,"event_name":"World of Goop","floor":2,"gold_loss":0},{"cards_removed":["Strike_R"],"damage_healed":0,"gold_gain":0,"player_choice":"Card Removal","damage_taken":0,"max_hp_gain":0,"max_hp_loss":0,"event_name":"The Cleric","floor":3,"gold_loss":75},{"damage_healed":0,"gold_gain":0,"player_choice":"Rummage","damage_taken":0,"relics_obtained":["WarpedTongs"],"max_hp_gain":0,"max_hp_loss":0,"event_name":"Accursed Blacksmith","floor":8,"gold_loss":0,"cards_obtained":["Pain"]},{"cards_removed":["Pain"],"damage_healed":0,"gold_gain":0,"player_choice":"Forget","damage_taken":0,"max_hp_gain":0,"max_hp_loss":0,"event_name":"Living Wall","floor":11,"gold_loss":0},{"damage_healed":0,"gold_gain":0,"player_choice":"Copied","damage_taken":0,"max_hp_gain":0,"max_hp_loss":0,"event_name":"Duplicator","floor":19,"gold_loss":0,"cards_obtained":["Immolate"]},{"damage_healed":0,"gold_gain":0,"player_choice":"Ignored","damage_taken":0,"max_hp_gain":0,"max_hp_loss":0,"event_name":"The Mausoleum","floor":22,"gold_loss":0},{"cards_removed":["Bash"],"damage_healed":0,"gold_gain":0,"player_choice":"Removed Attack","damage_taken":0,"max_hp_gain":0,"max_hp_loss":0,"event_name":"Falling","floor":39,"gold_loss":0},{"damage_healed":0,"gold_gain":0,"player_choice":"Max HP","damage_taken":0,"max_hp_gain":0,"max_hp_loss":4,"event_name":"Winding Halls","floor":41,"gold_loss":0}],"is_beta":false,"boss_relics":[{"not_picked":["Velvet Choker","Black Star"],"picked":"Snecko Eye"},{"not_picked":["Astrolabe","Cursed Key"],"picked":"SlaversCollar"}],"items_purged_floors":[5,45],"is_endless":false,"potions_floor_spawned":[7,12,13,16,18,29,30,33,37,40,42],"killed_by":"The Heart","ascension_level":20}}