{"host":"mn0tr1eu9x6hkv4e","time":1610690436,"event":{"mods":["ATMod(°¢èªMod)","Act Like it!","Arknights The Spire","BaseMod","Defuse TimeMaze Blight","Downfall","Friendly Minions","Gensokyo","Gremlin Skip","Lobotomy","Luminous","Minty Spire (QoL Compilation)","Quick Restart","READ ME - Guardian Mod","Shop Mod","Spicy Shops","StSLib","Waifu the Spire","WarShipGirlsR/Õ½½¢ÉÙÅ®R mod","Youmu£¨»êÆÇÑýÃÎ£©","óô»ðÖ¸ÄÏ"],"gold_per_floor":[115,115,115,131,142,142,67,67,92,110,110,121,121,141,141,240,240,255,999999098,999998646,999998561,999998231,999998266,999998276,999998276,999998276,999997823,999997877,999997282,999997383,999997446,999997446,999997575,999997575,999997718,999997268,999997268,999996870,999996870,999996928,999996928,999996502,999996502,999996588,999995904,999995585,999995718,999995772,999995166,999995389,999995389],"floor_reached":50,"language":"ZHS","playtime":3664,"items_purged":["Luminous:Dark_Abyssal_Drop","Luminous:Dark_Abyssal_Drop","Luminous:Dark_Abyssal_Drop"],"score":1122,"play_id":"5d9376e5-8787-4ba3-8352-a7caf2c1dc02","local_time":"20210115140036","daily_mods":["Vintage","Heirloom","Time Dilation","Flight"],"is_ascension_mode":false,"campfire_choices":[{"data":"Luminous:Armageddon_Luminous","floor":6.0,"key":"SMITH"},{"data":"Luminous:Defend_Luminous","floor":8.0,"key":"SMITH"},{"data":"Luminous:Defend_Luminous","floor":11.0,"key":"SMITH"},{"data":"Luminous:Defend_Luminous","floor":13.0,"key":"SMITH"},{"floor":15.0,"key":"REST"},{"data":"Luminous:Ethereal_Form_Luminous","floor":32,"key":"SMITH"}],"circlet_count":0,"master_deck":["Luminous:Light_Flash_Shower+1","Luminous:Light_Flash_Shower","Luminous:Defend_Luminous+1","Luminous:Defend_Luminous+1","Luminous:Defend_Luminous+1","Luminous:Defend_Luminous+1","Luminous:Switch_Luminous+1","Luminous:Armageddon_Luminous+1","Luminous:Ethereal_Form_Luminous+1","Luminous:Lunar_Tide_Luminous","Luminous:Light_Gather","Luminous:Light_Wash_Luminous+1","Luminous:Light_Disperse","Luminous:Dusk_Guard_Luminous+1","Luminous:Balance_Ender","Luminous:Freud_Wisdom1_Luminous","Luminous:Light_Glare","Luminous:Light_Gather","Luminous:Light_Track+1","Luminous:Magic_Accelerate_Luminous","Luminous:Light_Ray_of_Redemption+1","Luminous:Lights_Protection_Luminous+1"],"relics":["Luminous:MirrorRelic","AT_ATBox","hexamod:BolsterEngine","AT_ForceNature","Bag of Marbles","Nunchaku","Toy Ornithopter","Orichalcum","AT_EbonyIvory","AT_TrinityForce","Oddly Smooth Stone","MerchantsRug","AT_BellowingDragoncrestRing","Membership Card","Peace Pipe","OrangePellets","Darkstone Periapt","Bronze Scales","Mercury Hourglass","FossilizedHelix","Tiny Chest","AT_ImmortalShieldbow","Pantograph","Boot","AT_GoldPhoenixTree","Meat on the Bone","AT_GuinsooRageblade","AT_MibuBalloonWealth","ClockworkSouvenir","Ginger","Sling","Anchor","AT_BellDemon","champ:DuelingGlove","Kunai","Lee\u0027s Waffle","Art of War","Singing Bowl","StrikeDummy","AT_DeathDance","Runic Pyramid","Shuriken","AT_ChloranthyRing","Mummified Hand","Strawberry","Guardian:PocketSentry","champ:Barbells","HandDrill","Bottled Lightning","Question Card","Letter Opener","Luminous:BlackBlessingRelic","AT_SilvercatRing","Pen Nib","Ancient Tea Set","Ornamental Fan","Vajra","Orrery","Frozen Egg 2","HornCleat","Molten Egg 2","AT_SpeedBoots","InkBottle","Pear","Gremlin Horn","PreservedInsect","MealTicket","Bottled Tornado","Sundial","Omamori","Toxic Egg 2","Dream Catcher","Bag of Preparation","Potion Belt","StoneCalendar","Lantern"],"acts_visited":["Exordium","TheCity","TheBeyond"],"potions_floor_usage":[],"damage_taken":[{"damage":4.0,"enemies":"Small Slimes","floor":1.0,"turns":5.0},{"damage":0.0,"enemies":"2 Louse","floor":4.0,"turns":2.0},{"damage":12.0,"enemies":"Jaw Worm","floor":5.0,"turns":5.0},{"damage":1.0,"enemies":"Exordium Wildlife","floor":10.0,"turns":7.0},{"damage":2.0,"enemies":"Looter","floor":12.0,"turns":4.0},{"damage":0.0,"enemies":"Exordium Thugs","floor":14.0,"turns":7.0},{"damage":42.0,"enemies":"The Guardian","floor":16.0,"turns":14.0},{"damage":0.0,"enemies":"Shell Parasite","floor":18.0,"turns":4.0},{"damage":0.0,"enemies":"Slavers","floor":23.0,"turns":4.0},{"damage":0.0,"enemies":"Chosen","floor":24.0,"turns":2.0},{"damage":0.0,"enemies":"Book of Stabbing","floor":28.0,"turns":3.0},{"damage":0.0,"enemies":"Gremlin Leader","floor":30.0,"turns":3.0},{"damage":0,"enemies":"Sentry and Sphere","floor":31,"turns":3},{"damage":0,"enemies":"Champ","floor":33,"turns":4},{"damage":0,"enemies":"3 Darklings","floor":35,"turns":3},{"damage":0,"enemies":"Nemesis","floor":40,"turns":3},{"damage":0,"enemies":"3 Shapes","floor":44,"turns":2},{"damage":0,"enemies":"Reptomancer","floor":47,"turns":2},{"damage":0,"enemies":"Nemesis","floor":48,"turns":1},{"damage":0,"enemies":"Awakened One","floor":50,"turns":4}],"seed_played":"-8023314969312319989","potions_obtained":[{"floor":1.0,"key":"AttackPotion"},{"floor":4.0,"key":"SpeedPotion"},{"floor":12.0,"key":"Strength Potion"},{"floor":18.0,"key":"GamblersBrew"},{"floor":23.0,"key":"PowerPotion"},{"floor":31,"key":"Ancient Potion"}],"is_trial":true,"path_per_floor":["M","?","?","M","M","R","$","R","T","M","R","M","R","M","R","B",null,"M","$","$","?","$","E","M","?","T","R","E","R","E","M","R","B",null,"M","$","?","$","T","E","T","R","T","M","R","R","E","E","R","B"],"character_chosen":"LuminousClass","items_purchased":["MerchantsRug","AT_BellowingDragoncrestRing","Membership Card","Peace Pipe","OrangePellets","Luminous:Lunar_Tide_Luminous","Darkstone Periapt","Fruit Juice","Bronze Scales","Mercury Hourglass","Luminous:Light_Wash_Luminous","Luminous:Light_Gather","FossilizedHelix","Dexterity Potion","AT_ImmortalShieldbow","Pantograph","Boot","AT_MibuBalloonWealth","ClockworkSouvenir","Ginger","Sling","Anchor","champ:DuelingGlove","Kunai","Lee\u0027s Waffle","Art of War","Singing Bowl","Luminous:Light_Disperse","Luminous:Dusk_Guard_Luminous","AT_ChloranthyRing","Mummified Hand","Strawberry","Guardian:PocketSentry","champ:Barbells","Luminous:Light_Glare","HandDrill","Bottled Lightning","Question Card","Luminous:Light_Gather","Pen Nib","Ancient Tea Set","Ornamental Fan","Vajra","Orrery","Molten Egg 2","AT_SpeedBoots","InkBottle","Pear","Gremlin Horn","Luminous:Magic_Accelerate_Luminous","PreservedInsect","MealTicket","Bottled Tornado","Luminous:Light_Ray_of_Redemption+1","Toxic Egg 2","Dream Catcher","Bag of Preparation","Potion Belt","StoneCalendar","Lantern","Ancient Potion","Ancient Potion"],"campfire_rested":1,"item_purchase_floors":[19,19,19,19,19,19,19,19,20,20,20,20,20,20,22,22,22,27,27,27,27,27,29,29,29,29,29,29,29,36,36,36,36,36,36,38,38,38,38,42,42,42,42,42,45,45,45,45,45,45,46,46,46,46,49,49,49,49,49,49,49,49],"current_hp_per_floor":[71,64,64,64,52,52,52,52,52,51,51,49,49,49,71,38,75,75,85,85,85,85,85,85,85,85,85,85,92,92,92,92,92,92,92,99,99,99,99,101,101,107,107,107,117,117,117,119,119,119,119],"gold":999995389,"neow_bonus":"","is_daily":false,"chose_seed":false,"campfire_upgraded":5,"win_rate":0.0,"timestamp":1610690436,"path_taken":["M","?","?","M","M","R","$","R","T","?","R","M","R","M","R","BOSS","M","$","$","?","$","E","M","?","T","R","E","R","E","M","R","BOSS","M","$","?","$","?","E","?","R","T","?","R","R","E","E","R","BOSS"],"items_purchased_type":["Relic","Relic","Relic","Relic","Relic","Card","Relic","Potion","Relic","Relic","Card","Card","Relic","Potion","Relic","Relic","Relic","Relic","Relic","Relic","Relic","Relic","Relic","Relic","Relic","Relic","Relic","Card","Card","Relic","Relic","Relic","Relic","Relic","Card","Relic","Relic","Relic","Card","Relic","Relic","Relic","Relic","Relic","Relic","Relic","Relic","Relic","Relic","Card","Relic","Relic","Relic","Card","Relic","Relic","Relic","Relic","Relic","Card","Potion","Potion"],"build_version":"2020-12-22","purchased_purges":3,"victory":false,"max_hp_per_floor":[75,75,75,75,75,75,75,75,75,75,75,75,75,75,75,75,75,75,85,85,85,85,85,85,85,85,85,85,92,92,92,92,92,92,92,99,99,99,99,101,101,107,107,107,117,117,117,119,119,119,119],"card_choices":[{"not_picked":[],"picked":"Luminous:Armageddon_Luminous","floor":3.0},{"not_picked":["Luminous:Date_of_Light_Luminous","Luminous:Arcane_Rage_Luminous"],"picked":"Luminous:Ethereal_Form_Luminous","floor":16.0},{"not_picked":["Luminous:Concentrate_Luminous","Luminous:Balance_Death_Scythe"],"picked":"Luminous:Light_Wash_Luminous+1","floor":23.0},{"not_picked":["Luminous:Darks_Surge_Luminous","Luminous:Blinding_Pillar_Luminous","Luminous:Light_Gather"],"picked":"SKIP","floor":28.0},{"not_picked":["Luminous:Dark_Apocalypse","Luminous:Shadow_Shell_Luminous+1"],"picked":"Luminous:Balance_Ender","floor":30.0},{"not_picked":["Luminous:Lania_Blessing_Luminous","Luminous:Ethereal_Form_Luminous"],"picked":"Luminous:Freud_Wisdom1_Luminous","floor":33},{"not_picked":["Luminous:Light_Disperse","Luminous:Darks_Surge_Luminous+1","Luminous:Dark_Moonlight_Spear+1","Luminous:Concentrate_Luminous+1"],"picked":"Singing Bowl","floor":40},{"not_picked":["Luminous:Light_Wash_Luminous","Luminous:Dark_Morning_Star+1","Luminous:Light_Disperse+1","Luminous:Flash_Blink_Luminous+1"],"picked":"Singing Bowl","floor":42},{"not_picked":["Luminous:Light_Glare","Luminous:Light_Sylvan_Lance+1","Luminous:Dark_Pressure_Void"],"picked":"Luminous:Light_Track+1","floor":42},{"not_picked":["Luminous:Accumulation_Luminous","Luminous:Dark_Extract","Luminous:Mana_Well_Luminous","Luminous:Flash_Blink_Luminous+1"],"picked":"Singing Bowl","floor":42},{"not_picked":["Luminous:Light_Disperse","Luminous:Dark_Dim_Erosion","Luminous:Light_Sylvan_Lance","Luminous:Armageddon_Luminous"],"picked":"Singing Bowl","floor":42},{"not_picked":["Luminous:Light_Reflection+1","Luminous:Accumulation_Luminous","Luminous:Light_Disperse+1"],"picked":"Luminous:Lights_Protection_Luminous+1","floor":47},{"not_picked":["Luminous:Dark_Pressure_Void+1","Luminous:Chase_Spell_Luminous+1","Luminous:Light_Disperse+1","Luminous:Mana_Overload_Luminous+1"],"picked":"Singing Bowl","floor":48}],"player_experience":0,"relics_obtained":[{"floor":1.0,"key":"hexamod:BolsterEngine"},{"floor":4.0,"key":"AT_ForceNature"},{"floor":5.0,"key":"Bag of Marbles"},{"floor":9.0,"key":"Nunchaku"},{"floor":10.0,"key":"Toy Ornithopter"},{"floor":12.0,"key":"Orichalcum"},{"floor":14.0,"key":"AT_EbonyIvory"},{"floor":18.0,"key":"Oddly Smooth Stone"},{"floor":23.0,"key":"AT_GoldPhoenixTree"},{"floor":24.0,"key":"Meat on the Bone"},{"floor":26.0,"key":"AT_GuinsooRageblade"},{"floor":28.0,"key":"AT_BellDemon"},{"floor":30.0,"key":"StrikeDummy"},{"floor":31,"key":"AT_DeathDance"},{"floor":35,"key":"Shuriken"},{"floor":39,"key":"Letter Opener"},{"floor":40,"key":"Luminous:BlackBlessingRelic"},{"floor":41,"key":"AT_SilvercatRing"},{"floor":43,"key":"Frozen Egg 2"},{"floor":44,"key":"HornCleat"},{"floor":47,"key":"Sundial"},{"floor":48,"key":"Omamori"}],"event_choices":[{"cards_removed":["Luminous:Light_Flash_Shower"],"damage_healed":0.0,"max_hp_gain":0.0,"max_hp_loss":0.0,"gold_gain":0.0,"event_name":"Golden Wing","player_choice":"Card Removal","floor":2.0,"gold_loss":0.0,"damage_taken":7.0},{"damage_healed":0.0,"max_hp_gain":0.0,"max_hp_loss":0.0,"gold_gain":0.0,"event_name":"Addict","player_choice":"Obtained Relic","floor":21.0,"gold_loss":85.0,"damage_taken":0.0,"relics_obtained":["Tiny Chest"]},{"cards_removed":["Luminous:Light_Wash_Luminous"],"damage_healed":5.0,"max_hp_gain":0.0,"max_hp_loss":0.0,"gold_gain":0.0,"event_name":"Bonfire Elementals","player_choice":"Offered Common","floor":25.0,"gold_loss":0.0,"damage_taken":0.0},{"cards_removed":["Luminous:Light_Wash_Luminous"],"damage_healed":5.0,"max_hp_gain":0.0,"max_hp_loss":0.0,"gold_gain":0.0,"event_name":"Bonfire Elementals","player_choice":"Offered Special","floor":25.0,"gold_loss":0.0,"damage_taken":0.0},{"damage_healed":0,"gold_gain":0,"player_choice":"Got Potions","damage_taken":0,"max_hp_gain":0,"max_hp_loss":0,"event_name":"Lab","floor":37,"gold_loss":0}],"is_beta":false,"boss_relics":[{"not_picked":["Pandora\u0027s Box","Philosopher\u0027s Stone"],"picked":"AT_TrinityForce"},{"not_picked":["Velvet Choker","Fusion Hammer"],"picked":"Runic Pyramid"}],"items_purged_floors":[7,38,45],"is_endless":true,"potions_floor_spawned":[1,4,12,18,23,31,35,40,47,48],"killed_by":"Awakened One","ascension_level":0}}