{"host":"bcxgpd1eu8czocm9","time":1610709460,"event":{"mods":["Aspiration","BaseMod","Marisa£®ÏF”Í°°ƒß¿Ì…≥£©","Minty Spire (QoL Compilation)","Quarter Circle Forward PUNCH!","Quick Restart","Replay The Spire","Spicy Shops","StSLib","The Servant 0.9.4","Youmu£®ªÍ∆«—˝√Œ£©","vexMod","°æ“≈ŒÔø®≈∆°øREMEMod"],"gold_per_floor":[11,30,44,44,59,59,79,79,79,98,98,98],"floor_reached":11,"language":"ZHS","playtime":410,"items_purged":[],"score":67,"play_id":"b484aaa5-96e6-44d3-921b-a3ad3044caf0","local_time":"20210115191740","is_ascension_mode":false,"campfire_choices":[{"data":"Bullet Time","floor":6.0,"key":"SMITH"},{"data":"Exchange","floor":8,"key":"SMITH"}],"circlet_count":0,"master_deck":["Strike_S","Strike_S","Strike_S","Defend_S","Defend_S","Defend_S","Defend_S","KidneyShot","Exchange+1","Bullet Time+1","StarChef","ShatteredReality","Dilation"],"relics":["Uniform","REME_ComplimentaryCards","Replay:Kaleidoscope","Frozen Egg 2"],"acts_visited":["Exordium"],"potions_floor_usage":[7],"damage_taken":[{"damage":1.0,"enemies":"Jaw Worm","floor":1.0,"turns":6.0},{"damage":4.0,"enemies":"Cultist","floor":2.0,"turns":3.0},{"damage":9.0,"enemies":"2 Louse","floor":3.0,"turns":3.0},{"damage":0.0,"enemies":"Looter","floor":5.0,"turns":2.0},{"damage":22,"enemies":"Lots of Slimes","floor":7,"turns":4},{"damage":13,"enemies":"Blue Slaver","floor":10,"turns":4},{"damage":16,"enemies":"Lagavulin","floor":11,"turns":8}],"seed_played":"-8346225559906134855","potions_obtained":[{"floor":1.0,"key":"BlessingOfTheForge"},{"floor":2.0,"key":"AttackPotion"}],"is_trial":false,"path_per_floor":["M","M","M","?","M","R","M","R","T","M","E"],"character_chosen":"THE_SERVANT","items_purchased":[],"campfire_rested":0,"item_purchase_floors":[],"current_hp_per_floor":[64,60,51,51,51,51,29,29,29,16,0,0],"gold":98,"neow_bonus":"ONE_RARE_RELIC","is_daily":false,"chose_seed":false,"campfire_upgraded":2,"win_rate":0.0,"timestamp":1610709460,"path_taken":["M","M","M","?","M","R","M","R","T","?","E"],"items_purchased_type":[],"build_version":"2020-12-22","purchased_purges":0,"victory":false,"max_hp_per_floor":[65,65,65,65,65,65,65,65,65,65,65,65],"card_choices":[{"not_picked":["Unruled","Alleviate"],"picked":"StarChef","floor":1.0},{"not_picked":["WasteNot","Gouge","Advance"],"picked":"SKIP","floor":2.0},{"not_picked":["MoonPhase","TimeWarp","SpecialFormula"],"picked":"SKIP","floor":3.0},{"not_picked":["DoubleEdge","Rearm"],"picked":"ShatteredReality","floor":5.0},{"not_picked":["Alleviate","Spin","ShatteredReality"],"picked":"SKIP","floor":7},{"not_picked":["DoubleEdge","Potential"],"picked":"Dilation","floor":10}],"player_experience":397315,"relics_obtained":[{"floor":9,"key":"Frozen Egg 2"}],"event_choices":[{"cards_removed":["Strike_S"],"damage_healed":0.0,"max_hp_gain":0.0,"max_hp_loss":0.0,"gold_gain":0.0,"event_name":"Bonfire Elementals","player_choice":"Offered Basic","floor":4.0,"gold_loss":0.0,"damage_taken":0.0}],"is_beta":false,"boss_relics":[],"items_purged_floors":[],"is_endless":false,"potions_floor_spawned":[1,2],"killed_by":"Lagavulin","ascension_level":0}}