{"host":"418g6sfkt80mlacg","time":1610713934,"event":{"mods":["Act Like it!","BaseMod","Colored Powertips","Downfall","Gensokyo","Hermit","KinomotoSakuraMod(ƒæ÷Æ±æ”£)","KomeijiMod","Marisa£®ÏF”Í°°ƒß¿Ì…≥£©","Minty Spire (QoL Compilation)","Reimu£®≤©¿ˆ¡È√Œ£©","Remilia£®¿Ÿ√◊¿Ú—«£©","Replay The Spire","Shop Mod","StSLib","Td1madao Mod","The Administrix","The Animator","The Cursed","The Servant 0.9.4","WarShipGirlsR/’ΩΩ¢…Ÿ≈ÆR mod","Youmu£®ªÍ∆«—˝√Œ£©","Yuyuko","[IsaacMod]“‘»ˆº‚À˛"],"gold_per_floor":[121,135,219,79,95,95,123,190,239,251,104,104,104,119,119,215,215,229,68,84,84,84,84,84],"floor_reached":23,"language":"ZHS","playtime":2506,"items_purged":["AdministrixMod:Strike_Administrix"],"score":239,"play_id":"27787825-a624-4464-a62d-716599dcfc6a","local_time":"20210115203214","is_ascension_mode":false,"campfire_choices":[{"data":"AdministrixMod:ImmortalGrace","floor":6,"key":"SMITH"},{"data":"AdministrixMod:PassageOfAges","floor":15,"key":"SMITH"}],"circlet_count":0,"master_deck":["AdministrixMod:Strike_Administrix","AdministrixMod:Strike_Administrix","AdministrixMod:Strike_Administrix","AdministrixMod:RedCloak","AdministrixMod:Defend_Administrix","AdministrixMod:Defend_Administrix","AdministrixMod:Defend_Administrix+1","AdministrixMod:Defend_Administrix+1","AdministrixMod:BlueCloak","AdministrixMod:ImmortalGrace+1","AdministrixMod:NewWardrobe","AdministrixMod:BloodBargain","AdministrixMod:PassageOfAges+1","AdministrixMod:NoblePath","AdministrixMod:HiddenPower","AdministrixMod:TouchOfCinnabar","AdministrixMod:TenDesires","AdministrixMod:TrickOfTheLight","AdministrixMod:NoblePath","AdministrixMod:ImmortalGrace","AdministrixMod:FaithfulFlames","AdministrixMod:WifeLightning","AdministrixMod:ImmortalGrace","AdministrixMod:PassageOfAges+1","AdministrixMod:TouchOfCinnabar+1","AdministrixMod:BegetEternity+1","AdministrixMod:NoblePath","AdministrixMod:HiddenPower","AdministrixMod:TouchOfCinnabar","AdministrixMod:SealAway","AdministrixMod:NoblePath+1","AdministrixMod:FuneraryRites","AdministrixMod:ShadowPlay+1","AdministrixMod:FaithfulFlames","Night Terror"],"relics":["AdministrixMod:ConductorRitualBaton","HushsDoor","NeowsBlessing","YumHeart","Pet Ghost","Replay:Rubber Ducky","SteamSale","SteamSale","BFFS","White Beast Statue","War Paint","Meat on the Bone","Black Star","DollysMirror","MealTicket","ReplayTheSpireMod:TigerMarble","Orrery"],"acts_visited":["Gensokyo:Gensokyo","Gensokyo:Gensokyoer"],"potions_floor_usage":[14,16,16,16],"damage_taken":[{"damage":0,"enemies":"Gensokyo:2_Kodama","floor":1,"turns":1},{"damage":0,"enemies":"Gensokyo:3_Fairies","floor":2,"turns":1},{"damage":0,"enemies":"Gensokyo:Gryphon","floor":5,"turns":1},{"damage":20,"enemies":"Gensokyo:Aya","floor":7,"turns":5},{"damage":0,"enemies":"Gensokyo:VengefulSpirit","floor":10,"turns":4},{"damage":0,"enemies":"Gensokyo:Gryphon_and_Rabbit","floor":14,"turns":4},{"damage":9,"enemies":"Gensokyo:Yukari","floor":16,"turns":16},{"damage":0,"enemies":"Gensokyo:2_Gloops","floor":18,"turns":5},{"damage":17,"enemies":"Gensokyo:CosmicMonolith","floor":20,"turns":10},{"damage":72,"enemies":"Gensokyo:Tenshi","floor":23,"turns":3}],"seed_played":"6112220513815795469","potions_obtained":[{"floor":10,"key":"Fire Potion"},{"floor":14,"key":"Block Potion"},{"floor":16,"key":"Regen Potion"},{"floor":18,"key":"Strength Potion"},{"floor":20,"key":"Elixir"}],"is_trial":false,"path_per_floor":["M","M","?","?","M","R","E","?","T","M","COS","$","T","M","R","B",null,"M","COS","M","$","?","E"],"character_chosen":"TheAdministrix","items_purchased":["BFFS","White Beast Statue","War Paint","PowerPotion","Weak Potion","AdministrixMod:HiddenPower","AdministrixMod:TouchOfCinnabar","AdministrixMod:TenDesires","AdministrixMod:TrickOfTheLight","AdministrixMod:NoblePath","AdministrixMod:WifeLightning","AdministrixMod:BegetEternity+1","AdministrixMod:NoblePath","AdministrixMod:HiddenPower","AdministrixMod:TouchOfCinnabar","AdministrixMod:SealAway","MealTicket","ReplayTheSpireMod:TigerMarble","Orrery"],"campfire_rested":0,"item_purchase_floors":[12,12,12,12,12,12,12,12,12,12,17,21,21,21,21,21,21,21,21],"current_hp_per_floor":[65,65,50,50,50,50,30,15,40,40,40,40,40,40,40,43,61,61,61,44,44,38,0,0],"gold":84,"neow_bonus":"THREE_ENEMY_KILL","is_daily":false,"chose_seed":false,"campfire_upgraded":2,"win_rate":0.0,"timestamp":1610713934,"path_taken":["M","M","?","?","?","R","E","?","T","M","COS","?","?","?","R","BOSS","M","COS","M","$","?","E"],"items_purchased_type":["Relic","Relic","Relic","Potion","Potion","Card","Card","Card","Card","Card","Card","Card","Card","Card","Card","Card","Relic","Relic","Relic"],"build_version":"2020-12-22","purchased_purges":1,"victory":false,"max_hp_per_floor":[65,65,65,65,65,65,65,65,65,65,65,65,65,65,65,65,61,61,61,61,61,61,61,61],"card_choices":[{"not_picked":["AdministrixMod:RebukeDesires","AdministrixMod:CrackingPangu"],"picked":"AdministrixMod:ImmortalGrace","floor":1},{"not_picked":["AdministrixMod:SealAway","AdministrixMod:CenturiesAscent"],"picked":"AdministrixMod:NewWardrobe","floor":2},{"not_picked":["AdministrixMod:CenturiesAscent","AdministrixMod:Overdrive"],"picked":"AdministrixMod:BloodBargain","floor":5},{"not_picked":["AdministrixMod:QuietConspiracy","AdministrixMod:CenturiesAscent"],"picked":"AdministrixMod:PassageOfAges","floor":7},{"not_picked":["AdministrixMod:FuneraryRites","AdministrixMod:SealAway"],"picked":"AdministrixMod:NoblePath","floor":10},{"not_picked":["AdministrixMod:SyncreticSurge","AdministrixMod:DreamsMausoleum"],"picked":"AdministrixMod:ImmortalGrace","floor":14},{"not_picked":["AdministrixMod:HopeInTheDark","AdministrixMod:BattleforgedBonds"],"picked":"AdministrixMod:FaithfulFlames","floor":16},{"not_picked":["AdministrixMod:DiversionaryTactic","AdministrixMod:Untouchable"],"picked":"AdministrixMod:ImmortalGrace","floor":18},{"not_picked":["AdministrixMod:DiversionaryTactic","AdministrixMod:BishamonBlessing"],"picked":"AdministrixMod:TouchOfCinnabar+1","floor":20},{"not_picked":["AdministrixMod:RisingSunPrince","AdministrixMod:Transcension"],"picked":"AdministrixMod:NoblePath+1","floor":21},{"not_picked":["AdministrixMod:DiversionaryTactic","AdministrixMod:SipOfSparks"],"picked":"AdministrixMod:FuneraryRites","floor":21},{"not_picked":["AdministrixMod:Metempsychosis+1","AdministrixMod:CastOffRegrets"],"picked":"AdministrixMod:ShadowPlay+1","floor":21},{"not_picked":["AdministrixMod:PlateOfAntiquity","AdministrixMod:FeastOfDew"],"picked":"AdministrixMod:FaithfulFlames","floor":21}],"player_experience":37187,"relics_obtained":[{"floor":7,"key":"Pet Ghost"},{"floor":9,"key":"Replay:Rubber Ducky"},{"floor":13,"key":"Meat on the Bone"}],"event_choices":[],"is_beta":false,"boss_relics":[{"not_picked":["ReplayTheSpireMod:DimensionalGlitch","Astrolabe"],"picked":"Black Star"},{"not_picked":[]}],"items_purged_floors":[21],"is_endless":false,"potions_floor_spawned":[10,14,16,18,20],"killed_by":"Gensokyo:Tenshi","ascension_level":0}}