{"host":"yzi164syo8zv6plh","time":1610719972,"event":{"mods":["Arknights The Spire","BaseMod","Minty Spire (QoL Compilation)","StSLib","Yakumo Yukari mod"],"gold_per_floor":[132,132,61,161,181,181,207,207,207,207,223,223,223],"floor_reached":12,"language":"ZHS","playtime":391,"items_purged":[],"score":101,"play_id":"0c35e3da-be36-4525-8468-d2601a7f84cc","local_time":"20210115221252","is_ascension_mode":false,"campfire_choices":[{"data":"Observe_purple_2","floor":6,"key":"SMITH"},{"data":"MeetDecomposer_purple","floor":8,"key":"SMITH"},{"data":"Fantasy_PerpetualMotionMachine_purple","floor":10,"key":"SMITH"}],"circlet_count":0,"master_deck":["AT_purpleEX","AT_purpleEX","AT_purpleEX","AT_purpleEX","Defend_purpleEX","Defend_purpleEX","Defend_purpleEX","Defend_purpleEX","Observe_purple_1","Observe_purple_2+1","MeetDecomposer_purple+1","Fantasy_PerpetualMotionMachine_purple+1"],"relics":["Boundary_crack","Memoryfragments_purpleEX","NeowsBlessing","Ancient Tea Set","Toxic Egg 2"],"acts_visited":["Exordium"],"potions_floor_usage":[12],"damage_taken":[{"damage":0,"enemies":"2 Louse","floor":1,"turns":1},{"damage":0,"enemies":"Jaw Worm","floor":5,"turns":1},{"damage":16,"enemies":"3 Sentries","floor":7,"turns":1},{"damage":5,"enemies":"Cultist","floor":11,"turns":4},{"damage":41,"enemies":"Gremlin Nob","floor":12,"turns":4}],"seed_played":"3463896736277683498","potions_obtained":[{"floor":5,"key":"SteroidPotion"}],"is_trial":false,"path_per_floor":["M","?","$","?","M","R","E","R","T","R","M","E"],"character_chosen":"Youkari","items_purchased":["Fantasy_PerpetualMotionMachine_purple"],"campfire_rested":0,"item_purchase_floors":[3],"current_hp_per_floor":[70,52,52,52,52,52,36,36,36,36,34,0,0],"gold":223,"neow_bonus":"THREE_ENEMY_KILL","is_daily":false,"chose_seed":false,"campfire_upgraded":3,"win_rate":0.0,"timestamp":1610719972,"path_taken":["M","?","$","?","?","R","E","R","T","R","M","E"],"items_purchased_type":["Card"],"build_version":"2020-12-22","purchased_purges":0,"victory":false,"max_hp_per_floor":[70,70,70,70,70,70,70,70,70,70,70,70,70],"card_choices":[{"not_picked":["Charmbait_purple","SfantasyHide_purple"],"picked":"MeetDecomposer_purple","floor":1},{"not_picked":["Boundary_LightAndDark_purple","DimensionStaggered_purple","Line_surface_state_purple"],"picked":"SKIP","floor":5},{"not_picked":["SharpContractionReality_purple","Charmbait_purple","DimensionStaggered_purple+1"],"picked":"SKIP","floor":7},{"not_picked":["Boundary_DynamicStaticEquilibrium_purple+1","WangLiang_OokamiKakushi_purple","SfantasyHide_purple+1"],"picked":"SKIP","floor":11}],"player_experience":270698,"relics_obtained":[{"floor":7,"key":"Toxic Egg 2"}],"event_choices":[{"damage_healed":0,"gold_gain":0,"player_choice":"Success","damage_taken":18,"relics_obtained":["Ancient Tea Set"],"max_hp_gain":0,"max_hp_loss":0,"event_name":"Scrap Ooze","floor":2,"gold_loss":0},{"damage_healed":0,"gold_gain":100,"player_choice":"Pray","damage_taken":0,"max_hp_gain":0,"max_hp_loss":0,"event_name":"Golden Shrine","floor":4,"gold_loss":0}],"is_beta":false,"boss_relics":[],"items_purged_floors":[],"is_endless":false,"potions_floor_spawned":[5],"killed_by":"Gremlin Nob","ascension_level":0}}