{"host":"ldbx2jhnvtia1ouf","time":1610709937,"event":{"mods":["BaseMod","Better Note","Better Sensory Stone","Better Skull","Better Third Choice","Block Reminder","Colored Map","Colored Powertips","Curses Come First","Highlight Path","Minty Spire (QoL Compilation)","Permanent Neow","Replay The Spire","Spicy Shops","StSLib","Transform Curses","Unceasing Turn Reminder"],"gold_per_floor":[215,226,401,621,638,638,666,666,689,707,707,717,717,734,734,734,734],"floor_reached":16,"language":"ENG","playtime":944,"items_purged":[],"score":102,"play_id":"0950ef9b-5c2a-424c-b5e8-b8856058f156","local_time":"20210115212537","is_ascension_mode":false,"campfire_choices":[{"floor":6,"key":"REST"},{"floor":8,"key":"REST"},{"floor":11,"key":"REST"},{"data":"Defragment","floor":15,"key":"SMITH"}],"circlet_count":0,"master_deck":["Strike_B","Strike_B","Strike_B","Strike_B","Defend_B","Defend_B","Defend_B","Defend_B","Zap","Dualcast","Defragment+1","Self Repair","Glacier","Scrape"],"relics":["Cracked Core","Bag of Marbles","Nunchaku","Lantern"],"acts_visited":["Exordium"],"potions_floor_usage":[7,7,16,16],"damage_taken":[{"damage":0,"enemies":"2 Louse","floor":1,"turns":3},{"damage":1,"enemies":"Jaw Worm","floor":2,"turns":3},{"damage":1,"enemies":"Cultist","floor":5,"turns":4},{"damage":63,"enemies":"Gremlin Nob","floor":7,"turns":6},{"damage":10,"enemies":"Large Slime","floor":10,"turns":7},{"damage":12,"enemies":"Exordium Thugs","floor":12,"turns":7},{"damage":2,"enemies":"Lots of Slimes","floor":14,"turns":8},{"damage":85,"enemies":"Fading Forest","floor":16,"turns":9}],"seed_played":"-9109992732511707544","potions_obtained":[{"floor":1,"key":"Explosive Potion"},{"floor":2,"key":"Adrenaline Potion"},{"floor":10,"key":"Fire Potion"},{"floor":12,"key":"Swift Potion"}],"is_trial":false,"path_per_floor":["M","M","?","?","M","R","E","R","T","M","R","M","?","M","R","B"],"character_chosen":"DEFECT","items_purchased":[],"campfire_rested":3,"item_purchase_floors":[],"current_hp_per_floor":[75,74,74,43,49,71,15,37,37,34,56,51,51,56,56,0,0],"gold":734,"neow_bonus":"HUNDRED_GOLD","is_daily":false,"chose_seed":false,"campfire_upgraded":1,"win_rate":0.0,"timestamp":1610709937,"path_taken":["M","M","?","?","M","R","E","R","T","M","R","?","?","M","R","BOSS"],"items_purchased_type":[],"build_version":"2020-12-22","purchased_purges":0,"victory":false,"max_hp_per_floor":[75,75,75,75,75,75,75,75,75,75,75,75,75,75,75,75,75],"card_choices":[{"not_picked":["Conserve Battery","Heatsinks"],"picked":"Defragment","floor":1},{"not_picked":["Steam","Redo"],"picked":"Self Repair","floor":2},{"not_picked":["Hologram","Skim","Turbo"],"picked":"SKIP","floor":5},{"not_picked":["Streamline","Barrage","Blizzard"],"picked":"SKIP","floor":7},{"not_picked":["Redo","Steam"],"picked":"Glacier","floor":10},{"not_picked":["Hologram","Doom and Gloom"],"picked":"Scrape","floor":12},{"not_picked":["Doom and Gloom","Scrape","Ball Lightning"],"picked":"SKIP","floor":14}],"player_experience":135233,"relics_obtained":[{"floor":7,"key":"Nunchaku"},{"floor":9,"key":"Lantern"}],"event_choices":[{"damage_healed":0,"gold_gain":175,"player_choice":"AGREE","damage_taken":226,"max_hp_gain":0,"max_hp_loss":0,"event_name":"betterThird:BetterSerpent","floor":3,"gold_loss":0},{"damage_healed":0,"gold_gain":220,"player_choice":"RE GO GO ","damage_taken":35,"relics_obtained":["Bag of Marbles"],"max_hp_gain":0,"max_hp_loss":0,"event_name":"betterSkull:BetterSkull","floor":4,"gold_loss":0,"cards_upgraded":[]},{"cards_removed":["Doubt"],"damage_healed":0,"gold_gain":0,"player_choice":"Card Removal","damage_taken":0,"max_hp_gain":0,"max_hp_loss":0,"event_name":"Wheel of Change","floor":13,"gold_loss":0}],"is_beta":false,"boss_relics":[],"items_purged_floors":[],"is_endless":false,"potions_floor_spawned":[1,2,10,12],"killed_by":"Fading Forest","ascension_level":0}}