{"host":"w4b7hmige5bnqipq","time":1610730627,"event":{"mods":["2.2 Compatiblity","BaseMod","Colored Map","DeckTracker","Keyboard Shortcuts","Minty Spire (QoL Compilation)","Permanent Neow","Rare Cards Sparkle","SuperFastMode","everything is the same but u backflip on backflip","slay the spire mod where everything is the same but ironclad has a cowboy hat"],"gold_per_floor":[18,37,37,57,77,77,96,96,96,21,52,65,98,98,98,172,172,185,74,74,74,86,111,111,123,146,246,246,281,281,297,297,371,371,383,396,410,428,446,475,475,492,492,492,509,509,244,259,259,259,259,259],"floor_reached":51,"language":"KOR","playtime":1841,"items_purged":["Strike_G","Strike_G"],"score":1362,"play_id":"401e831d-4b6a-4b4f-bb9d-140fcd779696","local_time":"20210116021027","is_ascension_mode":true,"campfire_choices":[{"data":"Crippling Poison","floor":6.0,"key":"SMITH"},{"data":"Neutralize","floor":8.0,"key":"SMITH"},{"data":"Corpse Explosion","floor":15.0,"key":"SMITH"},{"data":"Tactician","floor":24.0,"key":"SMITH"},{"data":"Accuracy","floor":28.0,"key":"SMITH"},{"data":"After Image","floor":30.0,"key":"SMITH"},{"data":"Blade Dance","floor":32.0,"key":"SMITH"},{"floor":41,"key":"RECALL"},{"floor":49,"key":"REST"}],"circlet_count":0,"master_deck":["AscendersBane","Strike_G","Strike_G","Defend_G","Defend_G+1","Defend_G","Defend_G","Defend_G","Survivor","Neutralize+1","Die Die Die","Crippling Poison+1","Poisoned Stab","PiercingWail+1","Corpse Explosion+1","Tactician+1","Acrobatics+1","After Image+1","Caltrops","Blade Dance+1","Accuracy+1","Backflip+1","Blade Dance","Dodge and Roll+1","Malaise","Prepared+1","Accuracy"],"relics":["Ring of the Snake","Paper Crane","Meat on the Bone","Shuriken","Potion Belt","WristBlade","Ancient Tea Set","War Paint","Thread and Needle","Blue Candle","Pear","Busted Crown","Matryoshka","InkBottle","Orrery"],"acts_visited":["Exordium","TheCity","TheBeyond"],"potions_floor_usage":[40,40,48,50],"damage_taken":[{"damage":2.0,"enemies":"Cultist","floor":1.0,"turns":4.0},{"damage":2.0,"enemies":"Jaw Worm","floor":2.0,"turns":5.0},{"damage":2.0,"enemies":"Small Slimes","floor":4.0,"turns":3.0},{"damage":0.0,"enemies":"3 Louse","floor":5.0,"turns":3.0},{"damage":1.0,"enemies":"Looter","floor":7.0,"turns":3.0},{"damage":30.0,"enemies":"Gremlin Nob","floor":11.0,"turns":5.0},{"damage":4.0,"enemies":"Blue Slaver","floor":12.0,"turns":4.0},{"damage":14.0,"enemies":"Lagavulin","floor":13.0,"turns":7.0},{"damage":14.0,"enemies":"The Guardian","floor":16.0,"turns":12.0},{"damage":6.0,"enemies":"Spheric Guardian","floor":18.0,"turns":4.0},{"damage":14.0,"enemies":"Shell Parasite","floor":22.0,"turns":5.0},{"damage":14.0,"enemies":"Gremlin Leader","floor":23.0,"turns":6.0},{"damage":4.0,"enemies":"Snake Plant","floor":25.0,"turns":4.0},{"damage":14.0,"enemies":"Colosseum Slavers","floor":27.0,"turns":2.0},{"damage":6.0,"enemies":"Colosseum Nobs","floor":27.0,"turns":3.0},{"damage":27.0,"enemies":"Slavers","floor":29.0,"turns":3.0},{"damage":5.0,"enemies":"Snecko","floor":31.0,"turns":3.0},{"damage":39.0,"enemies":"Automaton","floor":33.0,"turns":10.0},{"damage":0.0,"enemies":"3 Darklings","floor":35.0,"turns":2.0},{"damage":0.0,"enemies":"3 Shapes","floor":36.0,"turns":3.0},{"damage":2.0,"enemies":"3 Darklings","floor":37.0,"turns":3.0},{"damage":0.0,"enemies":"Jaw Worm Horde","floor":38.0,"turns":4.0},{"damage":0.0,"enemies":"4 Shapes","floor":39.0,"turns":6.0},{"damage":40,"enemies":"Reptomancer","floor":40,"turns":7},{"damage":23,"enemies":"Spire Growth","floor":42,"turns":5},{"damage":8,"enemies":"Transient","floor":45,"turns":6},{"damage":6,"enemies":"Jaw Worm Horde","floor":48,"turns":2},{"damage":49,"enemies":"Awakened One","floor":50,"turns":11},{"damage":22,"enemies":"Time Eater","floor":51,"turns":5}],"seed_played":"-3928864235588220559","potions_obtained":[{"floor":5.0,"key":"Weak Potion"},{"floor":11.0,"key":"Swift Potion"},{"floor":18.0,"key":"Dexterity Potion"},{"floor":25.0,"key":"Regen Potion"},{"floor":29.0,"key":"FearPotion"},{"floor":33.0,"key":"Block Potion"},{"floor":36.0,"key":"FearPotion"},{"floor":38.0,"key":"LiquidMemories"},{"floor":39.0,"key":"SteroidPotion"},{"floor":45,"key":"Energy Potion"}],"is_trial":false,"path_per_floor":["M","M","?","M","M","R","M","R","T","$","E","M","E","?","R","B",null,"M","$","?","?","M","E","R","M","T","?","R","E","R","M","R","B",null,"M","M","M","M","M","E","R","M","T","?","M","?","$","M","R","B","B"],"character_chosen":"THE_SILENT","items_purchased":["Blade Dance","Accuracy","Orrery"],"campfire_rested":1,"item_purchase_floors":[19,19,47],"current_hp_per_floor":[57,55,55,53,53,53,52,52,52,52,34,42,40,20,20,18,54,48,48,48,48,34,32,32,40,40,44,44,39,39,46,46,34,66,66,66,64,64,64,36,36,25,25,25,29,29,29,35,56,19,0,0],"gold":259,"neow_bonus":"THREE_RARE_CARDS","is_daily":false,"chose_seed":false,"campfire_upgraded":7,"win_rate":0.0,"timestamp":1610730627,"path_taken":["M","M","?","?","?","R","M","R","T","$","E","M","E","?","R","BOSS","M","$","?","?","M","E","R","M","T","?","R","E","R","M","R","BOSS","M","M","M","M","M","E","R","M","T","?","M","?","$","M","R","BOSS","BOSS"],"items_purchased_type":["Card","Card","Relic"],"build_version":"2020-12-22","purchased_purges":2,"victory":false,"max_hp_per_floor":[66,66,66,66,66,66,66,66,66,66,66,66,66,66,66,66,66,66,66,66,66,66,66,66,66,66,66,66,76,76,76,76,76,76,76,76,76,76,76,76,76,76,76,72,72,72,72,72,72,72,72,72],"card_choices":[{"not_picked":["Night Terror","Tools of the Trade"],"picked":"Die Die Die","floor":0.0},{"not_picked":["Flying Knee","Cloak And Dagger"],"picked":"Riddle With Holes","floor":1.0},{"not_picked":["Poisoned Stab","Slice"],"picked":"Crippling Poison","floor":2.0},{"not_picked":["Dagger Spray","Expertise"],"picked":"Poisoned Stab","floor":4.0},{"not_picked":["Quick Slash","Slice","Flying Knee"],"picked":"SKIP","floor":5.0},{"not_picked":["Skewer","Prepared"],"picked":"PiercingWail","floor":7.0},{"not_picked":["Accuracy","Tactician"],"picked":"Corpse Explosion","floor":11.0},{"not_picked":["Terror","Outmaneuver"],"picked":"Tactician","floor":12.0},{"not_picked":["Crippling Poison","PiercingWail"],"picked":"Acrobatics","floor":13.0},{"not_picked":["Doppelganger","A Thousand Cuts"],"picked":"After Image","floor":16.0},{"not_picked":["Setup+1","Deflect"],"picked":"Caltrops","floor":18.0},{"not_picked":["Predator","Dagger Spray","Acrobatics"],"picked":"SKIP","floor":22.0},{"not_picked":["Dagger Throw","Quick Slash+1","Deflect"],"picked":"SKIP","floor":23.0},{"not_picked":["All Out Attack","PiercingWail+1","Acrobatics"],"picked":"SKIP","floor":25.0},{"not_picked":["Setup","Bane"],"picked":"Blade Dance","floor":27.0},{"not_picked":["Die Die Die","Dagger Throw","Doppelganger"],"picked":"SKIP","floor":29.0},{"not_picked":["Concentrate","PiercingWail"],"picked":"Dodge and Roll+1","floor":31.0},{"not_picked":["Unload","Storm of Steel"],"picked":"Malaise","floor":33.0},{"not_picked":["Prepared"],"picked":"SKIP","floor":35.0},{"not_picked":["Poisoned Stab"],"picked":"SKIP","floor":36.0},{"not_picked":["Acrobatics"],"picked":"SKIP","floor":37.0},{"not_picked":["Acrobatics"],"picked":"SKIP","floor":38.0},{"not_picked":[],"picked":"Prepared+1","floor":39.0},{"not_picked":["Deflect"],"picked":"SKIP","floor":40},{"not_picked":["Endless Agony"],"picked":"SKIP","floor":42},{"not_picked":["Flechettes"],"picked":"SKIP","floor":45},{"not_picked":[],"picked":"Accuracy","floor":47},{"not_picked":["PiercingWail"],"picked":"SKIP","floor":48}],"player_experience":502819,"relics_obtained":[{"floor":9.0,"key":"Meat on the Bone"},{"floor":11.0,"key":"Shuriken"},{"floor":13.0,"key":"Potion Belt"},{"floor":23.0,"key":"Ancient Tea Set"},{"floor":26.0,"key":"War Paint"},{"floor":27.0,"key":"Thread and Needle"},{"floor":27.0,"key":"Blue Candle"},{"floor":29.0,"key":"Pear"},{"floor":40,"key":"Matryoshka"},{"floor":43,"key":"InkBottle"}],"event_choices":[{"cards_removed":["Riddle With Holes"],"damage_healed":0.0,"max_hp_gain":0.0,"max_hp_loss":0.0,"gold_gain":0.0,"event_name":"WeMeetAgain","player_choice":"Gave Card","floor":3.0,"gold_loss":0.0,"damage_taken":0.0,"relics_obtained":["Paper Crane"]},{"damage_healed":0.0,"max_hp_gain":0.0,"max_hp_loss":0.0,"gold_gain":0.0,"event_name":"Shining Light","player_choice":"Entered Light","floor":14.0,"gold_loss":0.0,"damage_taken":20.0,"cards_upgraded":["Acrobatics","Defend_G"]},{"damage_healed":0.0,"max_hp_gain":0.0,"max_hp_loss":0.0,"gold_gain":0.0,"event_name":"The Library","player_choice":"Read","floor":20.0,"gold_loss":0.0,"damage_taken":0.0,"cards_obtained":["Backflip"]},{"damage_healed":0.0,"max_hp_gain":0.0,"max_hp_loss":0.0,"gold_gain":0.0,"event_name":"Ghosts","player_choice":"Ignored","floor":21.0,"gold_loss":0.0,"damage_taken":0.0},{"damage_healed":0.0,"max_hp_gain":0.0,"max_hp_loss":0.0,"gold_gain":0.0,"event_name":"Colosseum","player_choice":"Fight","floor":27.0,"gold_loss":0.0,"damage_taken":0.0},{"damage_healed":0.0,"max_hp_gain":0.0,"max_hp_loss":0.0,"gold_gain":0.0,"event_name":"Colosseum","player_choice":"Fought Nobs","floor":27.0,"gold_loss":0.0,"damage_taken":0.0},{"damage_healed":0,"gold_gain":0,"player_choice":"Max HP","damage_taken":0,"max_hp_gain":0,"max_hp_loss":4,"event_name":"Winding Halls","floor":44,"gold_loss":0},{"cards_removed":["Strike_G"],"damage_healed":0,"gold_gain":0,"player_choice":"Purged","damage_taken":0,"max_hp_gain":0,"max_hp_loss":0,"event_name":"Purifier","floor":46,"gold_loss":0}],"is_beta":false,"boss_relics":[{"not_picked":["Coffee Dripper","SacredBark"],"picked":"WristBlade"},{"not_picked":["SlaversCollar","Sozu"],"picked":"Busted Crown"}],"items_purged_floors":[10,47],"is_endless":false,"potions_floor_spawned":[5,11,12,18,25,29,33,36,38,39,45],"killed_by":"Time Eater","ascension_level":20}}