{"host":"a331l7x7bue2m35h","time":1610712332,"event":{"mods":["BaseMod","Lobotomy","Minty Spire (QoL Compilation)","Replay The Spire","StSLib","The Cursed"],"gold_per_floor":[119,44,101,118,135,165,165,165,165,165,165,165],"floor_reached":11,"language":"KOR","playtime":340,"items_purged":["Defend_B"],"score":75,"play_id":"358dc242-706b-428c-8577-c03fc64110b5","local_time":"20210115210532","is_ascension_mode":true,"campfire_choices":[{"data":"ReplayTheSpireMod:Omega Cannon","floor":8,"key":"SMITH"}],"circlet_count":0,"master_deck":["Strike_B","Strike_B","Strike_B","Strike_B","Defend_B","Defend_B","Defend_B","Zap","Dualcast","CrumblingArmor","Self Repair","Pot Of Greed","Turbo","Pot Of Greed","Variant","ReplayTheSpireMod:Omega Cannon+1","Wellcheers","Genetic Algorithm","HappyTeddy","Genetic Algorithm"],"relics":["Cracked Core","CogitoBucket","Grinning Jar","Eternal Feather","Solar Panel","Replay:Bottled Snecko"],"acts_visited":["Exordium"],"potions_floor_usage":[6,6],"damage_taken":[{"damage":0,"enemies":"Cultist","floor":1,"turns":3},{"damage":0,"enemies":"2 Louse","floor":4,"turns":2},{"damage":14,"enemies":"Small Slimes","floor":5,"turns":2},{"damage":37,"enemies":"Lagavulin","floor":6,"turns":6},{"damage":31,"enemies":"3 Sentries","floor":11,"turns":2}],"seed_played":"-9051887108465913490","potions_obtained":[{"floor":3,"key":"AttackPotion"},{"floor":3,"key":"LifebloodPotion"},{"floor":6,"key":"CultistPotion"}],"is_trial":false,"path_per_floor":["M","$","?","M","M","E","?","R","T","?","E"],"character_chosen":"DEFECT","items_purchased":[],"campfire_rested":0,"item_purchase_floors":[],"current_hp_per_floor":[75,75,45,52,38,11,11,23,23,23,0,0],"gold":165,"neow_bonus":"","is_daily":false,"chose_seed":false,"campfire_upgraded":1,"win_rate":0.0,"timestamp":1610712332,"path_taken":["M","?","?","M","?","E","?","R","T","?","E"],"items_purchased_type":[],"build_version":"2020-12-22","purchased_purges":1,"victory":false,"max_hp_per_floor":[75,75,75,75,75,75,75,75,75,75,75,75],"card_choices":[{"not_picked":["Scarecrow","UniverseFragment","MeatLantern"],"picked":"Singing Bowl","floor":1},{"not_picked":["UniverseFragment","HeroicMonk"],"picked":"CrumblingArmor","floor":1},{"not_picked":["Sunder","Redo"],"picked":"Self Repair","floor":1},{"not_picked":["ReplayGash","Barrage"],"picked":"Turbo","floor":3},{"not_picked":["Freischutz","OldLady"],"picked":"Variant","floor":4},{"not_picked":["Barrage","Cold Snap"],"picked":"ReplayTheSpireMod:Omega Cannon","floor":4},{"not_picked":["NakedNest","MHz"],"picked":"Wellcheers","floor":5},{"not_picked":["Compile Driver","Ball Lightning"],"picked":"Genetic Algorithm","floor":5},{"not_picked":["SnowQueen","WallGazer"],"picked":"HappyTeddy","floor":6},{"not_picked":["Skim","Ball Lightning"],"picked":"Genetic Algorithm","floor":6}],"player_experience":170067,"relics_obtained":[{"floor":3,"key":"Grinning Jar"},{"floor":6,"key":"Eternal Feather"},{"floor":9,"key":"Replay:Bottled Snecko"}],"event_choices":[{"damage_healed":0,"gold_gain":0,"player_choice":"Box","damage_taken":0,"relics_obtained":["Solar Panel"],"max_hp_gain":0,"max_hp_loss":0,"event_name":"Big Fish","floor":7,"gold_loss":0,"cards_obtained":["Regret"]},{"cards_removed":["Regret"],"damage_healed":0,"gold_gain":0,"player_choice":"Removed Curses","damage_taken":0,"max_hp_gain":0,"max_hp_loss":0,"event_name":"Fountain of Cleansing","floor":10,"gold_loss":0}],"is_beta":false,"boss_relics":[],"items_purged_floors":[2],"is_endless":false,"potions_floor_spawned":[6],"killed_by":"3 Sentries","ascension_level":1}}