{"host":"qgrlfjrqk9z96gfi","time":1610684213,"event":{"mods":["BaseMod","Block Reminder","Colored Map","DeckTracker","Minty Spire (QoL Compilation)"],"gold_per_floor":[110,260,271,1,1,1,32,32,77,77,97,107,133,147,147,221,271,287,299,319,319,335,335,363,373,373,373,387,387,387,414,414,414,414],"floor_reached":33,"language":"ENG","playtime":1443,"items_purged":["Doubt"],"score":619,"play_id":"ef774de0-8ffb-42ff-a635-10b385d48ea4","local_time":"20210114181653","is_ascension_mode":true,"campfire_choices":[{"data":"Terror","floor":6,"key":"SMITH"},{"floor":8,"key":"REST"},{"data":"Leg Sweep","floor":10,"key":"SMITH"},{"floor":15,"key":"REST"},{"floor":23,"key":"REST"},{"floor":27,"key":"REST"},{"data":"1","floor":30,"key":"LIFT"},{"floor":32,"key":"REST"}],"circlet_count":0,"master_deck":["AscendersBane","Defend_G","Defend_G","Defend_G","Defend_G","Defend_G","Survivor","Neutralize+1","Slice","Blade Dance","Terror+1","Infinite Blades","Leg Sweep+1","Injury","Predator","Noxious Fumes+1","Adrenaline","PiercingWail","Glass Knife","Dash","Well Laid Plans","Cloak And Dagger","Backstab","Bite","Bite","Bite","Bite","Bite","Acrobatics","PiercingWail","Normality","Bouncing Flask+1","Outmaneuver+1"],"relics":["Cursed Key","Membership Card","Gambling Chip","Regal Pillow","Oddly Smooth Stone","Tiny House","Girya","StoneCalendar","Gremlin Horn"],"acts_visited":["Exordium","TheCity"],"potions_floor_usage":[13,16,20,20,25,25,31,31],"damage_taken":[{"damage":0.0,"enemies":"2 Louse","floor":1.0,"turns":3.0},{"damage":0.0,"enemies":"Small Slimes","floor":3.0,"turns":4.0},{"damage":37,"enemies":"Gremlin Nob","floor":7,"turns":4},{"damage":0,"enemies":"Jaw Worm","floor":11,"turns":2},{"damage":10,"enemies":"Exordium Wildlife","floor":12,"turns":6},{"damage":14,"enemies":"3 Sentries","floor":13,"turns":6},{"damage":7,"enemies":"3 Louse","floor":14,"turns":3},{"damage":13,"enemies":"Slime Boss","floor":16,"turns":8},{"damage":7,"enemies":"Spheric Guardian","floor":18,"turns":6},{"damage":16,"enemies":"2 Thieves","floor":19,"turns":5},{"damage":41,"enemies":"Sentry and Sphere","floor":20,"turns":6},{"damage":15,"enemies":"Snecko","floor":22,"turns":8},{"damage":45,"enemies":"Book of Stabbing","floor":24,"turns":6},{"damage":0,"enemies":"Chosen and Byrds","floor":25,"turns":5},{"damage":25,"enemies":"Shelled Parasite and Fungi","floor":28,"turns":6},{"damage":15,"enemies":"Gremlin Leader","floor":31,"turns":6},{"damage":82,"enemies":"Collector","floor":33,"turns":6}],"seed_played":"5396857122931994366","potions_obtained":[{"floor":1.0,"key":"LiquidBronze"},{"floor":12,"key":"AttackPotion"},{"floor":13,"key":"CultistPotion"},{"floor":16,"key":"PowerPotion"},{"floor":17,"key":"Regen Potion"},{"floor":24,"key":"EntropicBrew"},{"floor":25,"key":"Explosive Potion"},{"floor":28,"key":"CultistPotion"}],"is_trial":false,"path_per_floor":["M","?","M","$","?","R","E","R","T","R","M","M","E","M","R","B",null,"M","M","M","?","M","R","E","M","T","R","M","?","R","E","R","B"],"character_chosen":"THE_SILENT","items_purchased":["Membership Card","Terror","Infinite Blades"],"campfire_rested":5,"item_purchase_floors":[4,4,4],"current_hp_per_floor":[59,59,59,59,59,59,22,41,41,41,41,31,17,10,44,31,62,55,39,13,13,12,41,8,18,18,47,32,32,32,23,49,0,0],"gold":414,"neow_bonus":"BOSS_RELIC","is_daily":false,"chose_seed":false,"campfire_upgraded":2,"win_rate":0.0,"timestamp":1610684213,"path_taken":["M","?","M","$","?","R","E","R","T","R","M","M","E","?","R","BOSS","M","M","M","?","M","R","E","M","T","R","M","?","R","E","R","BOSS"],"items_purchased_type":["Relic","Card","Card"],"build_version":"2020-12-22","purchased_purges":1,"victory":false,"max_hp_per_floor":[66,66,66,66,66,66,66,66,66,66,66,66,66,66,66,66,71,71,71,71,49,49,49,49,49,49,49,49,49,49,49,49,49,49],"card_choices":[{"not_picked":["Leg Sweep","Choke"],"picked":"Slice","floor":1.0},{"not_picked":["Flying Knee","Sucker Punch"],"picked":"Blade Dance","floor":3.0},{"not_picked":["Quick Slash","All Out Attack"],"picked":"Leg Sweep","floor":7},{"not_picked":["Distraction","Dodge and Roll"],"picked":"Predator","floor":11},{"not_picked":["Acrobatics","Choke"],"picked":"Noxious Fumes","floor":12},{"not_picked":["Riddle With Holes","Bane"],"picked":"Adrenaline","floor":13},{"not_picked":["Dagger Throw","Slice"],"picked":"PiercingWail","floor":14},{"not_picked":["Doppelganger","Night Terror"],"picked":"Glass Knife","floor":16},{"not_picked":["Skewer","Catalyst"],"picked":"Dash","floor":17},{"not_picked":["Catalyst","Underhanded Strike"],"picked":"Well Laid Plans","floor":18},{"not_picked":["Deflect","Deadly Poison"],"picked":"Cloak And Dagger","floor":19},{"not_picked":["Bane","PiercingWail"],"picked":"Backstab","floor":20},{"not_picked":["Predator","Slice+1"],"picked":"Acrobatics","floor":22},{"not_picked":["Escape Plan","Dodge and Roll"],"picked":"PiercingWail","floor":24},{"not_picked":["Slice","Flying Knee","Deflect"],"picked":"SKIP","floor":25},{"not_picked":["Prepared","Bane"],"picked":"Bouncing Flask+1","floor":28},{"not_picked":["Well Laid Plans","Catalyst"],"picked":"Outmaneuver+1","floor":31}],"player_experience":1009199,"relics_obtained":[{"floor":7,"key":"Gambling Chip"},{"floor":9,"key":"Regal Pillow"},{"floor":13,"key":"Oddly Smooth Stone"},{"floor":24,"key":"Girya"},{"floor":26,"key":"StoneCalendar"},{"floor":31,"key":"Gremlin Horn"}],"event_choices":[{"damage_healed":0.0,"max_hp_gain":0.0,"max_hp_loss":0.0,"gold_gain":150.0,"event_name":"Liars Game","player_choice":"AGREE","floor":2.0,"gold_loss":0.0,"damage_taken":0.0,"cards_obtained":["Doubt"]},{"damage_healed":0,"gold_gain":0,"player_choice":"Grow","damage_taken":0,"max_hp_gain":0,"max_hp_loss":0,"event_name":"Living Wall","floor":5,"gold_loss":0,"cards_upgraded":["Neutralize"]},{"damage_healed":0,"gold_gain":0,"player_choice":"Became a vampire","damage_taken":0,"max_hp_gain":0,"max_hp_loss":22,"event_name":"Vampires","floor":21,"gold_loss":0,"cards_obtained":["Bite","Bite","Bite","Bite","Bite"]},{"damage_healed":0,"gold_gain":0,"player_choice":"Got Potions","damage_taken":0,"max_hp_gain":0,"max_hp_loss":0,"event_name":"Lab","floor":29,"gold_loss":0}],"is_beta":false,"boss_relics":[{"not_picked":["SacredBark","Busted Crown"],"picked":"Tiny House"}],"items_purged_floors":[4],"is_endless":false,"potions_floor_spawned":[1,12,13,16,19,24,25,28],"killed_by":"Collector","ascension_level":20}}