{"host":"9u9ci7gr6x9ja244","time":1610704485,"event":{"mods":["BaseMod","Downfall","Minty Spire (QoL Compilation)","StSLib"],"gold_per_floor":[99,116,181,181,198,212,212,212,312,325,341,375,375,24,35,35,35,35],"floor_reached":16,"language":"ZHS","playtime":601,"items_purged":["Slimebound:Strike_Slimebound"],"score":107,"play_id":"ee9cd00a-5df7-48e8-8d19-209ca5c2f616","local_time":"20210115175445","is_ascension_mode":true,"campfire_choices":[{"data":"Slimebound:Split","floor":1,"key":"SMITH"},{"data":"Slimebound:Defend_Slimebound","floor":8,"key":"PURGE"},{"floor":13,"key":"REST"}],"circlet_count":0,"master_deck":["Slimebound:Strike_Slimebound","Slimebound:Tackle","Slimebound:Defend_Slimebound","Slimebound:Defend_Slimebound","Slimebound:Defend_Slimebound","Slimebound:Split+1","Slimebound:CorrosiveSpit","Slimebound:LeechEnergy","Slimebound:SplitSpecialist","Slimebound:SplitMire","Slimebound:RejuvenatingLick","Slimebound:OozeBath","Slimebound:HauntingLick","Slimebound:SelfFormingGoo","Slimebound:SplitBruiser","Slimebound:Equalize+1"],"relics":["Slimebound:AbsorbEndCombat","Peace Pipe","Art of War","FossilizedHelix","Gambling Chip","Molten Egg 2"],"acts_visited":["Exordium"],"potions_floor_usage":[12],"damage_taken":[{"damage":8,"enemies":"Cultist","floor":2,"turns":3},{"damage":42,"enemies":"3 Sentries","floor":3,"turns":9},{"damage":0,"enemies":"2 Louse","floor":5,"turns":1},{"damage":17,"enemies":"Jaw Worm","floor":6,"turns":3},{"damage":18,"enemies":"3 Louse","floor":10,"turns":3},{"damage":21,"enemies":"2 Fungi Beasts","floor":11,"turns":3},{"damage":24,"enemies":"Gremlin Nob","floor":12,"turns":4},{"damage":12,"enemies":"downfall:FleeingMerchant","floor":14,"turns":4},{"damage":11,"enemies":"Blue Slaver","floor":15,"turns":3},{"damage":85,"enemies":"downfall:Defect","floor":16,"turns":5}],"seed_played":"7969689709462414385","potions_obtained":[{"floor":2,"key":"Fire Potion"},{"floor":10,"key":"SneckoOil"},{"floor":15,"key":"Guardian:BlockOnCardUsePotion"}],"is_trial":false,"path_per_floor":["R","M","?","?","M","M","T","R","?","M","M","E","R","$","M","B"],"character_chosen":"SLIMEBOUND","items_purchased":["Molten Egg 2"],"campfire_rested":1,"item_purchase_floors":[14],"current_hp_per_floor":[42,48,24,24,26,29,29,29,29,31,28,28,46,60,57,0,0,0],"gold":35,"neow_bonus":"ONE_RARE_RELIC","is_daily":false,"chose_seed":false,"campfire_upgraded":1,"win_rate":0.0,"timestamp":1610704485,"path_taken":["R","M","?","?","M","?","T","R","?","M","M","E","R","$","M","BOSS"],"items_purchased_type":["Relic"],"build_version":"2020-12-22","purchased_purges":1,"victory":false,"max_hp_per_floor":[60,60,60,60,60,60,60,60,60,60,60,60,60,60,60,60,60,60],"card_choices":[{"not_picked":["Slimebound:ItLooksTasty","Slimebound:GoopSpray"],"picked":"Slimebound:LeechEnergy","floor":2},{"not_picked":["Slimebound:BestDefense","Slimebound:LeechingTouch"],"picked":"Slimebound:SplitSpecialist","floor":3},{"not_picked":["Slimebound:FinishingTackle","Slimebound:SlimeSpikes"],"picked":"Slimebound:SplitMire","floor":5},{"not_picked":["Slimebound:HauntingLick","Slimebound:LeechingTouch"],"picked":"Slimebound:RejuvenatingLick","floor":6},{"not_picked":["Slimebound:GoopSpray","Slimebound:DivideAndConquer"],"picked":"Slimebound:OozeBath","floor":10},{"not_picked":["Slimebound:SplitLeeching","Slimebound:FinishingTackle"],"picked":"Slimebound:HauntingLick","floor":11},{"not_picked":["Slimebound:LeechEnergy","Slimebound:LeechingTouch"],"picked":"Slimebound:SelfFormingGoo","floor":12},{"not_picked":["Slimebound:FinishingTackle","Slimebound:SlimeBrawl"],"picked":"Slimebound:SplitBruiser","floor":14},{"not_picked":["Slimebound:ItLooksTasty+1","Slimebound:LivingWall"],"picked":"Slimebound:Equalize+1","floor":15}],"player_experience":249513,"relics_obtained":[{"floor":3,"key":"Art of War"},{"floor":7,"key":"FossilizedHelix"},{"floor":12,"key":"Gambling Chip"}],"event_choices":[{"cards_removed":["Slimebound:Strike_Slimebound"],"damage_healed":0,"gold_gain":0,"player_choice":"Purged","damage_taken":0,"max_hp_gain":0,"max_hp_loss":0,"event_name":"Purifier","floor":4,"gold_loss":0}],"is_beta":false,"boss_relics":[],"items_purged_floors":[14],"is_endless":false,"potions_floor_spawned":[2,10,15],"killed_by":"downfall:Defect","ascension_level":1}}