{"host":"npubv26u89aif4fa","time":1610686050,"event":{"mods":["Astrologer","BaseMod","Better Vampires","Better-Laid Plans","Colored Powertips","GifTheSpireLib","GungeonMod","HornydragonMod","Hubris","Jedi Mod","Minty Spire (QoL Compilation)","Quick Restart","Remilia（蕾米莉亚）","Replay The Spire","StSLib","Td1madao Mod","The Administrix","The Alterego","The Bug Knight","The Cursed","The Runesmith","Yuri Mod","残留之物"],"gold_per_floor":[114,114,139,27,39,39,57,57,57,57,57],"floor_reached":10,"language":"ZHS","playtime":435,"items_purged":["hubris:Greed"],"score":58,"play_id":"c886a7fd-cb76-4882-82d8-1d23ef36d689","local_time":"20210115124730","is_ascension_mode":false,"campfire_choices":[{"data":"Fusion","floor":6,"key":"SMITH"},{"floor":8,"key":"RECALL"}],"circlet_count":0,"master_deck":["Strike_B","Strike_B","Strike_B","Strike_B","Defend_B","Defend_B","Defend_B+1","Defend_B","Zap","Dualcast+1","White Noise","jedi:markofdeath","Fusion+1","Crystallizer"],"relics":["Cracked Core","WingedGreaves"],"acts_visited":["Exordium"],"potions_floor_usage":[10],"damage_taken":[{"damage":0,"enemies":"2 Louse","floor":1,"turns":2},{"damage":3,"enemies":"Small Slimes","floor":3,"turns":3},{"damage":0,"enemies":"Cultist","floor":5,"turns":4},{"damage":7,"enemies":"Exordium Thugs","floor":7,"turns":5},{"damage":50,"enemies":"3 Sentries","floor":10,"turns":6}],"seed_played":"4681669027851242611","potions_obtained":[{"floor":3,"key":"PowerPotion"}],"is_trial":false,"path_per_floor":["M","?","M","$","M","R","M","R","T","E"],"character_chosen":"DEFECT","items_purchased":["Fusion"],"campfire_rested":0,"item_purchase_floors":[4],"current_hp_per_floor":[75,60,57,57,57,57,50,50,50,0,0],"gold":57,"neow_bonus":"ONE_RARE_RELIC","is_daily":false,"chose_seed":false,"campfire_upgraded":1,"win_rate":0.0,"timestamp":1610686050,"path_taken":["M","?","M","$","M","R","M","R","T","E"],"items_purchased_type":["Card"],"build_version":"2020-12-22","purchased_purges":1,"victory":false,"max_hp_per_floor":[75,75,75,75,75,75,75,75,75,75,75],"card_choices":[{"not_picked":["ReplayTheSpireMod:GoodbyeWorld","ReplaySolidLightProjector"],"picked":"White Noise","floor":1},{"not_picked":["Reprogram","Leap"],"picked":"jedi:markofdeath","floor":3},{"not_picked":["Redo","Time Bomb"],"picked":"Crystallizer","floor":5},{"not_picked":["Coolheaded","Hello World","jedi:BurstFrost"],"picked":"SKIP","floor":7}],"player_experience":280075,"relics_obtained":[],"event_choices":[{"damage_healed":0,"gold_gain":0,"player_choice":"Entered Light","damage_taken":15,"max_hp_gain":0,"max_hp_loss":0,"event_name":"Shining Light","floor":2,"gold_loss":0,"cards_upgraded":["Dualcast","Defend_B"]}],"is_beta":false,"boss_relics":[],"items_purged_floors":[4],"is_endless":false,"potions_floor_spawned":[3],"killed_by":"3 Sentries","ascension_level":0}}