{"host":"p1xsuo25udtrkbq2","time":1610669258,"event":{"mods":["BaseMod","Colored Map","Minty Spire (QoL Compilation)","Quick Restart","Rare Cards Sparkle","Relic Stats","Slay the Relics Exporter","StSLib","everything is the same but u backflip on backflip"],"gold_per_floor":[118,130,148,37,0,0,27,41,123,134,165,165,182,212,212,311,311,284,484,41,56,69,69,96,96,96],"floor_reached":25,"language":"ENG","playtime":3609,"items_purged":["Blizzard"],"score":304,"play_id":"09872c9e-987b-4edf-a7c9-a0dff172b30d","local_time":"20210114190738","is_ascension_mode":true,"campfire_choices":[{"data":"Coolheaded","floor":6.0,"key":"SMITH"},{"floor":12.0,"key":"REST"},{"floor":15.0,"key":"REST"},{"floor":23.0,"key":"REST"}],"circlet_count":0,"master_deck":["Strike_B","Strike_B","Defend_B","Defend_B","Defend_B","Zap","Dualcast","Steam+1","Auto Shields+1","Recycle+1","Coolheaded+1","BootSequence","Gash","Capacitor","Blizzard","Hologram","Gash","White Noise","Gash","Tempest","Cold Snap","Echo Form+1","Gash+1","Creative AI+1","Self Repair+1","Static Discharge+1","Conserve Battery"],"relics":["Astrolabe","Gambling Chip","Frozen Egg 2","Smiling Mask","Shovel","Nuclear Battery","Mummified Hand","CaptainsWheel"],"acts_visited":["Exordium","TheCity"],"potions_floor_usage":[25],"damage_taken":[{"damage":7.0,"enemies":"Cultist","floor":1.0,"turns":5.0},{"damage":0.0,"enemies":"Jaw Worm","floor":2.0,"turns":6.0},{"damage":0.0,"enemies":"2 Louse","floor":3.0,"turns":5.0},{"damage":0.0,"enemies":"Looter","floor":5.0,"turns":5.0},{"damage":8.0,"enemies":"Lagavulin","floor":7.0,"turns":10.0},{"damage":0.0,"enemies":"Blue Slaver","floor":8.0,"turns":4.0},{"damage":2.0,"enemies":"Red Slaver","floor":10.0,"turns":4.0},{"damage":56.0,"enemies":"Gremlin Nob","floor":11.0,"turns":6.0},{"damage":10.0,"enemies":"2 Fungi Beasts","floor":13.0,"turns":4.0},{"damage":4.0,"enemies":"Lagavulin","floor":14.0,"turns":7.0},{"damage":10.0,"enemies":"Slime Boss","floor":16.0,"turns":11.0},{"damage":27.0,"enemies":"2 Thieves","floor":18.0,"turns":5.0},{"damage":27.0,"enemies":"Chosen","floor":21.0,"turns":6.0},{"damage":17.0,"enemies":"Sentry and Sphere","floor":22.0,"turns":5.0},{"damage":35.0,"enemies":"Gremlin Leader","floor":24.0,"turns":4.0},{"damage":38,"enemies":"Cultist and Chosen","floor":25,"turns":6}],"seed_played":"-1002137389163987100","potions_obtained":[{"floor":2.0,"key":"Dexterity Potion"},{"floor":8.0,"key":"FearPotion"},{"floor":10.0,"key":"GamblersBrew"},{"floor":11.0,"key":"SkillPotion"},{"floor":14.0,"key":"AttackPotion"},{"floor":16.0,"key":"FearPotion"},{"floor":21.0,"key":"Energy Potion"},{"floor":24.0,"key":"Explosive Potion"}],"is_trial":false,"path_per_floor":["M","M","M","$","M","R","E","M","T","M","E","R","M","E","R","B",null,"M","?","$","M","M","R","E","M"],"character_chosen":"DEFECT","items_purchased":["Blizzard","Capacitor","Mummified Hand","Creative AI+1"],"campfire_rested":3,"item_purchase_floors":[4,4,20,20],"current_hp_per_floor":[68,68,68,68,68,68,60,60,60,58,2,24,14,10,32,22,75,48,48,48,21,24,46,21,0,0],"gold":96,"neow_bonus":"BOSS_RELIC","is_daily":false,"chose_seed":false,"campfire_upgraded":1,"win_rate":0.0,"timestamp":1610669258,"path_taken":["M","M","M","$","M","R","E","M","T","M","E","R","M","E","R","BOSS","M","?","$","M","?","R","E","M"],"items_purchased_type":["Card","Card","Relic","Card"],"build_version":"2020-12-22","purchased_purges":1,"victory":false,"max_hp_per_floor":[75,75,75,75,75,75,75,75,75,75,75,75,75,75,75,75,75,75,75,75,75,75,75,75,75,75],"relic_stats":{"Shovel":0,"counters":[16,93],"Mummified Hand":[28],"Astrolabe":["Steam","Auto Shields","Recycle"],"Gambling Chip":[33],"Smiling Mask":25,"obtain_stats":[{"CaptainsWheel":24,"Shovel":14,"Mummified Hand":20,"Astrolabe":0,"Gambling Chip":7,"Frozen Egg 2":9,"Cracked Core":0,"Smiling Mask":11,"Nuclear Battery":17},{"CaptainsWheel":15,"Shovel":10,"Mummified Hand":12,"Astrolabe":0,"Gambling Chip":5,"Frozen Egg 2":6,"Cracked Core":0,"Smiling Mask":8,"Nuclear Battery":11},{"CaptainsWheel":87,"Shovel":56,"Mummified Hand":72,"Astrolabe":0,"Gambling Chip":31,"Frozen Egg 2":35,"Cracked Core":0,"Smiling Mask":45,"Nuclear Battery":67}]},"card_choices":[{"not_picked":["Steam","Barrage"],"picked":"Coolheaded","floor":1.0},{"not_picked":["Conserve Battery","Redo"],"picked":"BootSequence","floor":2.0},{"not_picked":["Sunder","Turbo"],"picked":"Gash","floor":3.0},{"not_picked":["Streamline","Steam"],"picked":"Blizzard","floor":5.0},{"not_picked":["Redo","Static Discharge"],"picked":"Hologram","floor":7.0},{"not_picked":["Core Surge","Barrage"],"picked":"Gash","floor":8.0},{"not_picked":["Reinforced Body","Consume"],"picked":"White Noise","floor":10.0},{"not_picked":["Loop+1","Chaos"],"picked":"Gash","floor":11.0},{"not_picked":["Double Energy","Reprogram"],"picked":"Tempest","floor":13.0},{"not_picked":["Ball Lightning","White Noise"],"picked":"Cold Snap","floor":14.0},{"not_picked":["Rainbow","Seek"],"picked":"Echo Form+1","floor":16.0},{"not_picked":["Auto Shields+1","Redo"],"picked":"Gash+1","floor":18.0},{"not_picked":["Aggregate","Turbo+1"],"picked":"Self Repair+1","floor":21.0},{"not_picked":["White Noise","Beam Cell"],"picked":"Static Discharge+1","floor":22.0},{"not_picked":["Gash+1","Chill"],"picked":"Conserve Battery","floor":24.0}],"player_experience":889410,"relics_obtained":[{"floor":7.0,"key":"Gambling Chip"},{"floor":9.0,"key":"Frozen Egg 2"},{"floor":11.0,"key":"Smiling Mask"},{"floor":14.0,"key":"Shovel"},{"floor":24.0,"key":"CaptainsWheel"}],"event_choices":[{"damage_healed":0.0,"max_hp_gain":0.0,"max_hp_loss":0.0,"gold_gain":200.0,"event_name":"Wheel of Change","player_choice":"Gold","floor":19.0,"gold_loss":0.0,"damage_taken":0.0}],"is_beta":false,"boss_relics":[{"not_picked":["Tiny House","Philosopher\u0027s Stone"],"picked":"Nuclear Battery"}],"items_purged_floors":[20],"is_endless":false,"potions_floor_spawned":[2,8,10,11,14,16,21,24],"killed_by":"Cultist and Chosen","ascension_level":3}}