{"host":"j015jhc2yy25u1i1","time":1610744937,"event":{"mods":["BaseMod","Colored Map","Colored Powertips","Highlight Path","Minty Spire (QoL Compilation)"],"gold_per_floor":[119,138,213,225,279,279,312,312,312,329,364,364,379,211,211,306,306,324,306,356,376,301,331,331,344,344,379,397,397,397,297,297,396,396,409,424,223,234,248,280,280,306,306,306,306,338,352,202,202,202],"floor_reached":51,"language":"ENG","playtime":4439,"items_purged":["Strike_G","Defend_G","Strike_G","Defend_G"],"score":835,"play_id":"b861834d-6085-44f3-996d-38dab0b6bde7","local_time":"20210115140857","is_ascension_mode":false,"campfire_choices":[{"data":"Noxious Fumes","floor":6.0,"key":"SMITH"},{"floor":8.0,"key":"REST"},{"data":"Noxious Fumes","floor":15.0,"key":"SMITH"},{"data":"Noxious Fumes","floor":29.0,"key":"SMITH"},{"data":"Wraith Form v2","floor":32.0,"key":"SMITH"},{"data":"Footwork","floor":41,"key":"SMITH"},{"data":"Dash","floor":45,"key":"SMITH"},{"floor":49,"key":"REST"}],"circlet_count":0,"master_deck":["Strike_G","Strike_G+1","Defend_G","Defend_G","Survivor","Dash+1","Noxious Fumes+1","Leg Sweep","Calculated Gamble","Flying Knee+1","Backflip","Noxious Fumes+1","Noxious Fumes+1","Backflip","Wraith Form v2+1","PiercingWail","Skewer","Bullet Time","Footwork+1","Backflip+1","Predator","Backflip"],"relics":["Ring of the Snake","Tough Bandages","Mummified Hand","Strawberry","Snecko Eye","Boot","Pocketwatch","Blood Vial","Busted Crown","Juzu Bracelet","Mango","Sundial","Whetstone"],"acts_visited":["Exordium","TheCity","TheBeyond"],"potions_floor_usage":[47],"damage_taken":[{"damage":0.0,"enemies":"2 Louse","floor":1.0,"turns":3.0},{"damage":1.0,"enemies":"Jaw Worm","floor":2.0,"turns":4.0},{"damage":0.0,"enemies":"Small Slimes","floor":4.0,"turns":4.0},{"damage":20.0,"enemies":"Gremlin Nob","floor":7.0,"turns":6.0},{"damage":0.0,"enemies":"Blue Slaver","floor":10.0,"turns":4.0},{"damage":4.0,"enemies":"Lagavulin","floor":11.0,"turns":9.0},{"damage":3.0,"enemies":"Red Slaver","floor":13.0,"turns":3.0},{"damage":29.0,"enemies":"The Guardian","floor":16.0,"turns":9.0},{"damage":0.0,"enemies":"3 Byrds","floor":18.0,"turns":5.0},{"damage":1.0,"enemies":"2 Thieves","floor":19.0,"turns":4.0},{"damage":6.0,"enemies":"Shelled Parasite and Fungi","floor":21.0,"turns":6.0},{"damage":12.0,"enemies":"Gremlin Leader","floor":23.0,"turns":6.0},{"damage":0.0,"enemies":"Cultist and Chosen","floor":25.0,"turns":6.0},{"damage":8.0,"enemies":"Book of Stabbing","floor":27.0,"turns":7.0},{"damage":0.0,"enemies":"Snake Plant","floor":28.0,"turns":4.0},{"damage":4.0,"enemies":"Automaton","floor":33.0,"turns":9.0},{"damage":5,"enemies":"3 Darklings","floor":35,"turns":4},{"damage":1,"enemies":"Orb Walker","floor":36,"turns":4},{"damage":11,"enemies":"Spire Growth","floor":38,"turns":6},{"damage":0,"enemies":"Maw","floor":39,"turns":8},{"damage":0,"enemies":"Reptomancer","floor":40,"turns":6},{"damage":0,"enemies":"Giant Head","floor":42,"turns":10},{"damage":1,"enemies":"Nemesis","floor":46,"turns":7},{"damage":47,"enemies":"Sphere and 2 Shapes","floor":47,"turns":5},{"damage":1,"enemies":"Donu and Deca","floor":50,"turns":9}],"seed_played":"7236498001637940813","potions_obtained":[{"floor":1.0,"key":"SkillPotion"},{"floor":10.0,"key":"Strength Potion"},{"floor":13.0,"key":"CultistPotion"},{"floor":16.0,"key":"BlessingOfTheForge"},{"floor":42,"key":"Swift Potion"}],"is_trial":false,"path_per_floor":["M","M","?","M","?","R","E","R","T","M","E","?","M","$","R","B",null,"M","M","?","M","?","E","?","M","T","E","M","R","?","$","R","B",null,"M","M","$","M","M","E","R","E","T","?","R","E","M","$","R","B",null],"character_chosen":"THE_SILENT","items_purchased":["Noxious Fumes","Backflip","Footwork"],"campfire_rested":2,"item_purchase_floors":[14,14,37],"current_hp_per_floor":[70,69,58,58,58,58,38,59,59,59,62,62,59,59,59,30,77,77,76,76,70,70,58,58,58,58,50,52,52,52,52,52,50,77,72,73,73,64,66,68,68,84,84,84,84,85,40,40,67,68],"gold":202,"neow_bonus":"THREE_CARDS","is_daily":false,"chose_seed":false,"campfire_upgraded":6,"win_rate":0.0,"timestamp":1610744937,"path_taken":["M","M","?","M","?","R","E","R","T","M","E","?","M","$","R","BOSS","M","M","?","?","?","E","?","?","T","E","M","R","?","?","R","BOSS","M","M","$","M","?","E","R","E","T","?","R","E","M","$","R","BOSS"],"items_purchased_type":["Card","Card","Card"],"build_version":"2020-12-22","purchased_purges":4,"victory":true,"max_hp_per_floor":[70,70,70,70,70,70,70,70,70,70,77,77,77,77,77,77,77,77,77,77,77,77,77,77,77,77,77,77,77,77,77,77,77,77,77,77,77,77,77,77,77,91,91,91,91,91,91,91,91,91],"card_choices":[{"not_picked":["Deadly Poison","Flying Knee"],"picked":"Dash","floor":0.0},{"not_picked":["Reflex","Dagger Spray"],"picked":"Noxious Fumes","floor":1.0},{"not_picked":["Noxious Fumes","Masterful Stab"],"picked":"Leg Sweep","floor":2.0},{"not_picked":["Acrobatics","Prepared"],"picked":"Calculated Gamble","floor":4.0},{"not_picked":["Deadly Poison","Underhanded Strike"],"picked":"Flying Knee","floor":7.0},{"not_picked":["Deadly Poison","Glass Knife"],"picked":"Backflip","floor":10.0},{"not_picked":["Dagger Spray","Bouncing Flask"],"picked":"Backstab","floor":11.0},{"not_picked":["Endless Agony","Dash"],"picked":"Noxious Fumes","floor":13.0},{"not_picked":["Bullet Time","Tools of the Trade"],"picked":"Wraith Form v2","floor":16.0},{"not_picked":["Masterful Stab","Deadly Poison","Dagger Throw"],"picked":"SKIP","floor":18.0},{"not_picked":["Skewer+1","Flying Knee+1"],"picked":"PiercingWail","floor":19.0},{"not_picked":["Eviscerate","Sucker Punch","Dodge and Roll+1"],"picked":"SKIP","floor":21.0},{"not_picked":["Eviscerate","Bouncing Flask","Finisher"],"picked":"SKIP","floor":23.0},{"not_picked":["Underhanded Strike","Flying Knee","Slice+1"],"picked":"SKIP","floor":25.0},{"not_picked":["Doppelganger","Outmaneuver","Sucker Punch"],"picked":"SKIP","floor":27.0},{"not_picked":["Sucker Punch","Dagger Spray","Infinite Blades"],"picked":"SKIP","floor":28.0},{"not_picked":["Envenom","Venomology"],"picked":"Bullet Time","floor":33.0},{"not_picked":["Dodge and Roll+1"],"picked":"SKIP","floor":35},{"not_picked":["Crippling Poison"],"picked":"SKIP","floor":36},{"not_picked":["Deflect+1"],"picked":"SKIP","floor":38},{"not_picked":["Deflect+1"],"picked":"SKIP","floor":39},{"not_picked":[],"picked":"Backflip+1","floor":40},{"not_picked":["Sucker Punch"],"picked":"SKIP","floor":42},{"not_picked":[],"picked":"Predator","floor":46},{"not_picked":[],"picked":"Backflip","floor":47}],"player_experience":8384,"relics_obtained":[{"floor":7.0,"key":"Tough Bandages"},{"floor":9.0,"key":"Mummified Hand"},{"floor":11.0,"key":"Strawberry"},{"floor":23.0,"key":"Boot"},{"floor":26.0,"key":"Pocketwatch"},{"floor":27.0,"key":"Blood Vial"},{"floor":40,"key":"Juzu Bracelet"},{"floor":42,"key":"Mango"},{"floor":43,"key":"Sundial"},{"floor":46,"key":"Whetstone"}],"event_choices":[{"damage_healed":0.0,"max_hp_gain":0.0,"max_hp_loss":0.0,"gold_gain":75.0,"event_name":"World of Goop","player_choice":"Gather Gold","floor":3.0,"gold_loss":0.0,"damage_taken":11.0},{"damage_healed":0.0,"max_hp_gain":0.0,"max_hp_loss":0.0,"gold_gain":54.0,"event_name":"Golden Wing","player_choice":"Gained Gold","floor":5.0,"gold_loss":0.0,"damage_taken":0.0},{"cards_removed":["Defend_G"],"damage_healed":0.0,"max_hp_gain":0.0,"max_hp_loss":0.0,"gold_gain":0.0,"event_name":"Living Wall","player_choice":"Forget","floor":12.0,"gold_loss":0.0,"damage_taken":0.0},{"damage_healed":0.0,"max_hp_gain":0.0,"max_hp_loss":0.0,"gold_gain":100.0,"event_name":"The Joust","player_choice":"Bet on Murderer","floor":20.0,"gold_loss":50.0,"damage_taken":0.0},{"cards_removed":["Strike_G"],"damage_healed":0.0,"max_hp_gain":0.0,"max_hp_loss":0.0,"gold_gain":0.0,"event_name":"Beggar","player_choice":"Gave Gold","floor":22.0,"gold_loss":75.0,"damage_taken":0.0},{"damage_healed":0.0,"max_hp_gain":0.0,"max_hp_loss":0.0,"gold_gain":0.0,"cards_transformed":["Neutralize"],"event_name":"Transmorgrifier","player_choice":"Transformed","floor":24.0,"gold_loss":0.0,"damage_taken":0.0,"cards_obtained":["Skewer"]},{"cards_removed":["Backstab"],"damage_healed":0.0,"max_hp_gain":0.0,"max_hp_loss":0.0,"gold_gain":0.0,"event_name":"Back to Basics","player_choice":"Elegance","floor":30.0,"gold_loss":0.0,"damage_taken":0.0},{"damage_healed":0,"gold_gain":0,"player_choice":"Memory 1","damage_taken":0,"max_hp_gain":0,"max_hp_loss":0,"event_name":"SensoryStone","floor":44,"gold_loss":0}],"is_beta":false,"boss_relics":[{"not_picked":["Ectoplasm","HoveringKite"],"picked":"Snecko Eye"},{"not_picked":["Runic Pyramid","Fusion Hammer"],"picked":"Busted Crown"}],"items_purged_floors":[14,31,37,48],"is_endless":false,"potions_floor_spawned":[1,10,13,16,23,28,33,36,38,40,42,47],"ascension_level":0}}