{"host":"7sni158j623xchr2","time":1610674464,"event":{"mods":["BaseMod","Colored Map","Highlight Path","Minty Spire (QoL Compilation)","Permanent Neow","Potion Indicator Mod","Rare Cards Sparkle","Relic Sorter","Relic Stats","StSLib","everything is the same but u backflip on backflip"],"gold_per_floor":[112,62,62,73,89,121,121,141,189,73,148,148,181,192,192,292,292,304,316,18,18,30,30,61,61,86,111,131,131,150,177,177,275,275,288,299,299,23,23,23],"floor_reached":39,"language":"ENG","playtime":1091,"items_purged":["Strike_G","Strike_G","Strike_G+1"],"score":498,"play_id":"1aab2285-8e8e-40e9-bf45-b36169127503","local_time":"20210114193424","is_ascension_mode":true,"campfire_choices":[{"data":"Backstab","floor":7,"key":"SMITH"},{"data":"Terror","floor":12,"key":"SMITH"},{"data":"All Out Attack","floor":15,"key":"SMITH"},{"data":"Malaise","floor":25,"key":"SMITH"},{"floor":29,"key":"REST"},{"data":"Bouncing Flask","floor":32,"key":"SMITH"}],"circlet_count":0,"master_deck":["Defend_G+1","Defend_G+1","Defend_G+1","Defend_G+1","Survivor","Neutralize","Backstab+1","Escape Plan","All Out Attack+1","Dagger Spray","Terror+1","Footwork","PiercingWail","Malaise+1","Poisoned Stab","Bouncing Flask+1","Footwork","Backflip","Deadly Poison","Well Laid Plans","Malaise","PiercingWail+1","Dark Shackles","Finesse","Secret Technique"],"relics":["SlaversCollar","Ninja Scroll","Happy Flower","Orichalcum","Question Card","SacredBark","Toolbox","FossilizedHelix","Vajra","Omamori","Molten Egg 2","Empty Cage","PreservedInsect"],"acts_visited":["Exordium","TheCity","TheBeyond"],"potions_floor_usage":[13,33,39],"damage_taken":[{"damage":0,"enemies":"Small Slimes","floor":1,"turns":4},{"damage":0,"enemies":"Cultist","floor":4,"turns":2},{"damage":0,"enemies":"Jaw Worm","floor":5,"turns":1},{"damage":18,"enemies":"Gremlin Nob","floor":6,"turns":4},{"damage":0,"enemies":"3 Louse","floor":8,"turns":2},{"damage":6,"enemies":"Lagavulin","floor":13,"turns":5},{"damage":5,"enemies":"Looter","floor":14,"turns":2},{"damage":12,"enemies":"The Guardian","floor":16,"turns":12},{"damage":18,"enemies":"Spheric Guardian","floor":18,"turns":5},{"damage":0,"enemies":"Shell Parasite","floor":19,"turns":4},{"damage":5,"enemies":"3 Cultists","floor":22,"turns":3},{"damage":6,"enemies":"Slavers","floor":24,"turns":7},{"damage":4,"enemies":"Book of Stabbing","floor":27,"turns":5},{"damage":8,"enemies":"Snake Plant","floor":28,"turns":4},{"damage":0,"enemies":"Centurion and Healer","floor":30,"turns":2},{"damage":0,"enemies":"Slavers","floor":31,"turns":4},{"damage":10,"enemies":"Automaton","floor":33,"turns":8},{"damage":0,"enemies":"3 Shapes","floor":35,"turns":4},{"damage":16,"enemies":"3 Darklings","floor":36,"turns":3},{"damage":61,"enemies":"2 Orb Walkers","floor":39,"turns":6}],"seed_played":"-1213274529801682325","potions_obtained":[{"floor":1,"key":"Fruit Juice"},{"floor":5,"key":"EssenceOfSteel"},{"floor":13,"key":"SkillPotion"},{"floor":19,"key":"Strength Potion"},{"floor":35,"key":"FearPotion"}],"is_trial":false,"path_per_floor":["M","?","?","M","M","E","R","M","T","$","?","R","E","M","R","B",null,"M","M","$","?","M","?","E","R","T","E","M","R","M","E","R","B",null,"M","M","?","$","?"],"character_chosen":"THE_SILENT","items_purchased":["Terror","Toolbox","PowerPotion","PreservedInsect"],"campfire_rested":1,"item_purchase_floors":[10,20,20,38],"current_hp_per_floor":[70,70,70,70,70,52,52,52,52,52,41,41,35,30,30,18,70,52,52,52,52,47,34,28,28,28,24,16,38,38,38,38,28,75,75,59,49,49,0,0],"gold":23,"neow_bonus":"BOSS_RELIC","is_daily":false,"chose_seed":false,"campfire_upgraded":5,"win_rate":0.0,"timestamp":1610674464,"path_taken":["M","?","?","M","?","E","R","M","T","$","?","R","E","M","R","BOSS","M","M","$","?","M","?","E","R","T","E","M","R","M","E","R","BOSS","M","M","?","$","?"],"items_purchased_type":["Card","Relic","Potion","Relic"],"build_version":"2020-12-22","purchased_purges":3,"victory":false,"max_hp_per_floor":[70,70,70,70,70,70,70,70,70,70,70,70,70,70,70,70,70,70,70,70,70,70,75,75,75,75,75,75,75,75,75,75,75,75,75,75,75,75,75,75],"relic_stats":{"Happy Flower":[25],"counters":[20,87],"PreservedInsect":0,"Orichalcum":[126],"Question Card":16,"obtain_stats":[{"Happy Flower":6,"SacredBark":17,"Vajra":26,"PreservedInsect":38,"Omamori":27,"Orichalcum":9,"Question Card":13,"Empty Cage":34,"SlaversCollar":0,"Ninja Scroll":3,"Toolbox":20,"Molten Egg 2":31,"FossilizedHelix":24,"Ring of the Snake":0},{"Happy Flower":4,"SacredBark":8,"Vajra":12,"PreservedInsect":19,"Omamori":13,"Orichalcum":5,"Question Card":6,"Empty Cage":17,"SlaversCollar":0,"Ninja Scroll":1,"Toolbox":10,"Molten Egg 2":16,"FossilizedHelix":12,"Ring of the Snake":0},{"Happy Flower":11,"SacredBark":32,"Vajra":51,"PreservedInsect":81,"Omamori":56,"Orichalcum":13,"Question Card":18,"Empty Cage":74,"SlaversCollar":0,"Ninja Scroll":4,"Toolbox":41,"Molten Egg 2":66,"FossilizedHelix":51,"Ring of the Snake":0}]},"card_choices":[{"not_picked":["PiercingWail","Dash"],"picked":"Backstab","floor":1},{"not_picked":["Acrobatics","Dagger Throw"],"picked":"Escape Plan","floor":4},{"not_picked":["Phantasmal Killer","Dodge and Roll"],"picked":"All Out Attack","floor":5},{"not_picked":["Setup","Slice","Sucker Punch"],"picked":"SKIP","floor":6},{"not_picked":["Expertise","Concentrate"],"picked":"Dagger Spray","floor":8},{"not_picked":["Caltrops","Eviscerate"],"picked":"Footwork","floor":13},{"not_picked":["Quick Slash","Acrobatics","Deflect"],"picked":"PiercingWail","floor":14},{"not_picked":["Tools of the Trade","Envenom","Phantasmal Killer"],"picked":"Malaise","floor":16},{"not_picked":["Sucker Punch","Slice","Escape Plan"],"picked":"Poisoned Stab","floor":18},{"not_picked":["Heel Hook","Dagger Throw","Slice"],"picked":"Bouncing Flask","floor":19},{"not_picked":["Deadly Poison","Dodge and Roll","Cloak And Dagger","Poisoned Stab"],"picked":"SKIP","floor":22},{"not_picked":["Storm of Steel","Distraction","Concentrate"],"picked":"Footwork","floor":24},{"not_picked":["Choke","Finisher","Heel Hook"],"picked":"Backflip","floor":27},{"not_picked":["Cloak And Dagger+1","Flying Knee","Bane","Blade Dance+1"],"picked":"SKIP","floor":28},{"not_picked":["Flying Knee","Dagger Throw","Prepared"],"picked":"Deadly Poison","floor":30},{"not_picked":["Poisoned Stab+1","Dagger Throw+1","Infinite Blades"],"picked":"Well Laid Plans","floor":31},{"not_picked":["Burst","Bullet Time","Die Die Die+1"],"picked":"Malaise","floor":33},{"not_picked":["Dagger Spray+1","Sucker Punch+1","Cloak And Dagger+1","Flying Knee+1"],"picked":"SKIP","floor":35},{"not_picked":["Dagger Spray+1","Footwork+1","Bouncing Flask+1"],"picked":"PiercingWail+1","floor":36},{"not_picked":["Bandage Up","Discovery","Transmutation"],"picked":"Dark Shackles","floor":37},{"not_picked":["Dramatic Entrance+1","Jack Of All Trades","Swift Strike+1"],"picked":"Finesse","floor":37},{"not_picked":["Forethought","Dramatic Entrance+1","Panacea"],"picked":"Secret Technique","floor":37}],"player_experience":1621684,"relics_obtained":[{"floor":6,"key":"Happy Flower"},{"floor":9,"key":"Orichalcum"},{"floor":13,"key":"Question Card"},{"floor":24,"key":"FossilizedHelix"},{"floor":26,"key":"Vajra"},{"floor":27,"key":"Omamori"},{"floor":31,"key":"Molten Egg 2"}],"event_choices":[{"cards_removed":["Defend_G"],"damage_healed":0,"gold_gain":0,"player_choice":"Card Removal","damage_taken":0,"max_hp_gain":0,"max_hp_loss":0,"event_name":"The Cleric","floor":2,"gold_loss":50},{"damage_healed":0,"gold_gain":0,"player_choice":"Gave Potion","damage_taken":0,"relics_obtained":["Ninja Scroll"],"max_hp_gain":0,"max_hp_loss":0,"event_name":"WeMeetAgain","floor":3,"gold_loss":0},{"damage_healed":0,"gold_gain":75,"player_choice":"Gather Gold","damage_taken":11,"max_hp_gain":0,"max_hp_loss":0,"event_name":"World of Goop","floor":11,"gold_loss":0},{"damage_healed":0,"gold_gain":0,"player_choice":"Simplicity","damage_taken":0,"max_hp_gain":0,"max_hp_loss":0,"event_name":"Back to Basics","floor":21,"gold_loss":0,"cards_upgraded":["Strike_G","Strike_G","Strike_G","Defend_G","Defend_G","Defend_G","Defend_G"]},{"damage_healed":0,"gold_gain":0,"player_choice":"Shed Blood","damage_taken":18,"max_hp_gain":5,"max_hp_loss":0,"event_name":"Forgotten Altar","floor":23,"gold_loss":0},{"damage_healed":0,"gold_gain":0,"player_choice":"Memory 3","damage_taken":10,"max_hp_gain":0,"max_hp_loss":0,"event_name":"SensoryStone","floor":37,"gold_loss":0},{"damage_healed":0,"gold_gain":0,"player_choice":"Fight","damage_taken":0,"max_hp_gain":0,"max_hp_loss":0,"event_name":"Mysterious Sphere","floor":39,"gold_loss":0}],"is_beta":false,"boss_relics":[{"not_picked":["Busted Crown","HoveringKite"],"picked":"SacredBark"},{"not_picked":["Astrolabe","Philosopher\u0027s Stone"],"picked":"Empty Cage"}],"items_purged_floors":[10,20,38],"is_endless":false,"potions_floor_spawned":[1,5,13,19,24,27,30,35],"killed_by":"2 Orb Walkers","ascension_level":1}}