{"host":"by3dnjj711vo194a","time":1610744145,"event":{"mods":["2.2 Compatiblity","AchievementEnabler","BaseMod","Colored Map","DeckTracker","KOR Keyword Fix","Keyboard Shortcuts","Minty Spire (QoL Compilation)","Permanent Neow","Quick Restart","StSLib","SuperFastMode","everything is the same but u backflip on backflip"],"gold_per_floor":[114,114,39,53,64,64,89,105,105,280,315,315,138,152,152,249,249,269,87,87,101,120,146,146,166,166,91,105,105,55,90,90,192,192,206,52,52,102,5,5,5,22,47,75,88,138,138,150,150,150],"floor_reached":51,"language":"KOR","playtime":1749,"items_purged":["Strike_P","Doubt","Writhe"],"score":948,"play_id":"9a1ada82-2835-4284-b1b9-9d442cd83809","local_time":"20210116055545","is_ascension_mode":true,"campfire_choices":[{"data":"Eruption","floor":6.0,"key":"SMITH"},{"data":"InnerPeace","floor":12.0,"key":"SMITH"},{"data":"Adaptation","floor":15.0,"key":"SMITH"},{"data":"Ragnarok","floor":24,"key":"SMITH"},{"data":"MentalFortress","floor":29,"key":"SMITH"},{"data":"Vigilance","floor":32,"key":"SMITH"},{"data":"FearNoEvil","floor":40,"key":"SMITH"},{"data":"Strike_P","floor":47,"key":"SMITH"},{"data":"Strike_P","floor":49,"key":"SMITH"}],"circlet_count":0,"master_deck":["Strike_P+1","Strike_P+1","Eruption+1","Vigilance+1","InnerPeace+1","Adaptation+1","Ragnarok+1","Adaptation+1","MentalFortress+1","WaveOfTheHand+1","Halt+1","Devotion+1","FearNoEvil+1"],"relics":["PureWater","MealTicket","Blood Vial","Sundial","Coffee Dripper","TheAbacus","Strawberry","Bird Faced Urn","Pear","Oddly Smooth Stone","Astrolabe","Membership Card","CloakClasp","Art of War","Pocketwatch","Smiling Mask"],"acts_visited":["Exordium","TheCity","TheBeyond"],"potions_floor_usage":[31,31,31,33,33,50,50],"damage_taken":[{"damage":5.0,"enemies":"Jaw Worm","floor":1.0,"turns":4.0},{"damage":0.0,"enemies":"Cultist","floor":4.0,"turns":2.0},{"damage":5.0,"enemies":"2 Louse","floor":5.0,"turns":2.0},{"damage":11.0,"enemies":"Lagavulin","floor":7.0,"turns":6.0},{"damage":6.0,"enemies":"Blue Slaver","floor":8.0,"turns":5.0},{"damage":9.0,"enemies":"3 Sentries","floor":11.0,"turns":13.0},{"damage":4.0,"enemies":"2 Fungi Beasts","floor":14.0,"turns":3.0},{"damage":16.0,"enemies":"The Guardian","floor":16.0,"turns":5.0},{"damage":13.0,"enemies":"Spheric Guardian","floor":18.0,"turns":4.0},{"damage":5.0,"enemies":"Shell Parasite","floor":21.0,"turns":3.0},{"damage":7.0,"enemies":"Cultist and Chosen","floor":22.0,"turns":3.0},{"damage":20,"enemies":"Gremlin Leader","floor":23,"turns":8},{"damage":24,"enemies":"Snake Plant","floor":25,"turns":4},{"damage":0,"enemies":"Snecko","floor":28,"turns":3},{"damage":2,"enemies":"Book of Stabbing","floor":31,"turns":4},{"damage":29,"enemies":"Champ","floor":33,"turns":4},{"damage":21,"enemies":"3 Shapes","floor":35,"turns":5},{"damage":30,"enemies":"Mind Bloom Boss Battle","floor":38,"turns":3},{"damage":0,"enemies":"3 Darklings","floor":42,"turns":3},{"damage":31,"enemies":"Reptomancer","floor":44,"turns":6},{"damage":11,"enemies":"Spire Growth","floor":45,"turns":3},{"damage":0,"enemies":"4 Shapes","floor":48,"turns":3},{"damage":45,"enemies":"Awakened One","floor":50,"turns":5}],"seed_played":"-4520289298276428517","potions_obtained":[{"floor":2.0,"key":"LiquidMemories"},{"floor":2.0,"key":"AttackPotion"},{"floor":2.0,"key":"BottledMiracle"},{"floor":7.0,"key":"BlessingOfTheForge"},{"floor":8.0,"key":"Block Potion"},{"floor":11.0,"key":"SteroidPotion"},{"floor":18.0,"key":"GamblersBrew"},{"floor":25,"key":"EntropicBrew"},{"floor":42,"key":"Energy Potion"},{"floor":44,"key":"EssenceOfSteel"}],"is_trial":false,"path_per_floor":["M","?","$","M","M","R","E","M","T","?","E","R","$","M","R","B",null,"M","$","?","M","M","E","R","M","T","?","M","R","?","E","R","B",null,"M","$","$","?","$","R","$","M","T","E","M","T","R","M","R","B",null],"character_chosen":"WATCHER","items_purchased":["Adaptation","MentalFortress","TheAbacus","Membership Card","FearNoEvil"],"campfire_rested":0,"item_purchase_floors":[13,19,19,36,39],"current_hp_per_floor":[67,67,67,67,62,62,51,45,45,45,38,38,53,51,51,37,63,52,67,74,71,66,48,48,32,42,42,50,50,50,56,56,37,76,65,80,89,59,74,74,89,89,89,58,57,57,57,67,67,32],"gold":150,"neow_bonus":"REMOVE_CARD","is_daily":false,"chose_seed":false,"campfire_upgraded":9,"win_rate":0.0,"timestamp":1610744145,"path_taken":["M","?","$","?","M","R","E","M","T","?","E","R","?","M","R","BOSS","M","$","?","M","M","E","R","M","T","?","M","R","?","E","R","BOSS","M","?","$","?","?","R","$","?","T","E","M","?","R","M","R","BOSS"],"items_purchased_type":["Card","Card","Relic","Relic","Card"],"build_version":"2020-12-22","purchased_purges":3,"victory":true,"max_hp_per_floor":[72,72,72,72,72,72,72,72,72,72,72,72,72,72,72,72,72,72,72,79,79,79,79,79,79,89,89,89,89,89,89,89,89,89,89,89,89,89,89,89,89,89,89,89,89,89,89,89,89,89],"card_choices":[{"not_picked":["Evaluate","SignatureMove","BowlingBash"],"picked":"SKIP","floor":1.0},{"not_picked":["WaveOfTheHand","Worship","JustLucky"],"picked":"SKIP","floor":4.0},{"not_picked":["ThirdEye","JustLucky","Study"],"picked":"SKIP","floor":5.0},{"not_picked":["Evaluate","ClearTheMind"],"picked":"InnerPeace","floor":7.0},{"not_picked":["DeceiveReality","DeusExMachina","Prostrate"],"picked":"SKIP","floor":8.0},{"not_picked":["CutThroughFate","InnerPeace","WaveOfTheHand"],"picked":"SKIP","floor":11.0},{"not_picked":["CutThroughFate","EmptyFist","SashWhip"],"picked":"SKIP","floor":14.0},{"not_picked":["Devotion","MasterReality"],"picked":"Ragnarok","floor":16.0},{"not_picked":["Conclude","SashWhip"],"picked":"Adaptation+1","floor":18.0},{"not_picked":["Consecrate","Protect","ClearTheMind"],"picked":"SKIP","floor":21.0},{"not_picked":["EmptyBody","Collect","Wireheading"],"picked":"SKIP","floor":22.0},{"not_picked":["EmptyBody","Collect","Wireheading"],"picked":"SKIP","floor":22.0},{"not_picked":["Perseverance+1","CutThroughFate+1","Crescendo"],"picked":"SKIP","floor":23},{"not_picked":["JustLucky","PathToVictory","LikeWater"],"picked":"SKIP","floor":25},{"not_picked":["Devotion","BowlingBash+1","Protect"],"picked":"SKIP","floor":28},{"not_picked":["Consecrate","BowlingBash","Evaluate"],"picked":"SKIP","floor":31},{"not_picked":["ThirdEye","Wallop","Sanctity"],"picked":"SKIP","floor":35},{"not_picked":["EmptyBody+1","LikeWater+1","ClearTheMind+1"],"picked":"SKIP","floor":42},{"not_picked":["SashWhip","EmptyFist","Sanctity+1"],"picked":"SKIP","floor":44},{"not_picked":["WindmillStrike","Pray+1","Indignation+1"],"picked":"SKIP","floor":45},{"not_picked":["Crescendo","EmptyBody","Worship"],"picked":"SKIP","floor":48}],"player_experience":162761,"relics_obtained":[{"floor":7.0,"key":"MealTicket"},{"floor":9.0,"key":"Blood Vial"},{"floor":11.0,"key":"Sundial"},{"floor":23,"key":"Bird Faced Urn"},{"floor":26,"key":"Pear"},{"floor":31,"key":"Oddly Smooth Stone"},{"floor":38,"key":"CloakClasp"},{"floor":43,"key":"Art of War"},{"floor":44,"key":"Pocketwatch"},{"floor":46,"key":"Smiling Mask"}],"event_choices":[{"damage_healed":0.0,"max_hp_gain":0.0,"max_hp_loss":0.0,"gold_gain":0.0,"event_name":"Lab","player_choice":"Got Potions","floor":2.0,"gold_loss":0.0,"damage_taken":0.0},{"damage_healed":0.0,"max_hp_gain":0.0,"max_hp_loss":0.0,"gold_gain":175.0,"event_name":"Liars Game","player_choice":"AGREE","floor":10.0,"gold_loss":0.0,"damage_taken":0.0,"cards_obtained":["Doubt"]},{"damage_healed":0.0,"max_hp_gain":0.0,"max_hp_loss":0.0,"gold_gain":0.0,"event_name":"The Mausoleum","player_choice":"Opened","floor":20.0,"gold_loss":0.0,"damage_taken":0.0,"relics_obtained":["Strawberry"],"cards_obtained":["Writhe"]},{"cards_removed":["Defend_P"],"damage_healed":0,"gold_gain":0,"player_choice":"Gave Gold","damage_taken":0,"max_hp_gain":0,"max_hp_loss":0,"event_name":"Beggar","floor":27,"gold_loss":75},{"damage_healed":0,"gold_gain":0,"player_choice":"Bet on Murderer","damage_taken":0,"max_hp_gain":0,"max_hp_loss":0,"event_name":"The Joust","floor":30,"gold_loss":50},{"damage_healed":0,"gold_gain":0,"player_choice":"Fight","damage_taken":0,"max_hp_gain":0,"max_hp_loss":0,"event_name":"MindBloom","floor":38,"gold_loss":0}],"is_beta":false,"boss_relics":[{"not_picked":["Ectoplasm","Cursed Key"],"picked":"Coffee Dripper"},{"not_picked":["Black Star","Fusion Hammer"],"picked":"Astrolabe"}],"items_purged_floors":[3,13,39],"is_endless":false,"potions_floor_spawned":[7,8,11,18,21,25,42,44,48],"ascension_level":5}}