{"host":"65bhxfoqsqjg61le","time":1610693436,"event":{"mods":["2.2 Compatiblity","AchievementEnabler","BaseMod","Better Third Choice","Conspire","Curses Come First","Downfall","Energized Spire","Evolution","GifTheSpireLib","Hubris","Minty Spire (QoL Compilation)","RRrroohrrRGHHhhh!!","Rare Cards Sparkle","Replay The Spire","StSLib","Stuff the Spire","Wandering Minibosses","everything is the same but u backflip on backflip","slay the spire mod where everything is the same but ironclad has a cowboy hat"],"gold_per_floor":[114,114,133,133,145,178,190,215,215,245,245,273,374,299,299,401,401,414,164,234,268,295,347,371,406,406,255,316,316,352,352,352,368,368],"floor_reached":33,"language":"ENG","playtime":1464,"items_purged":["Strike_R","StuffTheSpire:Incineration"],"score":464,"play_id":"c157b5ef-9515-46a0-b494-25691eba5154","local_time":"20210115015036","is_ascension_mode":true,"campfire_choices":[{"data":"Thunderclap","floor":11,"key":"SMITH"},{"data":"Inflame","floor":15,"key":"SMITH"},{"floor":29,"key":"REST"},{"floor":32,"key":"REST"}],"circlet_count":0,"master_deck":["StuffTheSpire:Incineration","StuffTheSpire:Incineration","StuffTheSpire:Incineration","Defend_R","Defend_R","Defend_R","Defend_R","Bash","Inflame+1","Twin Strike","Thunderclap+1","Flex","Shrug It Off"],"relics":["Burning Blood","EVO:Axolotl","NeowsBlessing","PreservedInsect","Question Card","ReplayTheSpireMod:TigerMarble","HornCleat","StuffTheSpire:RubySignet","energizedSpire:TabascoSauce","Replay:Bandana","Mango","Meat on the Bone","StuffTheSpire:GrapeVine","Snack Pack","hubris:Towel"],"acts_visited":["Exordium","TheCity"],"potions_floor_usage":[6,8,12,12,21,28,28,33],"damage_taken":[{"damage":0,"enemies":"2 Louse","floor":1,"turns":1},{"damage":0,"enemies":"Jaw Worm","floor":3,"turns":1},{"damage":0,"enemies":"Cultist","floor":5,"turns":1},{"damage":8,"enemies":"Gremlin Nob","floor":6,"turns":3},{"damage":10,"enemies":"Gremlin Gang","floor":7,"turns":3},{"damage":20,"enemies":"Lagavulin","floor":8,"turns":3},{"damage":10,"enemies":"3 Sentries","floor":10,"turns":3},{"damage":4,"enemies":"Lagavulin","floor":12,"turns":3},{"damage":8,"enemies":"Exordium Thugs","floor":13,"turns":5},{"damage":56,"enemies":"Fading Forest","floor":16,"turns":11},{"damage":0,"enemies":"Spheric Guardian","floor":18,"turns":3},{"damage":0,"enemies":"3 Byrds","floor":20,"turns":4},{"damage":21,"enemies":"Snake Plant","floor":21,"turns":4},{"damage":29,"enemies":"Sentry and Sphere","floor":22,"turns":5},{"damage":18,"enemies":"Gremlin Leader","floor":23,"turns":3},{"damage":6,"enemies":"conspire:HollyBat","floor":24,"turns":7},{"damage":0,"enemies":"3 Cultists","floor":25,"turns":4},{"damage":0,"enemies":"conspire:Head Lice","floor":28,"turns":3},{"damage":21,"enemies":"Snake Plant","floor":30,"turns":3},{"damage":89,"enemies":"Champ","floor":33,"turns":8}],"seed_played":"8881116576496714324","potions_obtained":[{"floor":1,"key":"GamblersBrew"},{"floor":3,"key":"DistilledChaos"},{"floor":4,"key":"Adrenaline Potion"},{"floor":10,"key":"Explosive Potion"},{"floor":18,"key":"CultistPotion"},{"floor":23,"key":"SteroidPotion"},{"floor":25,"key":"Weak Potion"},{"floor":30,"key":"Energy Potion"}],"is_trial":false,"path_per_floor":["M","?","M","?","M","E","M","E","T","E","R","E","M","$","R","B",null,"M","$","M","M","M","E","M","M","T","$","E","R","M","?","R","B"],"character_chosen":"IRONCLAD","items_purchased":["Replay:Bandana","StuffTheSpire:GrapeVine"],"campfire_rested":2,"item_purchase_floors":[19,27],"current_hp_per_floor":[78,78,80,80,80,78,74,60,60,56,56,58,56,56,56,24,66,69,69,72,54,28,20,17,20,20,20,29,55,44,44,70,0,0],"gold":368,"neow_bonus":"THREE_ENEMY_KILL","is_daily":false,"chose_seed":false,"campfire_upgraded":2,"win_rate":0.0,"timestamp":1610693436,"path_taken":["M","?","M","?","?","E","?","E","T","E","R","E","M","?","R","BOSS","M","$","M","M","M","E","M","M","T","$","E","R","M","?","R","BOSS"],"items_purchased_type":["Relic","Relic"],"build_version":"2020-12-22","purchased_purges":2,"victory":false,"max_hp_per_floor":[80,80,80,80,80,80,80,80,80,80,80,80,80,80,80,80,80,80,80,80,80,80,87,87,87,87,87,87,87,87,87,87,87,87],"card_choices":[{"not_picked":["Rupture","StuffTheSpire:RockThrow"],"picked":"Inflame","floor":1},{"not_picked":["Replay:Undeath\u0027s Touch","Iron Wave","Run Through"],"picked":"SKIP","floor":3},{"not_picked":["Sword Boomerang","Replay:Undeath\u0027s Touch"],"picked":"Twin Strike","floor":5},{"not_picked":["Wild Strike","StuffTheSpire:Incineration","Replay:Undeath\u0027s Touch"],"picked":"SKIP","floor":6},{"not_picked":["Limit Break","Power Through","Clash"],"picked":"SKIP","floor":7},{"not_picked":["StuffTheSpire:Resist","Armaments"],"picked":"Thunderclap","floor":8},{"not_picked":["Heavy Blade","Run Through","rorgmod:Searing Blow"],"picked":"Flex","floor":10},{"not_picked":["Life Link","Sever Soul","Defy Death","Combust"],"picked":"SKIP","floor":12},{"not_picked":["Twin Strike","Replay:Undeath\u0027s Touch","StuffTheSpire:RockThrow","Spot Weakness"],"picked":"SKIP","floor":13},{"not_picked":["Run Through","ReplayTheSpireMod:Strike From Hell","Anger","Burning Pact"],"picked":"SKIP","floor":18},{"not_picked":["Pommel Strike","Clash","Anger","Havoc"],"picked":"SKIP","floor":20},{"not_picked":["StuffTheSpire:Resist+1","Twin Strike","Shrug It Off+1","Pommel Strike"],"picked":"SKIP","floor":21},{"not_picked":["Rage","StuffTheSpire:Incineration","Body Slam","rorgmod:Searing Blow"],"picked":"SKIP","floor":22},{"not_picked":["Whirlwind","rorgmod:Searing Blow","conspire:Charge"],"picked":"Shrug It Off","floor":23},{"not_picked":["Replay:Undeath\u0027s Touch","Hemogenesis","True Grit","Rage+1"],"picked":"SKIP","floor":24},{"not_picked":["ReplayTheSpireMod:Strike From Hell+1","Carnage+1","Clothesline","Abandon"],"picked":"SKIP","floor":25},{"not_picked":["Headbutt","ReplayTheSpireMod:Stacked","Carnage","Juggernaut"],"picked":"SKIP","floor":28},{"not_picked":["Clash","Twin Strike","Carnage+1","Infernal Blade"],"picked":"SKIP","floor":30}],"player_experience":1054085,"relics_obtained":[{"floor":6,"key":"PreservedInsect"},{"floor":8,"key":"Question Card"},{"floor":9,"key":"ReplayTheSpireMod:TigerMarble"},{"floor":10,"key":"HornCleat"},{"floor":12,"key":"StuffTheSpire:RubySignet"},{"floor":23,"key":"Mango"},{"floor":26,"key":"Meat on the Bone"},{"floor":28,"key":"Snack Pack"}],"event_choices":[{"damage_healed":0,"gold_gain":0,"player_choice":"Got Potions","damage_taken":0,"max_hp_gain":0,"max_hp_loss":0,"event_name":"Lab","floor":4,"gold_loss":0}],"is_beta":false,"boss_relics":[{"not_picked":["StuffTheSpire:RunicConfusion","conspire:SlowCooker"],"picked":"energizedSpire:TabascoSauce"}],"items_purged_floors":[14,19],"is_endless":false,"potions_floor_spawned":[1,3,10,18,23,25,30],"killed_by":"Champ","ascension_level":7}}