{"host":"txhhdwa0hqfs4jhb","time":1610727706,"event":{"mods":["BaseMod","Better Third Choice","Downfall","Filter the Spire","Hermit","Mad Scientist","Minty Spire (QoL Compilation)","Relic Stats","Replay The Spire","StSLib","Thieving Mod"],"gold_per_floor":[116,116,136,156,156,156,6,36,36,52,66,91,117,151,151,151,151],"floor_reached":16,"language":"ENG","playtime":839,"items_purged":["Strike_B"],"score":234,"play_id":"4ca0d3b9-3a30-414f-991d-3819283520ab","local_time":"20210115162146","is_ascension_mode":true,"campfire_choices":[{"data":"Darkness","floor":6,"key":"SMITH"},{"data":"Crystallizer","floor":15,"key":"SMITH"}],"circlet_count":0,"master_deck":["AscendersBane","Strike_B","Strike_B","Defend_B","Defend_B","Defend_B","Defend_B","Zap+1","Dualcast","Glacier","Darkness+1","Scrape","Crystallizer+1","Beam Cell","Panic Button","Reinforced Body","Coolheaded","Time Bomb"],"relics":["Cracked Core","ReplayTheSpireMod:Ring of Exchange","PreservedInsect","Replay:Towering Pillar of Hats","Bag of Marbles","Lizard Tail","Oddly Smooth Stone","Du-Vu Doll"],"acts_visited":["Exordium"],"potions_floor_usage":[8,11,14],"damage_taken":[{"damage":2,"enemies":"Jaw Worm","floor":1,"turns":3},{"damage":0,"enemies":"Cultist","floor":3,"turns":4},{"damage":8,"enemies":"2 Louse","floor":4,"turns":2},{"damage":11,"enemies":"Gremlin Nob","floor":8,"turns":3},{"damage":11,"enemies":"Exordium Thugs","floor":10,"turns":4},{"damage":1,"enemies":"Gremlin Gang","floor":11,"turns":4},{"damage":7,"enemies":"Replay:BlueRogue","floor":12,"turns":7},{"damage":34,"enemies":"Gremlin Nob","floor":14,"turns":4},{"damage":38,"enemies":"Slime Boss","floor":16,"turns":7}],"seed_played":"-5992989760206807852","potions_obtained":[{"floor":1,"key":"Strength Potion"},{"floor":3,"key":"AttackPotion"},{"floor":12,"key":"SkillPotion"}],"is_trial":false,"path_per_floor":["M","?","M","M","?","R","$","E","T","M","M","E","T","E","R","B"],"character_chosen":"DEFECT","items_purchased":["Crystallizer"],"campfire_rested":0,"item_purchase_floors":[7],"current_hp_per_floor":[62,62,62,54,54,54,54,43,43,32,31,24,24,35,35,0,0],"gold":151,"neow_bonus":"RANDOM_EVENT","is_daily":false,"chose_seed":false,"campfire_upgraded":2,"win_rate":0.0,"timestamp":1610727706,"path_taken":["M","?","M","?","?","R","?","E","T","?","M","E","?","E","R","BOSS"],"items_purchased_type":["Card"],"build_version":"2020-12-22","purchased_purges":1,"victory":false,"max_hp_per_floor":[71,71,71,71,71,71,71,71,71,71,71,71,71,71,71,71,71],"relic_stats":{"Lizard Tail":35,"counters":[9,38],"PreservedInsect":68,"obtain_stats":[{"Du-Vu Doll":14,"ReplayTheSpireMod:Ring of Exchange":5,"Lizard Tail":12,"Replay:Towering Pillar of Hats":8,"Oddly Smooth Stone":13,"PreservedInsect":7,"Bag of Marbles":9,"Cracked Core":0},{"Du-Vu Doll":8,"ReplayTheSpireMod:Ring of Exchange":3,"Lizard Tail":7,"Replay:Towering Pillar of Hats":4,"Oddly Smooth Stone":7,"PreservedInsect":3,"Bag of Marbles":4,"Cracked Core":0},{"Du-Vu Doll":31,"ReplayTheSpireMod:Ring of Exchange":9,"Lizard Tail":27,"Replay:Towering Pillar of Hats":12,"Oddly Smooth Stone":27,"PreservedInsect":9,"Bag of Marbles":12,"Cracked Core":0}]},"card_choices":[{"not_picked":["BasicCrystalCard","Hello World"],"picked":"Glacier","floor":1},{"not_picked":["Sunder","BasicCrystalCard"],"picked":"Scrape","floor":3},{"not_picked":["Streamline","Steam","Rebound"],"picked":"SKIP","floor":4},{"not_picked":["BootSequence","Double Energy"],"picked":"Beam Cell","floor":8},{"not_picked":["Coolheaded","Streamline"],"picked":"Panic Button","floor":10},{"not_picked":["Ball Lightning","Rebound"],"picked":"Reinforced Body","floor":11},{"not_picked":["Sunder","ReplayTheSpireMod:Repulse"],"picked":"Coolheaded","floor":12},{"not_picked":["Consume","Fusion"],"picked":"Time Bomb","floor":14}],"player_experience":296766,"relics_obtained":[{"floor":5,"key":"ReplayTheSpireMod:Ring of Exchange"},{"floor":8,"key":"Replay:Towering Pillar of Hats"},{"floor":9,"key":"Bag of Marbles"},{"floor":12,"key":"Lizard Tail"},{"floor":13,"key":"Oddly Smooth Stone"},{"floor":14,"key":"Du-Vu Doll"}],"event_choices":[{"damage_healed":0,"gold_gain":0,"player_choice":"Grow","damage_taken":0,"max_hp_gain":0,"max_hp_loss":0,"event_name":"Living Wall","floor":0,"gold_loss":0,"cards_upgraded":["Zap"]},{"damage_healed":0,"gold_gain":0,"cards_transformed":["Strike_B"],"player_choice":"Transformed","damage_taken":0,"max_hp_gain":0,"max_hp_loss":0,"event_name":"Transmorgrifier","floor":2,"gold_loss":0,"cards_obtained":["Darkness"]}],"is_beta":false,"boss_relics":[],"items_purged_floors":[7],"is_endless":false,"potions_floor_spawned":[1,3,12],"killed_by":"Slime Boss","ascension_level":19}}