{"host":"5e0jz0sn42a2vhx9","time":1610678549,"event":{"mods":["ATMod(°¢èªMod)","Act Like it!","BaseMod","Downfall","Hallownest","Lobotomy","Minty Spire (QoL Compilation)","Replay The Spire","StSLib","The Bug Knight","The Cursed","The Hierophant"],"gold_per_floor":[99,117,131,149,149,9213,9239,9252,9252,9267,9279,9279,9279,8686,8705,8818,8818,8818,8829,8829,8275,8275,8375,8375,7673,7673,7693,7734,7734,7734,6983,6983,7038,7062,7177,7177,7177,7202,7227,7251,7265,7265,7290,7296,7296,7296],"floor_reached":44,"language":"ZHS","playtime":3783,"items_purged":["Looming Evil"],"score":588,"play_id":"dccb1a66-c34e-4573-abee-2b01ce6d198f","local_time":"20210115104229","is_ascension_mode":false,"campfire_choices":[{"data":"AT_FamilyPortrait","floor":1,"key":"SMITH"},{"floor":13,"key":"RECALL"},{"data":"hexamod:WildfireWeapon","floor":26,"key":"SMITH"},{"data":"1","floor":32,"key":"LIFT"},{"data":"2","floor":42,"key":"LIFT"}],"circlet_count":0,"master_deck":["hexamod:Strike+1","hexamod:Strike+1","hexamod:Strike+1","hexamod:Defend+1","hexamod:Defend+1","hexamod:Defend+1","hexamod:Sear","hexamod:Float+1","AT_FamilyPortrait+1","hexamod:SkipABeat","hexamod:GhostOfSpirePast+1","hexamod:Hexaguard","hexamod:SpectralAdrenaline+1","hexamod:StepThrough","AT_EmpoweredMortalDraw+1","hexamod:PhantomCloak","hexamod:NightmareGuise","hexamod:ChargedBarrage","hexamod:RadiantFlame","hexamod:CatchUp","hexamod:GhostflameInferno+1","hexamod:CatchUp","hexamod:ChargedBarrage","hexamod:GhostOfSpireFuture","hexamod:TimeWarp+1","hexamod:SoulSteal","hexamod:CatchUp+1","hexamod:Rewind+1","Replay:SS_hec_1","hexamod:RadiantFlame+1","hexamod:ThirdSeal","hexamod:UnleashSpirits+1","hexamod:TimeWarp+1","hexamod:SixthSeal","hexamod:WildfireWeapon+1","hexamod:ChargedBarrage","hexamod:Again","hexamod:Again","hexamod:PhantomFireball+1","hexamod:SkipABeat","hexamod:GhostOfSpirePast+1","hexamod:GhostflameInferno","hexamod:Rewind+1","hexamod:HeatShield+1","hexamod:ExtraCrispy","hexamod:GhostLash+1"],"relics":["hexamod:SpiritBrand","AT_ATBox","Replay:Wax Seal","Quantum Egg","TheAbacus","downfall:BrokenWingStatue","Orichalcum","Frozen Eye","Bag of Marbles","SlaversCollar","Ring of Hypnosis","ReplayTheSpireMod:Ring of Addiction","Toy Ornithopter","SacredBark","Orrery","Pen Nib","Happy Flower","Girya","Gremlin Horn","Meat on the Bone","Replay:Bandana","Sundial","Strange Spoon","hexamod:TheBrokenSeal","Regal Pillow","Bottled Tornado","InkBottle","Guide Book","White Beast Statue","hexamod:IceCube","AT_RedTearstoneRing"],"acts_visited":["Exordium","TheCity","TheBeyond"],"potions_floor_usage":[10,14,14,16,19,21,23,27,35,40,41,41,44],"damage_taken":[{"damage":0,"enemies":"Jaw Worm","floor":2,"turns":1},{"damage":0,"enemies":"Cultist","floor":3,"turns":3},{"damage":0,"enemies":"Small Slimes","floor":4,"turns":3},{"damage":0,"enemies":"downfall:FleeingMerchant","floor":6,"turns":4},{"damage":0,"enemies":"2 Fungi Beasts","floor":8,"turns":4},{"damage":4,"enemies":"Large Slime","floor":10,"turns":5},{"damage":0,"enemies":"3 Louse","floor":11,"turns":1},{"damage":5,"enemies":"downfall:FleeingMerchant","floor":14,"turns":5},{"damage":3,"enemies":"Blue Slaver","floor":15,"turns":6},{"damage":22,"enemies":"downfall:Watcher","floor":16,"turns":11},{"damage":9,"enemies":"3 Byrds","floor":19,"turns":4},{"damage":2,"enemies":"downfall:FleeingMerchant","floor":21,"turns":4},{"damage":22,"enemies":"downfall:Defect","floor":23,"turns":8},{"damage":4,"enemies":"downfall:FleeingMerchant","floor":25,"turns":4},{"damage":22,"enemies":"Shelled Parasite and Fungi","floor":27,"turns":7},{"damage":11,"enemies":"HollowMod:Nosk","floor":28,"turns":11},{"damage":4,"enemies":"downfall:FleeingMerchant","floor":31,"turns":4},{"damage":0,"enemies":"Slavers","floor":33,"turns":1},{"damage":0,"enemies":"Snake Plant","floor":34,"turns":2},{"damage":0,"enemies":"downfall:Ironclad","floor":35,"turns":4},{"damage":0,"enemies":"Orb Walker","floor":38,"turns":2},{"damage":0,"enemies":"3 Shapes","floor":39,"turns":3},{"damage":30,"enemies":"Jaw Worm Horde","floor":40,"turns":3},{"damage":8,"enemies":"4 Shapes","floor":41,"turns":2},{"damage":71,"enemies":"Reptomancer","floor":44,"turns":3}],"seed_played":"3917181036841017686","potions_obtained":[{"floor":2,"key":"Fire Potion"},{"floor":4,"key":"SpeedPotion"},{"floor":10,"key":"Flashbang"},{"floor":15,"key":"Toxic Potion"},{"floor":16,"key":"SneckoOil"},{"floor":16,"key":"SneckoOil"},{"floor":20,"key":"Elixir"},{"floor":20,"key":"Reflective Coating"},{"floor":20,"key":"DuplicationPotion"},{"floor":23,"key":"SpeedPotion"},{"floor":27,"key":"AttackPotion"},{"floor":28,"key":"Ancient Potion"},{"floor":33,"key":"Weak Potion"},{"floor":35,"key":"Fire Potion"},{"floor":40,"key":"Fire Potion"},{"floor":41,"key":"SpeedPotion"}],"is_trial":false,"path_per_floor":["R","M","M","M","?","$","T","M","?","M","M","?","R","$","M","B",null,"R","M","?","$","?","?","T","$","R","M","E","PTL","PTL","$","R","E","M","B",null,"R","M","M","M","M","R","T","E"],"character_chosen":"THE_SPIRIT","items_purchased":["Replay:Wax Seal","Quantum Egg","TheAbacus","hexamod:SpectralAdrenaline","hexamod:StepThrough","PowerPotion","AT_EmpoweredMortalDraw","Orichalcum","Frozen Eye","Bag of Marbles","hexamod:RadiantFlame","hexamod:CatchUp","Orrery","Pen Nib","Happy Flower","Replay:SS_hec_1","Replay:Bandana","Sundial","Strange Spoon","hexamod:ChargedBarrage","Bottled Tornado","InkBottle","Guide Book","hexamod:SkipABeat"],"campfire_rested":0,"item_purchase_floors":[6,6,6,6,6,6,6,14,14,14,14,14,21,21,21,21,25,25,25,25,31,31,31,31],"current_hp_per_floor":[77,77,77,77,77,77,77,77,77,77,77,77,77,77,77,62,77,77,68,68,77,77,67,67,70,70,60,85,85,85,79,79,79,79,81,81,81,81,79,54,56,56,56,0,0,0],"gold":7296,"neow_bonus":"TEN_PERCENT_HP_BONUS","is_daily":false,"chose_seed":false,"campfire_upgraded":2,"win_rate":0.0,"timestamp":1610678549,"path_taken":["R","M","M","M","?","$","T","M","?","?","M","?","R","$","M","BOSS","R","M","?","$","?","?","T","?","R","M","E","PTL","PTL","$","R","E","M","BOSS","R","M","M","M","M","R","T","E"],"items_purchased_type":["Relic","Relic","Relic","Card","Card","Potion","Card","Relic","Relic","Relic","Card","Card","Relic","Relic","Relic","Card","Relic","Relic","Relic","Card","Relic","Relic","Relic","Card"],"build_version":"2020-12-22","purchased_purges":1,"victory":false,"max_hp_per_floor":[77,77,77,77,77,77,77,77,77,77,77,77,77,77,77,77,77,77,77,77,77,77,77,77,77,77,75,85,85,85,83,83,83,81,81,81,81,81,79,79,79,79,79,79,79,79],"card_choices":[{"not_picked":["hexamod:GhostShield","hexamod:NightmareGuise"],"picked":"hexamod:FirstSeal","floor":2},{"not_picked":["hexamod:HauntingEcho","hexamod:ShieldOfDarkness"],"picked":"hexamod:SkipABeat","floor":3},{"not_picked":["hexamod:AdvancingGuard","hexamod:GhostLash"],"picked":"hexamod:GhostOfSpirePast","floor":4},{"not_picked":["hexamod:GhostOfSpirePresent","hexamod:GhostShield"],"picked":"hexamod:Hexaguard","floor":6},{"not_picked":["hexamod:SpectersWail","hexamod:RainOfEmbers"],"picked":"hexamod:ThirdSeal","floor":8},{"not_picked":["hexamod:InspiringFlames","hexamod:NightmareStrike"],"picked":"hexamod:NightmareGuise","floor":10},{"not_picked":["hexamod:NightmareStrike","hexamod:BurningTouch"],"picked":"hexamod:ChargedBarrage","floor":11},{"not_picked":["hexamod:SwordOfDarkness","hexamod:GhostOfSpireFuture"],"picked":"hexamod:FifthSeal","floor":14},{"not_picked":["hexamod:SpectralAdrenaline","hexamod:Hexaguard","hexamod:ShieldOfDarkness"],"picked":"SKIP","floor":14},{"not_picked":["hexamod:FirstSeal","hexamod:SecondSeal"],"picked":"hexamod:FourthSeal","floor":15},{"not_picked":["hexamod:ThermalTransfer","hexamod:GhostOfSpirePast"],"picked":"hexamod:SecondSeal","floor":15},{"not_picked":["hexamod:SecondSeal","hexamod:InspiringFlames","hexamod:SpectersWail"],"picked":"SKIP","floor":15},{"not_picked":["hexamod:FifthSeal","hexamod:HexaLevel"],"picked":"hexamod:GhostflameInferno","floor":16},{"not_picked":["hexamod:TimeOfNeed","hexamod:EmpoweringStance"],"picked":"hexamod:SixthSeal","floor":16},{"not_picked":["hexamod:AdvancingGuard","hexamod:GhostShield"],"picked":"hexamod:ChargedBarrage","floor":19},{"not_picked":["hexamod:Firestarter+1","hexamod:InspiringFlames"],"picked":"hexamod:GhostOfSpireFuture","floor":19},{"not_picked":["hexamod:SwordOfDarkness","hexamod:NightmareStrike"],"picked":"hexamod:TimeWarp","floor":21},{"not_picked":["hexamod:SpectralAdrenaline","hexamod:SwordOfDarkness","hexamod:HauntingEcho"],"picked":"SKIP","floor":21},{"not_picked":["hexamod:AdvancingGuard","hexamod:SpectersWail"],"picked":"hexamod:SoulSteal","floor":21},{"not_picked":["hexamod:TurnItUp","hexamod:EmpoweredFlame"],"picked":"hexamod:CatchUp+1","floor":21},{"not_picked":["hexamod:HauntingEcho+1","hexamod:Firestarter"],"picked":"hexamod:Rewind","floor":21},{"not_picked":["hexamod:FourthSeal","hexamod:InspiringFlames"],"picked":"hexamod:RadiantFlame+1","floor":23},{"not_picked":["hexamod:FirstSeal","hexamod:FourthSeal"],"picked":"hexamod:ThirdSeal","floor":23},{"not_picked":["hexamod:Hexaguard","hexamod:GhostShield"],"picked":"hexamod:UnleashSpirits","floor":23},{"not_picked":["hexamod:GhostflameBarrier","hexamod:SpectersWail"],"picked":"hexamod:TimeWarp","floor":25},{"not_picked":["hexamod:ThirdSeal","hexamod:FourthSeal"],"picked":"hexamod:SixthSeal","floor":25},{"not_picked":["hexamod:RecurringNightmare","hexamod:BurningTouch"],"picked":"hexamod:WildfireWeapon","floor":25},{"not_picked":["hexamod:BacktrackSmack","hexamod:Haunt","hexamod:FourthSeal"],"picked":"SKIP","floor":27},{"not_picked":["hexamod:FourthSeal","hexamod:SecondSeal","hexamod:SixthSeal"],"picked":"SKIP","floor":27},{"not_picked":["hexamod:NightmareGuise","hexamod:ShieldOfDarkness+1","hexamod:GhostLash"],"picked":"SKIP","floor":27},{"not_picked":["hexamod:HauntingEcho","hexamod:RainOfEmbers"],"picked":"hexamod:Again","floor":28},{"not_picked":["hexamod:NightmareStrike","hexamod:Firestarter"],"picked":"hexamod:Again","floor":28},{"not_picked":["hexamod:Again","hexamod:Firestarter"],"picked":"hexamod:PhantomFireball","floor":31},{"not_picked":["hexamod:ShieldOfDarkness","hexamod:HauntingEcho+1","hexamod:ThermalTransfer"],"picked":"SKIP","floor":33},{"not_picked":["hexamod:EtherealExpedition","hexamod:GhostflameBarrier"],"picked":"hexamod:GhostOfSpirePast+1","floor":34},{"not_picked":["hexamod:TimeOfNeed","hexamod:WildfireWeapon"],"picked":"hexamod:GhostflameInferno","floor":35},{"not_picked":["hexamod:ShieldOfDarkness+1","hexamod:AdvancingGuard"],"picked":"hexamod:Rewind+1","floor":38},{"not_picked":["hexamod:FourthSeal","hexamod:FastForward+1"],"picked":"hexamod:HeatShield+1","floor":39},{"not_picked":["hexamod:InspiringFlames","hexamod:StepThrough"],"picked":"hexamod:ExtraCrispy","floor":39},{"not_picked":["hexamod:HeatCrush+1","hexamod:Hexaguard+1"],"picked":"hexamod:GhostLash+1","floor":40},{"not_picked":["hexamod:EmpoweredFlame","hexamod:GhostflameBarrier+1","hexamod:RetreatToShadows"],"picked":"SKIP","floor":41},{"not_picked":["hexamod:GhostflameBarrier","hexamod:RainOfEmbers","hexamod:GhostShield"],"picked":"SKIP","floor":41}],"player_experience":376008,"relics_obtained":[{"floor":20,"key":"Ring of Hypnosis"},{"floor":20,"key":"ReplayTheSpireMod:Ring of Addiction"},{"floor":20,"key":"Toy Ornithopter"},{"floor":20,"key":"SacredBark"},{"floor":23,"key":"Girya"},{"floor":23,"key":"Gremlin Horn"},{"floor":24,"key":"Meat on the Bone"},{"floor":28,"key":"Regal Pillow"},{"floor":33,"key":"White Beast Statue"},{"floor":43,"key":"AT_RedTearstoneRing"}],"event_choices":[{"damage_healed":0,"gold_gain":0,"cards_transformed":["hexamod:Strike"],"player_choice":"Transformed","damage_taken":0,"max_hp_gain":0,"max_hp_loss":0,"event_name":"Transmorgrifier","floor":9,"gold_loss":0,"cards_obtained":["hexamod:PhantomCloak"]},{"damage_healed":0,"gold_gain":0,"player_choice":"Read","damage_taken":0,"max_hp_gain":0,"max_hp_loss":0,"event_name":"The Library","floor":18,"gold_loss":0,"cards_obtained":["hexamod:CatchUp"]},{"damage_healed":0,"gold_gain":0,"player_choice":"Simplicity","damage_taken":0,"max_hp_gain":0,"max_hp_loss":0,"event_name":"Back to Basics","floor":22,"gold_loss":0,"cards_upgraded":["hexamod:Strike","hexamod:Strike","hexamod:Strike","hexamod:Defend","hexamod:Defend"]},{"cards_removed":["hexamod:Defend"],"damage_healed":0,"gold_gain":0,"player_choice":"Purged","damage_taken":0,"max_hp_gain":0,"max_hp_loss":0,"event_name":"Purifier","floor":37,"gold_loss":0}],"is_beta":false,"boss_relics":[{"not_picked":["Cursed Key","Kintsugi"],"picked":"SlaversCollar"},{"not_picked":["Astrolabe","Snecko Eye"],"picked":"hexamod:IceCube"}],"items_purged_floors":[25],"is_endless":false,"potions_floor_spawned":[2,4,10,15,16,27,28,33,34,35,38,39,40,41],"killed_by":"Reptomancer","ascension_level":0}}