{"host":"ywbsnexmk111etbw","time":1610732522,"event":{"mods":["100% Spire Juice","Act Like it!","Arknights The Spire","BaseMod","Beaked The Cultist","Colored Powertips","Curses Come First","Downfall","Fireblade Mod","Fox Events","Hubris","Infinite Spire","Jorbs\u0027s Wanderer Trilogy","Marisa????????","Minty Spire (QoL Compilation)","Pale of the Ancients","Permanent Neow","Replay The Spire","Robot Space Explorer","StSLib","The Blackbeard","The Bladedancer","The Cursed","The Dragon Tamer","The Marked","The Mystic","The Necromancer","The Saiyan","Wandering Minibosses"],"gold_per_floor":[111,111,162,162,338,338,356,378,478,488,488,488,279,312,312,409,509,509,509],"floor_reached":18,"language":"ENG","playtime":830,"items_purged":["Normality"],"score":156,"play_id":"ffd09691-2f23-45e5-bc09-fc57c9a2b644","local_time":"20210115124202","is_ascension_mode":false,"campfire_choices":[{"floor":6,"key":"REST"},{"floor":12,"key":"REST"},{"floor":15,"key":"REST"}],"circlet_count":0,"master_deck":["stsjorbsmod:ForbiddenGrimoire+1","stsjorbsmod:Strike_Wanderer","stsjorbsmod:Strike_Wanderer","stsjorbsmod:Strike_Wanderer","stsjorbsmod:Strike_Wanderer","stsjorbsmod:Defend_Wanderer","stsjorbsmod:Defend_Wanderer","stsjorbsmod:Defend_Wanderer","stsjorbsmod:Defend_Wanderer","stsjorbsmod:FreshAdventure","stsjorbsmod:EyeOfTheStorm","stsjorbsmod:SmithingStrike","stsjorbsmod:BookOfTongues","stsjorbsmod:HedgeWizard","stsjorbsmod:FindFamiliar","stsjorbsmod:ArcaneWeapon","stsjorbsmod:Stalwart","infinitespire:Starlight","stsjorbsmod:Patron","stsjorbsmod:Patron","stsjorbsmod:Inferno","stsjorbsmod:Trauma"],"relics":["stsjorbsmod:GrimoireRelic","foxEvents:LuckyCharm","hubris:Towel","Mirror","ReplayTheSpireMod:CursedCoin","Sundial","hubris:FruitBowl","hubris:KleinBottle","hubris:HerbalPaste","hubris:TinFlute","hubris:RunicObelisk"],"acts_visited":["Exordium","TheCity"],"potions_floor_usage":[16],"damage_taken":[{"damage":9,"enemies":"Jaw Worm","floor":1,"turns":5},{"damage":27,"enemies":"Colosseum Slavers","floor":3,"turns":4},{"damage":1,"enemies":"2 Louse","floor":7,"turns":2},{"damage":9,"enemies":"infinitespire:Voidling","floor":10,"turns":3},{"damage":33,"enemies":"Lagavulin","floor":14,"turns":6},{"damage":50,"enemies":"Hexaghost","floor":16,"turns":7},{"damage":14,"enemies":"3 Byrds","floor":18,"turns":2}],"seed_played":"6798878707465088567","potions_obtained":[{"floor":1,"key":"Death Potion"},{"floor":7,"key":"LiquidBronze"},{"floor":16,"key":"Elixir"}],"is_trial":false,"path_per_floor":["M","?","?","?","T","R","M","$","T","M","$","R","$","E","R","B",null,"M"],"character_chosen":"WANDERER","items_purchased":["ReplayTheSpireMod:CursedCoin","stsjorbsmod:ArcaneWeapon","hubris:FruitBowl","hubris:KleinBottle","hubris:HerbalPaste","stsjorbsmod:Patron"],"campfire_rested":3,"item_purchase_floors":[8,8,11,11,13,13],"current_hp_per_floor":[65,65,39,39,39,60,60,60,60,58,20,41,41,28,49,15,73,69,69],"gold":509,"neow_bonus":"RANDOM_EVENT","is_daily":false,"chose_seed":false,"campfire_upgraded":0,"win_rate":0.0,"timestamp":1610732522,"path_taken":["M","?","?","?","?","R","M","$","T","M","?","R","$","E","R","BOSS","M"],"items_purchased_type":["Relic","Card","Relic","Relic","Relic","Card"],"build_version":"2020-12-22","purchased_purges":1,"victory":false,"max_hp_per_floor":[73,73,73,73,73,73,73,73,73,73,73,73,73,73,73,73,73,73,73],"card_choices":[{"not_picked":["stsjorbsmod:LoseGrip","stsjorbsmod:MagicMissiles"],"picked":"stsjorbsmod:SmithingStrike","floor":1},{"not_picked":["stsjorbsmod:WeightOfMemory","stsjorbsmod:Index"],"picked":"stsjorbsmod:HedgeWizard","floor":3},{"not_picked":["stsjorbsmod:MagicMirror","stsjorbsmod:Mending"],"picked":"stsjorbsmod:FindFamiliar","floor":7},{"not_picked":["stsjorbsmod:BookOfTongues","stsjorbsmod:Materialize"],"picked":"stsjorbsmod:Stalwart","floor":10},{"not_picked":["infinitespire:Gouge","hubris:InfiniteBlow+1"],"picked":"infinitespire:Starlight","floor":11},{"not_picked":["stsjorbsmod:WanderingMind","stsjorbsmod:Prestidigitation"],"picked":"stsjorbsmod:Inferno","floor":14},{"not_picked":["stsjorbsmod:CorrodingBarrier","stsjorbsmod:HoldMonster"],"picked":"stsjorbsmod:Trauma","floor":16}],"player_experience":165293,"relics_obtained":[{"floor":3,"key":"foxEvents:LuckyCharm"},{"floor":5,"key":"Mirror"},{"floor":9,"key":"Sundial"},{"floor":14,"key":"hubris:TinFlute"}],"event_choices":[{"damage_healed":0,"gold_gain":0,"player_choice":"Donut","damage_taken":0,"max_hp_gain":5,"max_hp_loss":0,"event_name":"Big Fish","floor":0,"gold_loss":0}],"is_beta":false,"boss_relics":[{"not_picked":["Fusion Hammer","hubris:BlackHole"],"picked":"hubris:RunicObelisk"}],"items_purged_floors":[8],"is_endless":false,"potions_floor_spawned":[1,7,16],"killed_by":"3 Byrds","ascension_level":0}}