{"host":"l60rmjjsfi0fipmi","time":1610672071,"event":{"mods":["BaseMod","Colored Map","DeckTracker","Hermit","Highlight Path","Jorbs\u0027s Wanderer Trilogy","Minty Spire (QoL Compilation)","StSLib","The Cursed"],"gold_per_floor":[115,127,49,49,60,60,86,86,134,134,149,167,86,99,99,201,201,181,66,81,81,99,132,132,146,172,172,172,172,204,204,204,307,307,326,346,346,346],"floor_reached":37,"language":"ENG","playtime":2460,"items_purged":["Strike_R"],"score":470,"play_id":"1ff98ef3-12e5-4193-9682-e09855267111","local_time":"20210114195431","is_ascension_mode":true,"campfire_choices":[{"data":"Rampage","floor":6,"key":"SMITH"},{"data":"Battle Trance","floor":10,"key":"SMITH"},{"data":"Armaments","floor":15,"key":"SMITH"},{"floor":24,"key":"REST"},{"floor":27,"key":"REST"},{"data":"Limit Break","floor":29,"key":"SMITH"},{"data":"Rage","floor":32,"key":"SMITH"}],"circlet_count":0,"master_deck":["Strike_R","Defend_R","Defend_R","Defend_R","Defend_R","Bash","Trip","Blood for Blood","Cleave+1","Rampage+1","Battle Trance+1","Clothesline","Dropkick","Evolve","Armaments+1","Disarm","Rage+1","Demon Form","Headbutt","Seeing Red","Reaper","Limit Break+1","Body Slam+1","Entrench+1","Wild Strike","Disarm","Exhume"],"relics":["Burning Blood","Regal Pillow","Bronze Scales","Velvet Choker","Smiling Mask","Centennial Puzzle","Oddly Smooth Stone","Mark of Pain"],"acts_visited":["Exordium","TheCity","TheBeyond"],"potions_floor_usage":[14,16,23,30,30,33,37,37],"damage_taken":[{"damage":1,"enemies":"Cultist","floor":1,"turns":3},{"damage":10,"enemies":"2 Louse","floor":2,"turns":4},{"damage":7,"enemies":"Jaw Worm","floor":5,"turns":3},{"damage":30,"enemies":"Lagavulin","floor":7,"turns":5},{"damage":0,"enemies":"Exordium Wildlife","floor":11,"turns":2},{"damage":5,"enemies":"Blue Slaver","floor":12,"turns":3},{"damage":8,"enemies":"Gremlin Gang","floor":14,"turns":3},{"damage":18,"enemies":"Hexaghost","floor":16,"turns":8},{"damage":16,"enemies":"2 Thieves","floor":18,"turns":4},{"damage":19,"enemies":"Shell Parasite","floor":20,"turns":5},{"damage":9,"enemies":"Centurion and Healer","floor":22,"turns":8},{"damage":25,"enemies":"Book of Stabbing","floor":23,"turns":5},{"damage":42,"enemies":"Shelled Parasite and Fungi","floor":25,"turns":5},{"damage":31,"enemies":"Slavers","floor":30,"turns":3},{"damage":77,"enemies":"Automaton","floor":33,"turns":11},{"damage":55,"enemies":"3 Darklings","floor":35,"turns":7},{"damage":41,"enemies":"3 Shapes","floor":36,"turns":10},{"damage":69,"enemies":"2 Orb Walkers","floor":37,"turns":3}],"seed_played":"-584011367025551170","potions_obtained":[{"floor":1,"key":"SneckoOil"},{"floor":2,"key":"Strength Potion"},{"floor":5,"key":"SteroidPotion"},{"floor":12,"key":"AttackPotion"},{"floor":14,"key":"SpeedPotion"},{"floor":20,"key":"SteroidPotion"},{"floor":23,"key":"Regen Potion"},{"floor":30,"key":"LiquidBronze"},{"floor":35,"key":"Fire Potion"}],"is_trial":false,"path_per_floor":["M","M","$","?","M","R","E","?","T","R","M","M","$","M","R","B",null,"M","$","M","?","M","E","R","M","T","R","?","R","E","?","R","B",null,"M","M","?"],"character_chosen":"IRONCLAD","items_purchased":["Rampage","Disarm","Seeing Red"],"campfire_rested":2,"item_purchase_floors":[3,13,19],"current_hp_per_floor":[80,76,76,76,75,75,51,51,51,51,57,58,58,56,56,44,80,70,70,57,57,54,35,74,38,38,77,77,77,77,77,77,39,80,72,61,0,0],"gold":346,"neow_bonus":"RANDOM_COLORLESS","is_daily":false,"chose_seed":false,"campfire_upgraded":5,"win_rate":0.0,"timestamp":1610672071,"path_taken":["M","M","$","?","M","R","E","?","T","R","M","?","$","M","R","BOSS","M","$","M","?","M","E","R","M","T","R","?","R","E","?","R","BOSS","M","M","?"],"items_purchased_type":["Card","Card","Card"],"build_version":"2020-12-22","purchased_purges":1,"victory":false,"max_hp_per_floor":[80,80,80,80,80,80,80,80,80,80,80,80,80,80,80,80,80,80,80,80,80,80,80,80,80,80,80,80,80,80,80,80,80,80,80,80,80,80],"card_choices":[{"not_picked":["Purity","Finesse"],"picked":"Trip","floor":0},{"not_picked":["Battle Trance","Armaments"],"picked":"Blood for Blood","floor":1},{"not_picked":["Havoc","Combust"],"picked":"Cleave","floor":2},{"not_picked":["Anger","Uppercut"],"picked":"Battle Trance","floor":5},{"not_picked":["Entrench","Wild Strike"],"picked":"Clothesline","floor":7},{"not_picked":["Metallicize","Shrug It Off"],"picked":"Evolve","floor":11},{"not_picked":["Clothesline","Dual Wield"],"picked":"Armaments","floor":12},{"not_picked":["Twin Strike","Flex"],"picked":"Rage","floor":14},{"not_picked":["Juggernaut","Impervious"],"picked":"Demon Form","floor":16},{"not_picked":["Rage","Warcry"],"picked":"Headbutt","floor":18},{"not_picked":["Armaments+1","Havoc","Body Slam"],"picked":"SKIP","floor":20},{"not_picked":["Headbutt+1","Wild Strike+1"],"picked":"Reaper","floor":22},{"not_picked":["Armaments+1","Disarm"],"picked":"Limit Break","floor":23},{"not_picked":["Disarm","Heavy Blade"],"picked":"Body Slam+1","floor":25},{"not_picked":["Armaments","Wild Strike+1"],"picked":"Entrench+1","floor":30},{"not_picked":["Limit Break","Berserk"],"picked":"Exhume","floor":33},{"not_picked":["Thunderclap+1","Shrug It Off+1","Havoc"],"picked":"SKIP","floor":35},{"not_picked":["Heavy Blade+1","Wild Strike+1","Dark Embrace+1"],"picked":"SKIP","floor":36}],"player_experience":399382,"relics_obtained":[{"floor":7,"key":"Regal Pillow"},{"floor":9,"key":"Bronze Scales"},{"floor":23,"key":"Smiling Mask"},{"floor":26,"key":"Centennial Puzzle"},{"floor":30,"key":"Oddly Smooth Stone"}],"event_choices":[{"damage_healed":0,"gold_gain":0,"player_choice":"Grow","damage_taken":0,"max_hp_gain":0,"max_hp_loss":0,"event_name":"Living Wall","floor":4,"gold_loss":0,"cards_upgraded":["Cleave"]},{"damage_healed":0,"gold_gain":0,"cards_transformed":["Strike_R"],"player_choice":"Transformed","damage_taken":0,"max_hp_gain":0,"max_hp_loss":0,"event_name":"Transmorgrifier","floor":8,"gold_loss":0,"cards_obtained":["Dropkick"]},{"damage_healed":0,"gold_gain":0,"player_choice":"Ignored","damage_taken":0,"max_hp_gain":0,"max_hp_loss":0,"event_name":"Vampires","floor":21,"gold_loss":0},{"damage_healed":0,"gold_gain":0,"player_choice":"Ignored","damage_taken":0,"max_hp_gain":0,"max_hp_loss":0,"event_name":"Ghosts","floor":28,"gold_loss":0},{"damage_healed":0,"gold_gain":0,"cards_transformed":["Strike_R","Strike_R"],"player_choice":"Became Test Subject","damage_taken":0,"max_hp_gain":0,"max_hp_loss":0,"event_name":"Drug Dealer","floor":31,"gold_loss":0,"cards_obtained":["Wild Strike","Disarm"]},{"damage_healed":0,"gold_gain":0,"player_choice":"Fight","damage_taken":0,"max_hp_gain":0,"max_hp_loss":0,"event_name":"Mysterious Sphere","floor":37,"gold_loss":0}],"is_beta":false,"boss_relics":[{"not_picked":["Busted Crown","Runic Dome"],"picked":"Velvet Choker"},{"not_picked":["Fusion Hammer","Runic Pyramid"],"picked":"Mark of Pain"}],"items_purged_floors":[19],"is_endless":false,"potions_floor_spawned":[1,2,5,12,14,20,23,30,35],"killed_by":"2 Orb Walkers","ascension_level":3}}