{"host":"1vfpjvae9xcvmh7u","time":1610701203,"event":{"mods":["BaseMod","Downfall","Hermit","Hubris","Infinite Spire","Jorbs\u0027s Wanderer Trilogy","Minty Spire (QoL Compilation)","Replay The Spire","StSLib","The Construct","The Cursed","The Disciple","The Hierophant","The Jungle","The Marked","The Mystic","The Necromancer","The Runesmith","The Servant 0.9.4"],"gold_per_floor":[117,134,145,162,182,214,214,214,214,226,226,226,226,244,244,342,342,355,561,576,178,178,178,209,209,209],"floor_reached":25,"language":"ENG","playtime":1321,"items_purged":[],"score":223,"play_id":"fc9435d0-422f-4fb3-a708-be3f70e99f24","local_time":"20210115010003","is_ascension_mode":false,"campfire_choices":[{"floor":8,"key":"REST"},{"floor":11,"key":"REST"},{"data":"theMarked:Electrocute","floor":15,"key":"SMITH"},{"floor":23,"key":"REST"}],"circlet_count":0,"master_deck":["theMarked:Strike+1","theMarked:Strike+1","theMarked:Strike+1","theMarked:Strike+1","theMarked:Strike+1","theMarked:Defend+1","theMarked:Defend+1","theMarked:Defend+1","theMarked:Defend+1","theMarked:SoldierOfQuellstein","theMarked:MagicAdept+1","theMarked:Panic","theMarked:Electrocute+1","theMarked:KeepCalmAndFightOn","theMarked:ElementalBlade","theMarked:Panic","theMarked:Snap","BottledTime","theMarked:TakeOffHeels","Comet","theMarked:MuscleMemory","theMarked:Aftermath","expansioncontent:Corrupt","expansioncontent:LastStand","Replay:SS_forest_2","theMarked:Vacuum"],"relics":["theMarked:ArtifactOfAir","Pantograph","hubris:DisguiseKit","hubris:RunicObelisk","Snack Pack","ReplayTheSpireMod:ShopPack","Bag of Preparation"],"acts_visited":["Exordium","TheCity"],"potions_floor_usage":[4,16,18,25],"damage_taken":[{"damage":1,"enemies":"Cultist","floor":1,"turns":3},{"damage":2,"enemies":"2 Louse","floor":2,"turns":2},{"damage":0,"enemies":"Small Slimes","floor":3,"turns":3},{"damage":0,"enemies":"Red Slaver","floor":4,"turns":3},{"damage":0,"enemies":"Large Slime","floor":5,"turns":4},{"damage":20,"enemies":"Gremlin Nob","floor":6,"turns":4},{"damage":13,"enemies":"Exordium Thugs","floor":10,"turns":4},{"damage":7,"enemies":"Blue Slaver","floor":14,"turns":2},{"damage":47,"enemies":"Hexaghost","floor":16,"turns":11},{"damage":21,"enemies":"2 Thieves","floor":18,"turns":4},{"damage":15,"enemies":"3 Byrds","floor":20,"turns":4},{"damage":36,"enemies":"Book of Stabbing","floor":24,"turns":5},{"damage":19,"enemies":"Sentry and Sphere","floor":25,"turns":3}],"seed_played":"7972119587380957371","potions_obtained":[{"floor":2,"key":"Toxic Potion"},{"floor":10,"key":"Weak Potion"},{"floor":14,"key":"EssenceOfSteel"},{"floor":18,"key":"Dexterity Potion"},{"floor":24,"key":"ColorlessPotion"}],"is_trial":false,"path_per_floor":["M","M","M","M","M","E","?","R","T","M","R","?","?","M","R","B",null,"M","?","M","$","?","R","E","M"],"character_chosen":"THE_DEFAULT","items_purchased":["Snack Pack","ReplayTheSpireMod:ShopPack","theMarked:Aftermath"],"campfire_rested":3,"item_purchase_floors":[21,21,21],"current_hp_per_floor":[48,46,46,46,46,26,26,47,47,34,55,55,55,48,48,23,70,49,32,17,17,17,38,12,0,0],"gold":209,"neow_bonus":"THREE_RARE_CARDS","is_daily":false,"chose_seed":false,"campfire_upgraded":1,"win_rate":0.0,"timestamp":1610701203,"path_taken":["M","M","M","?","M","E","?","R","T","M","R","?","?","?","R","BOSS","M","?","M","?","?","R","E","M"],"items_purchased_type":["Relic","Relic","Card"],"build_version":"2020-12-22","purchased_purges":0,"victory":false,"max_hp_per_floor":[70,70,70,70,70,70,70,70,70,70,70,70,70,70,70,70,70,70,70,70,70,70,70,70,70,70],"card_choices":[{"not_picked":["theMarked:MuscleMemory","theMarked:TurnInvisible"],"picked":"theMarked:MagicAdept","floor":0},{"not_picked":["theMarked:Aftermath","theMarked:PowerFlow"],"picked":"theMarked:Panic","floor":1},{"not_picked":["theMarked:Seal","theMarked:Convert"],"picked":"theMarked:Electrocute","floor":2},{"not_picked":["theMarked:ElectricStrings","theMarked:Static"],"picked":"theMarked:KeepCalmAndFightOn","floor":3},{"not_picked":["theMarked:WastefulDefense","theMarked:Static"],"picked":"theMarked:ElementalBlade","floor":4},{"not_picked":["theMarked:SwordAndMagic","theMarked:Frustration","theMarked:HeightenedSenses"],"picked":"SKIP","floor":5},{"not_picked":["theMarked:Frustration","theMarked:ShockingTouch"],"picked":"theMarked:Panic","floor":6},{"not_picked":["theMarked:Frustration","theMarked:WastefulAttack","Barrier"],"picked":"theMarked:Snap","floor":10},{"not_picked":["theMarked:WastefulAttack","theMarked:LightningStrikesTwice","theMarked:BanishingStrike"],"picked":"BottledTime","floor":14},{"not_picked":["theMarked:SuspiciousRaven","theMarked:Challenge","PendulumOfEternity"],"picked":"theMarked:TakeOffHeels","floor":16},{"not_picked":["theMarked:ResourceFulStrike","theMarked:Parry","theMarked:WardOff"],"picked":"Comet","floor":18},{"not_picked":["theMarked:Parkour","theMarked:ElectricStrings+1","Starlight"],"picked":"theMarked:MuscleMemory","floor":20},{"not_picked":["The Bomb","HandOfGreed","Sadistic Nature"],"picked":"expansioncontent:Corrupt","floor":21},{"not_picked":["Swift Strike","Jack Of All Trades","Blind"],"picked":"expansioncontent:LastStand","floor":21},{"not_picked":["Good Instincts","expansioncontent:SlimeTackle","expansioncontent:HyperBeam"],"picked":"Replay:SS_forest_2","floor":21},{"not_picked":["theMarked:KeepCalmAndFightOn+1","theMarked:StartUp+1","Replace"],"picked":"theMarked:Vacuum","floor":24}],"player_experience":2064068,"relics_obtained":[{"floor":6,"key":"Pantograph"},{"floor":9,"key":"hubris:DisguiseKit"},{"floor":24,"key":"Bag of Preparation"}],"event_choices":[{"damage_healed":0,"gold_gain":0,"player_choice":"Ignored","damage_taken":0,"max_hp_gain":0,"max_hp_loss":0,"event_name":"Liars Game","floor":12,"gold_loss":0},{"damage_healed":0,"gold_gain":0,"player_choice":"Bought 0 Potions","damage_taken":0,"max_hp_gain":0,"max_hp_loss":0,"event_name":"The Woman in Blue","floor":13,"gold_loss":0},{"damage_healed":0,"gold_gain":0,"player_choice":"Simplicity","damage_taken":0,"max_hp_gain":0,"max_hp_loss":0,"event_name":"Back to Basics","floor":22,"gold_loss":0,"cards_upgraded":["theMarked:Strike","theMarked:Strike","theMarked:Strike","theMarked:Strike","theMarked:Strike","theMarked:Defend","theMarked:Defend","theMarked:Defend","theMarked:Defend"]}],"is_beta":false,"boss_relics":[{"not_picked":["Black Star","construct:ClawGrip"],"picked":"hubris:RunicObelisk"}],"items_purged_floors":[],"is_endless":false,"potions_floor_spawned":[2,10,14,18,24],"killed_by":"Sentry and Sphere","ascension_level":0}}