{"host":"cv77zuuuekizn3ic","time":1610693933,"event":{"mods":["AchievementEnabler","Act Like it!","BaseMod","Gensokyo","Marisa£®ÏF”Í°°ƒß¿Ì…≥£©","Minty Spire (QoL Compilation)","StSLib","Waifu the Spire","everything is the same but u backflip on backflip","slay the spire mod where everything is the same but ironclad has a cowboy hat"],"gold_per_floor":[111,124,148,98,108,108,141,174,174,201,217,249,249,1,1,117,117,128,28,234,234,39,39,120,133,133,133,133,147,171,1,1,127,127,194,194,209,224,295,410,410,45,70,83,134,134,357,42,42,98,98,98,98,132,132,132],"floor_reached":55,"language":"ZHS","playtime":3390,"items_purged":["Strike_MRS","MasterSpark","Defend_MRS","PowerUp"],"score":1282,"play_id":"ac228442-88f2-4dc6-9f92-f865cca7f49f","local_time":"20210115145853","is_ascension_mode":true,"campfire_choices":[{"data":"Gensokyo:BlessingOfFortitude","floor":6.0,"key":"SMITH"},{"floor":15.0,"key":"REST"},{"data":"MilkyWay","floor":23.0,"key":"SMITH"},{"floor":32.0,"key":"REST"},{"floor":41.0,"key":"RECALL"},{"floor":46.0,"key":"REST"},{"data":"MilkyWay","floor":49,"key":"SMITH"},{"data":"Gensokyo:FourOfAKind","floor":52,"key":"SMITH"}],"circlet_count":0,"master_deck":["AscendersBane","Flash of Steel+1","ShootingEcho","StarBarrage","Gensokyo:BlessingOfFortitude+1","SprinkleStarSeal","PowerUp","MilkyWay+1","MilkyWay+1","Robbery+1","MilkyWay","SporeBomb+1","EnergyFlow+1","PulseMagic","FairyDestructionRay","OpenUniverse+1","Gensokyo:FourOfAKind+1","Gensokyo:FourOfAKind","Gensokyo:FourOfAKind","ChargeUpSpray","Gensokyo:ShootingStar","SatelliteIllusion","GravityBeat","ShootTheMoon","EarthLightRay","PropBag"],"relics":["MiniHakkero","Bag of Marbles","Vajra","Pen Nib","Girya","Bottled Lightning","Matryoshka","ClockworkSouvenir","Astrolabe","Gensokyo:RedStar","Du-Vu Doll","HornCleat","Bronze Scales","Oddly Smooth Stone","TheAbacus","Philosopher\u0027s Stone","Toy Ornithopter","Art of War","Whetstone","Pear","Strange Spoon","OrangePellets","FossilizedHelix","Ornamental Fan"],"acts_visited":["Exordium","Gensokyo:Gensokyo","Gensokyo:Gensokyoer","TheEnding"],"potions_floor_usage":[55],"damage_taken":[{"damage":4.0,"enemies":"Gensokyo:Gryphon","floor":1.0,"turns":4.0},{"damage":1.0,"enemies":"Gensokyo:3_Fairies","floor":2.0,"turns":4.0},{"damage":2.0,"enemies":"Gensokyo:2_Kodama","floor":5.0,"turns":4.0},{"damage":5.0,"enemies":"Gensokyo:Mamizou","floor":7.0,"turns":8.0},{"damage":5.0,"enemies":"Gensokyo:Cirno","floor":8.0,"turns":6.0},{"damage":0.0,"enemies":"Gensokyo:Mamizou","floor":10.0,"turns":5.0},{"damage":0.0,"enemies":"Gensokyo:2_Rabbits","floor":11.0,"turns":2.0},{"damage":9.0,"enemies":"Gensokyo:Aya","floor":12.0,"turns":4.0},{"damage":14.0,"enemies":"Gensokyo:Reimu","floor":16.0,"turns":9.0},{"damage":5.0,"enemies":"Gensokyo:AngelMirror","floor":18.0,"turns":3.0},{"damage":3.0,"enemies":"Gensokyo:Chomper","floor":20.0,"turns":4.0},{"damage":41.0,"enemies":"Gensokyo:Koishi","floor":24.0,"turns":8.0},{"damage":6.0,"enemies":"Gensokyo:Wraith","floor":25.0,"turns":5.0},{"damage":0.0,"enemies":"Gensokyo:3_Gloops","floor":29.0,"turns":1.0},{"damage":7.0,"enemies":"Gensokyo:Kaguya","floor":33.0,"turns":7.0},{"damage":0.0,"enemies":"Gensokyo:3_Bats","floor":35.0,"turns":3.0},{"damage":0.0,"enemies":"Gensokyo:AncientGuardian","floor":37.0,"turns":4.0},{"damage":0.0,"enemies":"Gensokyo:Sharpion","floor":38.0,"turns":3.0},{"damage":4.0,"enemies":"Gensokyo:AtlasGolem","floor":39.0,"turns":4.0},{"damage":9.0,"enemies":"Gensokyo:Marisa","floor":40.0,"turns":5.0},{"damage":14.0,"enemies":"Gensokyo:4_Bats","floor":44.0,"turns":3.0},{"damage":20.0,"enemies":"Gensokyo:Kasen","floor":45.0,"turns":6.0},{"damage":10.0,"enemies":"Gensokyo:Marisa","floor":47.0,"turns":5.0},{"damage":11,"enemies":"Gensokyo:Scarlet_Devils","floor":50,"turns":5},{"damage":37,"enemies":"Shield and Spear","floor":54,"turns":5},{"damage":88,"enemies":"The Heart","floor":55,"turns":5}],"seed_played":"509271400050422697","potions_obtained":[{"floor":5.0,"key":"Block Potion"},{"floor":7.0,"key":"LiquidMemories"},{"floor":11.0,"key":"BlessingOfTheForge"},{"floor":12.0,"key":"ColorlessPotion"},{"floor":18.0,"key":"Ancient Potion"},{"floor":35.0,"key":"FairyPotion"}],"is_trial":false,"path_per_floor":["M","M","T","?","M","R","?","E","T","E","M","E","?","$","R","B",null,"M","$","M","?","$","R","E","M","T","?","?","M","T","COS","R","B",null,"M","?","M","M","M","E","R","$","T","M","E","R","E","COS","R","B",null,"R","$","E","B"],"character_chosen":"MARISA","items_purchased":["MilkyWay","ClockworkSouvenir","FairyDestructionRay","EarthLightRay","Art of War"],"campfire_rested":3,"item_purchase_floors":[14,14,22,42,42],"current_hp_per_floor":[59,58,58,58,56,56,51,46,46,46,46,37,9,9,30,16,57,52,52,49,49,49,49,8,2,2,2,2,2,2,2,16,33,45,45,45,45,45,41,32,32,32,32,24,16,30,34,34,34,27,51,51,51,30,0,0],"gold":132,"neow_bonus":"RANDOM_COLORLESS","is_daily":false,"chose_seed":false,"campfire_upgraded":4,"win_rate":0.0,"timestamp":1610693933,"path_taken":["M","M","?","?","M","R","?","E","T","E","M","E","?","$","R","BOSS","M","$","M","?","$","R","E","?","T","?","?","?","?","COS","R","BOSS","M","?","M","?","M","E","R","$","T","M","E","R","E","COS","R","BOSS","R","$","E","BOSS"],"items_purchased_type":["Card","Relic","Card","Card","Relic"],"build_version":"2020-12-22","purchased_purges":4,"victory":false,"max_hp_per_floor":[70,70,70,70,70,70,70,70,70,70,70,70,70,70,70,70,70,70,70,70,70,70,70,70,70,70,49,49,49,49,49,49,49,49,49,49,49,49,49,49,49,49,49,49,49,49,59,59,59,59,59,59,59,59,59,59],"card_choices":[{"not_picked":["Trip","Jack Of All Trades"],"picked":"Flash of Steel","floor":0.0},{"not_picked":["GalacticHalo","PowerUp"],"picked":"ShootingEcho","floor":1.0},{"not_picked":["6A","ChargingUp"],"picked":"StarBarrage","floor":2.0},{"not_picked":["MeteoricShower","ShootingEcho"],"picked":"PowerUp","floor":5.0},{"not_picked":["DragonMeteor","Robbery"],"picked":"SprinkleStarSeal","floor":7.0},{"not_picked":["SporeBomb","DC"],"picked":"PowerUp","floor":8.0},{"not_picked":["WitchLeyline","UnstableBomb"],"picked":"MilkyWay","floor":10.0},{"not_picked":["IllusionStar","DarkSpark"],"picked":"MilkyWay","floor":11.0},{"not_picked":["GasGiant","CasketOfStar"],"picked":"Robbery","floor":12.0},{"not_picked":["MilkyWay","PowerUp+1"],"picked":"PulseMagic","floor":18.0},{"not_picked":["WitchOfGreed","NonDirectionalLaser","GravityBeat"],"picked":"SKIP","floor":20.0},{"not_picked":["MaximisePower","LuminesStrike"],"picked":"OpenUniverse+1","floor":24.0},{"not_picked":["LuminesStrike","UnstableBomb","MysteriousBeam"],"picked":"SKIP","floor":25.0},{"not_picked":["WitchOfGreed","Orbital"],"picked":"ChargeUpSpray","floor":29.0},{"not_picked":[],"picked":"Gensokyo:ShootingStar","floor":33.0},{"not_picked":["StarDustReverie","AbsoluteMagnitude"],"picked":"SatelliteIllusion","floor":33.0},{"not_picked":["AsteroidBelt","MysteriousBeam","ChargingUp"],"picked":"SKIP","floor":35.0},{"not_picked":["DoubleSpark","MysteriousBeam","DarkMatter+1"],"picked":"SKIP","floor":37.0},{"not_picked":["WitchLeyline","PowerUp"],"picked":"GravityBeat","floor":38.0},{"not_picked":["Occultation","AsteroidBelt","DC"],"picked":"SKIP","floor":39.0},{"not_picked":["NonDirectionalLaser","WitchLeyline"],"picked":"ShootTheMoon","floor":40.0},{"not_picked":["GravityBeat","ManaRampage"],"picked":"PropBag","floor":44.0},{"not_picked":["AsteroidBelt","DarkSpark+1","StarBarrage"],"picked":"SKIP","floor":45.0},{"not_picked":["FairyDestructionRay+1","MilkyWay","BlazeAway"],"picked":"SKIP","floor":47.0},{"not_picked":["SprinkleStarSeal","Occultation","DoubleSpark"],"picked":"SKIP","floor":54}],"player_experience":899990,"relics_obtained":[{"floor":3.0,"key":"Bag of Marbles"},{"floor":7.0,"key":"Vajra"},{"floor":8.0,"key":"Pen Nib"},{"floor":9.0,"key":"Girya"},{"floor":10.0,"key":"Bottled Lightning"},{"floor":12.0,"key":"Matryoshka"},{"floor":24.0,"key":"Du-Vu Doll"},{"floor":26.0,"key":"HornCleat"},{"floor":30.0,"key":"Bronze Scales"},{"floor":30.0,"key":"Oddly Smooth Stone"},{"floor":40.0,"key":"Toy Ornithopter"},{"floor":45.0,"key":"Whetstone"},{"floor":47.0,"key":"Pear"},{"floor":54,"key":"FossilizedHelix"}],"event_choices":[],"is_beta":false,"boss_relics":[{"not_picked":["Sozu","RampagingMagicTools"],"picked":"Astrolabe"},{"not_picked":["Velvet Choker","Pandora\u0027s Box"],"picked":"Philosopher\u0027s Stone"}],"items_purged_floors":[14,19,22,42],"is_endless":false,"potions_floor_spawned":[5,7,11,12,18,20,24,29,35,37,44],"killed_by":"The Heart","ascension_level":14}}