{"host":"wwo1kwxjf4eyz37q","time":1610701022,"event":{"mods":["AchievementEnabler","BaseMod","Colored Map","Minty Spire (QoL Compilation)","Quick Restart","SuperFastMode"],"gold_per_floor":[111,122,142,142,122,122,146,189,189,189,254,275,310,51,51,141,141,161,181,181,101,121,121,142,6,83,83,83,101,101,125,125,218,218,234,234,134,147,27,27,0,20,20,43,58,73,73,96,96,96],"floor_reached":51,"language":"KOR","playtime":2060,"items_purged":["Strike_R","Strike_R","Strike_R+1","Strike_R+1"],"score":1412,"play_id":"e61f6545-e708-4379-812a-c4b4c60a6fe1","local_time":"20210115175702","is_ascension_mode":true,"campfire_choices":[{"data":"Bash","floor":6.0,"key":"SMITH"},{"data":"Carnage","floor":10.0,"key":"SMITH"},{"data":"Body Slam","floor":15.0,"key":"SMITH"},{"data":"Barricade","floor":23.0,"key":"SMITH"},{"data":"Entrench","floor":28.0,"key":"SMITH"},{"data":"Second Wind","floor":32.0,"key":"SMITH"},{"data":"Armaments","floor":40.0,"key":"SMITH"},{"floor":49,"key":"REST"}],"circlet_count":0,"master_deck":["AscendersBane","Defend_R+1","Defend_R+1","Defend_R+1","Defend_R+1","Bash+1","Clothesline","Twin Strike","Carnage+1","Ghostly Armor","Armaments+1","Entrench+1","Battle Trance","Barricade+1","Shrug It Off","Body Slam+1","Evolve","Impervious","CurseOfTheBell","Shrug It Off","Second Wind+1","Shrug It Off","Exhume","Power Through","Impervious","Entrench+1","True Grit"],"relics":["Runic Dome","Golden Idol","Meat on the Bone","Letter Opener","The Courier","PreservedInsect","Orrery","Calling Bell","Bronze Scales","Matryoshka","Gambling Chip","Centennial Puzzle","Shuriken","Sozu","Red Mask","Question Card","Girya"],"acts_visited":["Exordium","TheCity","TheBeyond"],"potions_floor_usage":[50],"damage_taken":[{"damage":1.0,"enemies":"2 Louse","floor":1.0,"turns":3.0},{"damage":7.0,"enemies":"Small Slimes","floor":2.0,"turns":3.0},{"damage":0.0,"enemies":"Cultist","floor":3.0,"turns":4.0},{"damage":4.0,"enemies":"Looter","floor":7.0,"turns":3.0},{"damage":20.0,"enemies":"3 Sentries","floor":8.0,"turns":7.0},{"damage":0.0,"enemies":"Gremlin Nob","floor":11.0,"turns":3.0},{"damage":22.0,"enemies":"3 Louse","floor":12.0,"turns":3.0},{"damage":6.0,"enemies":"Gremlin Nob","floor":13.0,"turns":4.0},{"damage":15.0,"enemies":"Hexaghost","floor":16.0,"turns":9.0},{"damage":23.0,"enemies":"Shell Parasite","floor":18.0,"turns":4.0},{"damage":18.0,"enemies":"Chosen","floor":19.0,"turns":4.0},{"damage":27.0,"enemies":"Centurion and Healer","floor":22.0,"turns":9.0},{"damage":0.0,"enemies":"Snecko","floor":24.0,"turns":6.0},{"damage":0.0,"enemies":"Snake Plant","floor":29.0,"turns":5.0},{"damage":0.0,"enemies":"3 Cultists","floor":31.0,"turns":6.0},{"damage":0.0,"enemies":"Collector","floor":33.0,"turns":12.0},{"damage":0.0,"enemies":"3 Shapes","floor":35.0,"turns":5.0},{"damage":0.0,"enemies":"3 Darklings","floor":38.0,"turns":9.0},{"damage":12.0,"enemies":"Sphere and 2 Shapes","floor":42.0,"turns":6.0},{"damage":0.0,"enemies":"Maw","floor":44.0,"turns":7.0},{"damage":9.0,"enemies":"Spire Growth","floor":45.0,"turns":6.0},{"damage":0,"enemies":"Writhing Mass","floor":46,"turns":5},{"damage":9,"enemies":"4 Shapes","floor":48,"turns":8},{"damage":0,"enemies":"Awakened One","floor":50,"turns":9}],"seed_played":"7672557697180820866","potions_obtained":[{"floor":3.0,"key":"SmokeBomb"},{"floor":5.0,"key":"GamblersBrew"},{"floor":8.0,"key":"Ancient Potion"},{"floor":12.0,"key":"SkillPotion"},{"floor":13.0,"key":"AttackPotion"},{"floor":18.0,"key":"BloodPotion"},{"floor":19.0,"key":"DistilledChaos"}],"is_trial":false,"path_per_floor":["M","M","M","?","?","R","M","E","T","R","?","M","E","$","R","B",null,"M","M","?","$","M","R","M","$","T","$","R","M","?","M","R","B",null,"M","?","$","M","$","R","?","M","T","M","M","M","?","M","R","B",null],"character_chosen":"IRONCLAD","items_purchased":["Orrery","Evolve","Shrug It Off","Exhume"],"campfire_rested":1,"item_purchase_floors":[14,14,25,25],"current_hp_per_floor":[67,60,60,60,60,60,56,36,36,36,36,26,32,32,32,29,58,35,42,42,42,27,27,39,39,39,39,39,39,39,39,39,39,61,61,61,61,61,61,61,61,49,49,49,40,40,40,43,63,63],"gold":96,"neow_bonus":"BOSS_RELIC","is_daily":false,"chose_seed":false,"campfire_upgraded":7,"win_rate":0.0,"timestamp":1610701022,"path_taken":["M","M","M","?","?","R","?","E","T","R","?","M","E","$","R","BOSS","M","M","?","?","M","R","?","?","T","$","R","M","?","M","R","BOSS","M","?","$","M","?","R","?","M","T","M","?","M","?","M","R","BOSS"],"items_purchased_type":["Relic","Card","Card","Card"],"build_version":"2020-12-22","purchased_purges":4,"victory":true,"max_hp_per_floor":[75,75,75,68,68,68,68,68,68,68,68,68,68,68,68,68,68,68,68,68,68,68,68,68,68,68,68,68,68,68,68,68,68,68,68,68,68,68,68,68,68,68,68,68,68,68,68,68,68,68],"card_choices":[{"not_picked":["Warcry","Burning Pact","Pummel"],"picked":"SKIP","floor":1.0},{"not_picked":["Twin Strike","Iron Wave"],"picked":"Clothesline","floor":2.0},{"not_picked":["Clash","Perfected Strike"],"picked":"Twin Strike","floor":3.0},{"not_picked":["Sentinel","Warcry"],"picked":"Carnage","floor":7.0},{"not_picked":["Body Slam","Havoc"],"picked":"Ghostly Armor","floor":8.0},{"not_picked":["Thunderclap","True Grit"],"picked":"Armaments","floor":11.0},{"not_picked":["Cleave","Body Slam"],"picked":"Entrench","floor":12.0},{"not_picked":["Juggernaut","Dual Wield"],"picked":"Battle Trance","floor":13.0},{"not_picked":["Hemokinesis","Combust"],"picked":"Barricade","floor":14.0},{"not_picked":["Battle Trance","Demon Form"],"picked":"Shrug It Off","floor":14.0},{"not_picked":["Havoc","Armaments"],"picked":"Body Slam","floor":14.0},{"not_picked":["Double Tap","Demon Form"],"picked":"Impervious","floor":16.0},{"not_picked":["Headbutt","Pommel Strike","Dual Wield"],"picked":"SKIP","floor":18.0},{"not_picked":["Flex+1","Wild Strike"],"picked":"Shrug It Off","floor":19.0},{"not_picked":["Body Slam","Anger"],"picked":"Second Wind","floor":22.0},{"not_picked":["Pommel Strike","Perfected Strike","Bludgeon"],"picked":"SKIP","floor":24.0},{"not_picked":["Metallicize","Rupture","Warcry"],"picked":"SKIP","floor":29.0},{"not_picked":["Pommel Strike","Anger"],"picked":"Power Through","floor":31.0},{"not_picked":["Corruption","Bludgeon"],"picked":"Impervious","floor":33.0},{"not_picked":["Seeing Red+1","Clash","Burning Pact"],"picked":"SKIP","floor":35.0},{"not_picked":["Uppercut","Thunderclap"],"picked":"True Grit","floor":38.0},{"not_picked":["Battle Trance","Burning Pact","Headbutt"],"picked":"SKIP","floor":42.0},{"not_picked":["Cleave","Spot Weakness","Sword Boomerang","Rage"],"picked":"SKIP","floor":44.0},{"not_picked":["Sword Boomerang+1","Perfected Strike","Headbutt","Pommel Strike"],"picked":"SKIP","floor":45.0},{"not_picked":["Reaper","Twin Strike","Wild Strike+1","Iron Wave"],"picked":"SKIP","floor":46},{"not_picked":["Rupture+1","Blood for Blood+1","Clothesline+1","Warcry+1"],"picked":"SKIP","floor":48}],"player_experience":231120,"relics_obtained":[{"floor":8.0,"key":"Meat on the Bone"},{"floor":9.0,"key":"Letter Opener"},{"floor":11.0,"key":"The Courier"},{"floor":13.0,"key":"PreservedInsect"},{"floor":17.0,"key":"Bronze Scales"},{"floor":17.0,"key":"Matryoshka"},{"floor":17.0,"key":"Gambling Chip"},{"floor":26.0,"key":"Centennial Puzzle"},{"floor":26.0,"key":"Shuriken"},{"floor":43.0,"key":"Question Card"},{"floor":43.0,"key":"Girya"}],"event_choices":[{"damage_healed":0.0,"max_hp_gain":0.0,"max_hp_loss":7.0,"gold_gain":0.0,"event_name":"Golden Idol","player_choice":"Lose Max HP","floor":4.0,"gold_loss":0.0,"damage_taken":0.0,"relics_obtained":["Golden Idol"]},{"damage_healed":0.0,"max_hp_gain":0.0,"max_hp_loss":0.0,"gold_gain":0.0,"event_name":"The Woman in Blue","player_choice":"Bought 1 Potion","floor":5.0,"gold_loss":0.0,"damage_taken":0.0},{"damage_healed":0.0,"max_hp_gain":0.0,"max_hp_loss":0.0,"gold_gain":30.0,"event_name":"Dead Adventurer","player_choice":"Searched \u00272\u0027 times","floor":11.0,"gold_loss":0.0,"damage_taken":0.0},{"cards_removed":["Strike_R"],"damage_healed":0.0,"max_hp_gain":0.0,"max_hp_loss":0.0,"gold_gain":0.0,"event_name":"Bonfire Elementals","player_choice":"Offered Basic","floor":20.0,"gold_loss":0.0,"damage_taken":0.0},{"damage_healed":0.0,"max_hp_gain":0.0,"max_hp_loss":0.0,"gold_gain":0.0,"event_name":"Back to Basics","player_choice":"Simplicity","floor":30.0,"gold_loss":0.0,"damage_taken":0.0,"cards_upgraded":["Strike_R","Strike_R","Defend_R","Defend_R","Defend_R","Defend_R"]},{"damage_healed":0.0,"max_hp_gain":0.0,"max_hp_loss":0.0,"gold_gain":0.0,"event_name":"Duplicator","player_choice":"Copied","floor":36.0,"gold_loss":0.0,"damage_taken":0.0,"cards_obtained":["Entrench"]},{"damage_healed":0.0,"max_hp_gain":0.0,"max_hp_loss":0.0,"gold_gain":0.0,"event_name":"Tomb of Lord Red Mask","player_choice":"Paid","floor":41.0,"gold_loss":27.0,"damage_taken":0.0,"relics_obtained":["Red Mask"]},{"damage_healed":0,"gold_gain":0,"player_choice":"Ignored","damage_taken":0,"max_hp_gain":0,"max_hp_loss":0,"event_name":"The Moai Head","floor":47,"gold_loss":0}],"is_beta":false,"boss_relics":[{"not_picked":["Coffee Dripper","Mark of Pain"],"picked":"Calling Bell"},{"not_picked":["SlaversCollar","Philosopher\u0027s Stone"],"picked":"Sozu"}],"items_purged_floors":[14,21,37,39],"is_endless":false,"potions_floor_spawned":[3,8,12,13,18,19,29,31,33,42,45,46,48],"ascension_level":17}}