{"host":"873t0y8ybyo38pfq","time":1610747111,"event":{"mods":["BaseMod","Bestiary","Colored Map","Colored Powertips","Highlight Path","Minty Spire (QoL Compilation)","Quick Restart","RNG Fix","Rare Cards Sparkle","Relic Stats","StSLib"],"gold_per_floor":[118,118,2,2,12,45,45,61,85,100,100,100,117,152,152,228,228,248,248,267,267,267,267,267],"floor_reached":23,"language":"ENG","playtime":647,"items_purged":[],"score":448,"play_id":"00ffe19a-85f0-4f25-a0b6-76c007176891","local_time":"20210115164511","is_ascension_mode":true,"campfire_choices":[{"data":"Zap","floor":12,"key":"SMITH"},{"data":"Zap","floor":15,"key":"SMITH"}],"circlet_count":0,"master_deck":["AscendersBane","Strike_B","Defend_B","Defend_B","Defend_B","Zap+1","Dualcast","Steam","Sunder","Conserve Battery","Zap+1","Sunder","Leap","FTL","Scrape","Doom and Gloom","Turbo","Fission","Heatsinks+1","Loop+1","White Noise+1","Leap","Reprogram","Self Repair","Writhe","Ghostly","Ghostly","Ghostly"],"relics":["Cracked Core","NeowsBlessing","Eternal Feather","StrikeDummy","TungstenRod","Astrolabe","Letter Opener"],"acts_visited":["Exordium","TheCity"],"potions_floor_usage":[13,16,23],"damage_taken":[{"damage":0,"enemies":"2 Louse","floor":1,"turns":1},{"damage":0,"enemies":"Jaw Worm","floor":5,"turns":1},{"damage":0,"enemies":"Gremlin Nob","floor":6,"turns":1},{"damage":0,"enemies":"Small Slimes","floor":8,"turns":2},{"damage":3,"enemies":"Blue Slaver","floor":10,"turns":3},{"damage":2,"enemies":"Lots of Slimes","floor":13,"turns":3},{"damage":14,"enemies":"Lagavulin","floor":14,"turns":6},{"damage":32,"enemies":"Hexaghost","floor":16,"turns":9},{"damage":26,"enemies":"Shell Parasite","floor":18,"turns":4},{"damage":37,"enemies":"Chosen","floor":20,"turns":7},{"damage":3,"enemies":"Gremlin Leader","floor":23,"turns":6}],"seed_played":"2540116683109208566","potions_obtained":[{"floor":6,"key":"Fruit Juice"},{"floor":14,"key":"ColorlessPotion"},{"floor":18,"key":"EssenceOfSteel"},{"floor":20,"key":"Explosive Potion"}],"is_trial":false,"path_per_floor":["M","?","$","?","M","E","?","M","T","M","T","R","M","E","R","B",null,"M","?","M","?","?","E"],"character_chosen":"DEFECT","items_purchased":["Sunder","Conserve Battery"],"campfire_rested":0,"item_purchase_floors":[3,3],"current_hp_per_floor":[64,64,64,64,64,64,57,57,57,54,54,63,66,52,64,32,65,39,39,2,2,2,0,0],"gold":267,"neow_bonus":"THREE_ENEMY_KILL","is_daily":false,"chose_seed":false,"campfire_upgraded":2,"win_rate":0.0,"timestamp":1610747111,"path_taken":["M","?","$","?","M","E","?","?","T","M","?","R","M","E","R","BOSS","M","?","?","?","?","E"],"items_purchased_type":["Card","Card"],"build_version":"2020-12-22","purchased_purges":0,"victory":false,"max_hp_per_floor":[71,71,71,71,71,71,71,71,71,71,71,71,76,76,76,76,76,76,76,76,76,38,38,38],"relic_stats":{"counters":[11,42],"Astrolabe":["Heatsinks","Loop","White Noise"],"Eternal Feather":21,"Letter Opener":[35],"obtain_stats":[{"NeowsBlessing":0,"Astrolabe":17,"Eternal Feather":6,"Letter Opener":21,"Cracked Core":0,"StrikeDummy":11,"TungstenRod":14},{"NeowsBlessing":0,"Astrolabe":8,"Eternal Feather":3,"Letter Opener":10,"Cracked Core":0,"StrikeDummy":5,"TungstenRod":7},{"NeowsBlessing":0,"Astrolabe":26,"Eternal Feather":3,"Letter Opener":36,"Cracked Core":0,"StrikeDummy":8,"TungstenRod":17}],"TungstenRod":16},"card_choices":[{"not_picked":["Sweeping Beam","Redo"],"picked":"Steam","floor":1},{"not_picked":["Ball Lightning","Steam"],"picked":"Leap","floor":5},{"not_picked":["Conserve Battery","Ball Lightning","Hyperbeam"],"picked":"SKIP","floor":6},{"not_picked":["Steam Power","Sweeping Beam"],"picked":"FTL","floor":8},{"not_picked":["Hologram","Turbo"],"picked":"Scrape","floor":10},{"not_picked":["Aggregate","Streamline"],"picked":"Doom and Gloom","floor":13},{"not_picked":["Conserve Battery","Recycle"],"picked":"Turbo","floor":14},{"not_picked":["Amplify","Meteor Strike"],"picked":"Fission","floor":16},{"not_picked":["Compile Driver","Gash"],"picked":"Leap","floor":18},{"not_picked":["Go for the Eyes","Aggregate"],"picked":"Self Repair","floor":20}],"player_experience":1648557,"relics_obtained":[{"floor":6,"key":"Eternal Feather"},{"floor":11,"key":"StrikeDummy"},{"floor":14,"key":"TungstenRod"}],"event_choices":[{"damage_healed":0,"gold_gain":0,"player_choice":"Cursed","damage_taken":0,"max_hp_gain":0,"max_hp_loss":0,"event_name":"Wheel of Change","floor":2,"gold_loss":0,"cards_obtained":["Decay"]},{"damage_healed":0,"gold_gain":0,"player_choice":"2 cards matched","damage_taken":0,"max_hp_gain":0,"max_hp_loss":0,"event_name":"Match and Keep!","floor":4,"gold_loss":0,"cards_obtained":["Zap","Sunder"]},{"cards_removed":["Decay"],"damage_healed":0,"gold_gain":0,"player_choice":"Card Removal","damage_taken":7,"max_hp_gain":0,"max_hp_loss":0,"event_name":"Golden Wing","floor":7,"gold_loss":0},{"damage_healed":0,"gold_gain":0,"cards_transformed":["Strike_B"],"player_choice":"Transformed","damage_taken":0,"max_hp_gain":0,"max_hp_loss":0,"event_name":"Transmorgrifier","floor":19,"gold_loss":0,"cards_obtained":["Reprogram"]},{"damage_healed":0,"gold_gain":0,"player_choice":"Opened","damage_taken":0,"relics_obtained":["Letter Opener"],"max_hp_gain":0,"max_hp_loss":0,"event_name":"The Mausoleum","floor":21,"gold_loss":0,"cards_obtained":["Writhe"]},{"damage_healed":0,"gold_gain":0,"player_choice":"Became a Ghost","damage_taken":0,"max_hp_gain":0,"max_hp_loss":38,"event_name":"Ghosts","floor":22,"gold_loss":0,"cards_obtained":["Ghostly","Ghostly","Ghostly"]}],"is_beta":false,"boss_relics":[{"not_picked":["SacredBark","Black Star"],"picked":"Astrolabe"}],"items_purged_floors":[],"is_endless":false,"potions_floor_spawned":[6,14,18,20],"killed_by":"Gremlin Leader","ascension_level":20}}