{"host":"ertz0a1vw3taca14","time":1610731023,"event":{"mods":["BaseMod","Downfall","KinomotoSakuraMod(ƒæ÷Æ±æ”£)","Luminous","Marisa£®ÏF”Í°°ƒß¿Ì…≥£©","Minty Spire (QoL Compilation)","Remilia£®¿Ÿ√◊¿Ú—«£©","StSLib","The Administrix","The Servant 0.9.4","Yakumo Yukari mod","Youmu£®ªÍ∆«—˝√Œ£©","Yuyuko"],"gold_per_floor":[118,136,22,36,36,69,69,88,88,263,263,276,276,305,305,406,406,417,417,431,9,9,9,38,38,62,90,20,54,54,91,91,207,207,221,221,4,21,21,21],"floor_reached":39,"language":"ZHS","playtime":1298,"items_purged":["Defend_RM","Strike_RM","Defend_RM"],"score":473,"play_id":"0e86c9a7-922a-45d9-82b5-426be9aecf16","local_time":"20210116011703","is_ascension_mode":true,"campfire_choices":[{"floor":7,"key":"RECALL"},{"floor":13,"key":"REST"},{"data":"NightLord","floor":15,"key":"SMITH"},{"data":"1","floor":23,"key":"LIFT"},{"data":"BloodRain","floor":25,"key":"SMITH"},{"data":"ChaoticDestiny","floor":30,"key":"SMITH"},{"data":"2","floor":32,"key":"LIFT"}],"circlet_count":0,"master_deck":["Strike_RM","Strike_RM","Strike_RM","Defend_RM","Defend_RM","RedMoon","ScarletShoot","DiffusionOfMisfortune","AfternoonTea","VampireSweep","StarOfDavid","HellCatastrophe","MastersStateliness","Doubt","Decay","NightDance","NightLord+1","TransientEternity+1","EndlessAdversity","ScarletSymphony","BloodRain+1","Writhe","FavorOfDestiny","SuperhumanBloodyKnife","ScarletNetherworld+1","RedNightlessCastle","ChaoticDestiny+1","HunterOfTheNight","CharismaGuard+1","ScarletDream+1","ScarletCoffin","StarOfDavid+1","VampirishNight","Madness","Madness","BombardNight","VampireKiss","Ultimatum","LeisurelyOfLord"],"relics":["ScarletHat","NeowsBlessing","Torii","Letter Opener","Frozen Egg 2","Ginger","ScarletEmblem","Strawberry","Membership Card","Prayer Wheel","Girya","Eternal Feather","Boot","Black Star","Sling"],"acts_visited":["Exordium","TheCity","TheBeyond"],"potions_floor_usage":[6,14,14,20,24,29,33,35,38,38,39],"damage_taken":[{"damage":0,"enemies":"Cultist","floor":1,"turns":1},{"damage":0,"enemies":"Small Slimes","floor":2,"turns":2},{"damage":0,"enemies":"Jaw Worm","floor":4,"turns":1},{"damage":33,"enemies":"Gremlin Nob","floor":6,"turns":7},{"damage":0,"enemies":"Looter","floor":8,"turns":2},{"damage":2,"enemies":"Lots of Slimes","floor":12,"turns":4},{"damage":14,"enemies":"3 Sentries","floor":14,"turns":6},{"damage":38,"enemies":"Slime Boss","floor":16,"turns":10},{"damage":12,"enemies":"2 Thieves","floor":18,"turns":4},{"damage":1,"enemies":"Shell Parasite","floor":20,"turns":3},{"damage":23,"enemies":"Gremlin Leader","floor":24,"turns":4},{"damage":33,"enemies":"Book of Stabbing","floor":27,"turns":5},{"damage":2,"enemies":"Centurion and Healer","floor":29,"turns":6},{"damage":2,"enemies":"Cultist and Chosen","floor":31,"turns":4},{"damage":64,"enemies":"Collector","floor":33,"turns":6},{"damage":0,"enemies":"3 Darklings","floor":35,"turns":3},{"damage":32,"enemies":"3 Shapes","floor":38,"turns":3},{"damage":57,"enemies":"Orin","floor":39,"turns":6}],"seed_played":"2116973498748182202","potions_obtained":[{"floor":4,"key":"Energy Potion"},{"floor":6,"key":"Fire Potion"},{"floor":12,"key":"Weak Potion"},{"floor":16,"key":"Fire Potion"},{"floor":20,"key":"Fire Potion"},{"floor":27,"key":"LiquidBronze"},{"floor":31,"key":"FearPotion"},{"floor":33,"key":"ColorlessPotion"},{"floor":35,"key":"ColorlessPotion"},{"floor":38,"key":"Ancient Potion"}],"is_trial":false,"path_per_floor":["M","M","$","M","?","E","R","M","T","?","?","M","R","E","R","B",null,"M","?","M","$","?","R","E","R","T","E","$","M","R","M","R","B",null,"M","?","$","M","?"],"character_chosen":"REMILIA","items_purchased":["VampireSweep","Membership Card","BloodRain","Prayer Wheel","ScarletNetherworld+1","RedNightlessCastle","Sling","BombardNight","VampireKiss","Fire Potion"],"campfire_rested":1,"item_purchase_floors":[3,21,21,21,28,28,37,37,37,37],"current_hp_per_floor":[75,75,75,75,72,44,44,44,44,44,44,42,64,54,54,25,75,65,72,73,73,73,73,54,66,66,35,35,35,50,49,67,7,82,82,72,72,40,0,0],"gold":21,"neow_bonus":"THREE_ENEMY_KILL","is_daily":false,"chose_seed":false,"campfire_upgraded":3,"win_rate":0.0,"timestamp":1610731023,"path_taken":["M","M","$","?","?","E","R","M","T","?","?","?","R","E","R","BOSS","M","?","M","$","?","R","E","R","T","E","$","M","R","M","R","BOSS","M","?","$","M","?"],"items_purchased_type":["Card","Relic","Card","Relic","Card","Card","Relic","Card","Card","Potion"],"build_version":"2020-12-22","purchased_purges":3,"victory":false,"max_hp_per_floor":[75,75,75,75,75,75,75,75,75,75,75,75,75,75,75,75,75,75,82,82,82,82,82,82,82,82,82,82,82,82,82,82,82,82,82,82,82,82,82,82],"card_choices":[{"not_picked":["ScarletImprint","ScarletDevilSign"],"picked":"DiffusionOfMisfortune","floor":1},{"not_picked":["NightDance","FitfulNightmare"],"picked":"AfternoonTea","floor":2},{"not_picked":["MillenniumVampire","BadLadyScramble"],"picked":"StarOfDavid","floor":4},{"not_picked":["MillenniumVampire","Ultimatum"],"picked":"HellCatastrophe","floor":6},{"not_picked":["ScarletDevil","DiffusionOfMisfortune"],"picked":"MastersStateliness","floor":8},{"not_picked":["GlobalNightmare","BombardNight"],"picked":"NightDance","floor":12},{"not_picked":["BlasphemousPunishment","Maim"],"picked":"NightLord","floor":14},{"not_picked":["ForecastOfChange","HeartBreak"],"picked":"TransientEternity+1","floor":16},{"not_picked":["BlasphemousPunishment+1","EternalNight"],"picked":"EndlessAdversity","floor":18},{"not_picked":["UnderTheZenith","BlasphemousPunishment"],"picked":"ScarletSymphony","floor":20},{"not_picked":["BloodyMagicSquare+1","RedRainbow"],"picked":"FavorOfDestiny","floor":24},{"not_picked":["EndlessAdversity","BombardNight"],"picked":"SuperhumanBloodyKnife","floor":27},{"not_picked":["FavorOfDestiny","EndlessAdversity"],"picked":"ChaoticDestiny","floor":29},{"not_picked":["RedRainbow","ChainGang"],"picked":"HunterOfTheNight","floor":29},{"not_picked":["FavorOfDestiny","NightDance"],"picked":"CharismaGuard+1","floor":31},{"not_picked":["NightDance","EndlessAdversity"],"picked":"ScarletDream+1","floor":31},{"not_picked":["BloodRain","HellCatastrophe"],"picked":"ScarletCoffin","floor":33},{"not_picked":["BlasphemousPunishment+1","VampireKiss+1"],"picked":"StarOfDavid+1","floor":35},{"not_picked":["NightLord+1","Maim"],"picked":"VampirishNight","floor":35},{"not_picked":["NightDance+1","ScarletImprint+1"],"picked":"Ultimatum","floor":38},{"not_picked":["EndlessAdversity","AfternoonTea"],"picked":"LeisurelyOfLord","floor":38}],"player_experience":145787,"relics_obtained":[{"floor":6,"key":"Letter Opener"},{"floor":9,"key":"Frozen Egg 2"},{"floor":14,"key":"Ginger"},{"floor":24,"key":"Eternal Feather"},{"floor":27,"key":"Boot"}],"event_choices":[{"damage_healed":0,"gold_gain":0,"player_choice":"Success","damage_taken":3,"relics_obtained":["Torii"],"max_hp_gain":0,"max_hp_loss":0,"event_name":"Scrap Ooze","floor":5,"gold_loss":0},{"damage_healed":0,"gold_gain":175,"player_choice":"AGREE","damage_taken":0,"max_hp_gain":0,"max_hp_loss":0,"event_name":"Liars Game","floor":10,"gold_loss":0,"cards_obtained":["Doubt"]},{"damage_healed":0,"gold_gain":0,"player_choice":"Cursed","damage_taken":0,"max_hp_gain":0,"max_hp_loss":0,"event_name":"Wheel of Change","floor":11,"gold_loss":0,"cards_obtained":["Decay"]},{"damage_healed":0,"gold_gain":0,"player_choice":"Opened","damage_taken":0,"relics_obtained":["Girya"],"max_hp_gain":0,"max_hp_loss":0,"event_name":"The Mausoleum","floor":22,"gold_loss":0,"cards_obtained":["Writhe"]},{"damage_healed":0,"gold_gain":0,"player_choice":"Embrace Madness","damage_taken":10,"max_hp_gain":0,"max_hp_loss":0,"event_name":"Winding Halls","floor":36,"gold_loss":0,"cards_obtained":["Madness","Madness"]},{"damage_healed":0,"gold_gain":0,"player_choice":"Fight","damage_taken":0,"max_hp_gain":0,"max_hp_loss":0,"event_name":"OrinTheCat","floor":39,"gold_loss":0}],"is_beta":false,"boss_relics":[{"not_picked":["Busted Crown","Tiny House"],"picked":"ScarletEmblem"},{"not_picked":["Calling Bell","SacredBark"],"picked":"Black Star"}],"items_purged_floors":[3,21,37],"is_endless":false,"potions_floor_spawned":[4,6,12,16,20,31,33,35,38],"killed_by":"Orin","ascension_level":1}}