{"host":"foq4mrde4mssg7vt","time":1610739703,"event":{"mods":["AchievementEnabler","BaseMod","Colored Map","Colored Powertips","Highlight Path","Minty Spire (QoL Compilation)","Relic Stats","everything is the same but u backflip on backflip"],"gold_per_floor":[114,127,11,21,39,39,73,73,73,73,90,108,108,122,122,201,201,219,231,243,223,240,267,24,37,61,70,103,103,103,122,122,209,209,235,250,250,250,267,297,297,332,332,366,392,392,429,443,443,443,443,443,17,42,42],"floor_reached":56,"language":"ENG","playtime":4093,"items_purged":["Strike_B","Strike_B+1"],"score":2218,"play_id":"d4833e21-d0ec-411c-9053-85f52e75fe72","local_time":"20210116034143","is_ascension_mode":true,"campfire_choices":[{"data":"Sunder","floor":6.0,"key":"SMITH"},{"data":"Hologram","floor":8.0,"key":"SMITH"},{"floor":13.0,"key":"REST"},{"data":"Coolheaded","floor":15.0,"key":"SMITH"},{"floor":30,"key":"REST"},{"data":"Loop","floor":32,"key":"SMITH"},{"floor":41,"key":"REST"},{"floor":46,"key":"RECALL"},{"data":"Biased Cognition","floor":49,"key":"SMITH"},{"data":"Multi-Cast","floor":52,"key":"SMITH"}],"circlet_count":0,"master_deck":["AscendersBane","Strike_B+1","Defend_B+1","Defend_B+1","Defend_B+1","Zap","Dualcast","Rebound","Coolheaded+1","Doom and Gloom","Sunder+1","Hologram+1","Creative AI","Cold Snap","Sweeping Beam","Compile Driver","Biased Cognition+1","Loop+1","Glacier","Leap+1","Skim","Core Surge","Force Field+1","Self Repair","Multi-Cast+1","Recycle+1","Reinforced Body","Glacier","Amplify","Core Surge","Dark Shackles"],"relics":["Velvet Choker","Pen Nib","Regal Pillow","Snecko Eye","White Beast Statue","CeramicFish","Potion Belt","Nuclear Battery","Peace Pipe","HornCleat","Du-Vu Doll","InkBottle","Lee\u0027s Waffle","Art of War"],"acts_visited":["Exordium","TheCity","TheBeyond","TheEnding"],"potions_floor_usage":[55,55,55],"damage_taken":[{"damage":2.0,"enemies":"Jaw Worm","floor":1.0,"turns":4.0},{"damage":1.0,"enemies":"Cultist","floor":2.0,"turns":4.0},{"damage":6.0,"enemies":"Small Slimes","floor":4.0,"turns":2.0},{"damage":8.0,"enemies":"Looter","floor":5.0,"turns":3.0},{"damage":17.0,"enemies":"3 Sentries","floor":7.0,"turns":5.0},{"damage":0.0,"enemies":"2 Fungi Beasts","floor":11.0,"turns":3.0},{"damage":7.0,"enemies":"Large Slime","floor":12.0,"turns":5.0},{"damage":7.0,"enemies":"Exordium Thugs","floor":14.0,"turns":3.0},{"damage":25.0,"enemies":"Hexaghost","floor":16.0,"turns":11.0},{"damage":4.0,"enemies":"Spheric Guardian","floor":18.0,"turns":3.0},{"damage":2.0,"enemies":"Chosen","floor":19.0,"turns":3.0},{"damage":15.0,"enemies":"Snake Plant","floor":20.0,"turns":2.0},{"damage":0.0,"enemies":"Sentry and Sphere","floor":22.0,"turns":6.0},{"damage":48.0,"enemies":"Gremlin Leader","floor":23.0,"turns":7.0},{"damage":0.0,"enemies":"Snecko","floor":25.0,"turns":3.0},{"damage":0,"enemies":"Book of Stabbing","floor":28,"turns":7},{"damage":10,"enemies":"Centurion and Healer","floor":31,"turns":7},{"damage":8,"enemies":"Champ","floor":33,"turns":27},{"damage":7,"enemies":"Orb Walker","floor":35,"turns":3},{"damage":31,"enemies":"3 Darklings","floor":36,"turns":6},{"damage":0,"enemies":"Sphere and 2 Shapes","floor":39,"turns":6},{"damage":40,"enemies":"Giant Head","floor":40,"turns":9},{"damage":16,"enemies":"Nemesis","floor":42,"turns":11},{"damage":4,"enemies":"Reptomancer","floor":44,"turns":10},{"damage":0,"enemies":"Maw","floor":45,"turns":8},{"damage":12,"enemies":"Nemesis","floor":47,"turns":9},{"damage":4,"enemies":"Spire Growth","floor":48,"turns":11},{"damage":2,"enemies":"Awakened One","floor":50,"turns":43},{"damage":47,"enemies":"Shield and Spear","floor":54,"turns":12},{"damage":31,"enemies":"The Heart","floor":55,"turns":9}],"seed_played":"-2812991985388737276","potions_obtained":[{"floor":2.0,"key":"PotionOfCapacity"},{"floor":5.0,"key":"Block Potion"},{"floor":16.0,"key":"FearPotion"},{"floor":19.0,"key":"Regen Potion"},{"floor":23.0,"key":"FairyPotion"},{"floor":28,"key":"PowerPotion"},{"floor":31,"key":"Energy Potion"},{"floor":36,"key":"FocusPotion"},{"floor":47,"key":"LiquidBronze"}],"is_trial":false,"path_per_floor":["M","M","$","M","M","R","E","R","T","?","M","M","R","M","R","B",null,"M","M","M","?","M","E","$","M","T","?","E","?","R","M","R","B",null,"M","M","?","?","M","E","R","E","T","E","M","R","E","M","R","B",null,"R","$","E","B",null],"character_chosen":"DEFECT","items_purchased":["Doom and Gloom","Sunder","Core Surge","Lee\u0027s Waffle","Core Surge","Dark Shackles"],"campfire_rested":3,"item_purchase_floors":[3,3,24,53,53,53],"current_hp_per_floor":[62,61,61,55,47,47,30,30,30,30,30,23,59,52,52,27,60,56,54,39,39,39,6,6,6,6,6,13,13,49,46,46,45,65,65,41,41,41,48,15,51,42,42,45,52,52,47,50,50,62,69,69,78,31,30],"gold":42,"neow_bonus":"BOSS_RELIC","is_daily":false,"chose_seed":false,"campfire_upgraded":6,"win_rate":0.0,"timestamp":1610739703,"path_taken":["M","M","$","M","M","R","E","R","T","?","M","?","R","M","R","BOSS","M","M","?","?","?","E","$","M","T","?","E","?","R","M","R","BOSS","M","M","?","?","M","E","R","E","T","E","M","R","E","M","R","BOSS","R","$","E","BOSS"],"items_purchased_type":["Card","Card","Card","Relic","Card","Card"],"build_version":"2020-12-22","purchased_purges":2,"victory":true,"max_hp_per_floor":[71,71,71,71,71,71,71,71,71,71,71,71,71,71,71,71,71,71,71,71,71,71,71,71,71,71,71,71,71,71,71,71,71,71,71,71,71,71,71,71,71,71,71,71,71,71,71,71,71,71,71,71,78,78,78],"relic_stats":{"Peace Pipe":0,"Regal Pillow":45,"Lee\u0027s Waffle":9,"counters":[30,241],"CeramicFish":72,"Snecko Eye":[397,417,380,366],"Pen Nib":[24],"Art of War":[2],"obtain_stats":[{"Potion Belt":28,"Regal Pillow":9,"Lee\u0027s Waffle":53,"CeramicFish":26,"Velvet Choker":0,"Pen Nib":7,"White Beast Statue":23,"Nuclear Battery":34,"Peace Pipe":40,"Du-Vu Doll":44,"HornCleat":42,"Snecko Eye":17,"Art of War":54,"Cracked Core":0,"InkBottle":47},{"Potion Belt":16,"Regal Pillow":5,"Lee\u0027s Waffle":28,"CeramicFish":15,"Velvet Choker":0,"Pen Nib":5,"White Beast Statue":14,"Nuclear Battery":18,"Peace Pipe":22,"Du-Vu Doll":24,"HornCleat":23,"Snecko Eye":9,"Art of War":29,"Cracked Core":0,"InkBottle":26},{"Potion Belt":71,"Regal Pillow":18,"Lee\u0027s Waffle":220,"CeramicFish":64,"Velvet Choker":0,"Pen Nib":18,"White Beast Statue":61,"Nuclear Battery":105,"Peace Pipe":129,"Du-Vu Doll":149,"HornCleat":140,"Snecko Eye":40,"Art of War":232,"Cracked Core":0,"InkBottle":166}],"InkBottle":[22]},"card_choices":[{"not_picked":["Stack","Gash"],"picked":"Rebound","floor":1.0},{"not_picked":["Rebound","Beam Cell"],"picked":"Coolheaded","floor":2.0},{"not_picked":["Coolheaded","Double Energy"],"picked":"Hologram","floor":4.0},{"not_picked":["Conserve Battery","Force Field"],"picked":"Creative AI","floor":5.0},{"not_picked":["Double Energy","Reprogram","Chaos"],"picked":"SKIP","floor":7.0},{"not_picked":["Stack","Rebound"],"picked":"Cold Snap","floor":11.0},{"not_picked":["Gash","Rebound"],"picked":"Sweeping Beam","floor":12.0},{"not_picked":["Beam Cell","Stack"],"picked":"Compile Driver","floor":14.0},{"not_picked":["Seek","Echo Form"],"picked":"Biased Cognition","floor":16.0},{"not_picked":["Compile Driver","Ball Lightning"],"picked":"Loop","floor":18.0},{"not_picked":["Beam Cell","Streamline"],"picked":"Glacier","floor":19.0},{"not_picked":["Gash","Sweeping Beam"],"picked":"Leap+1","floor":20.0},{"not_picked":["Scrape","Leap","Darkness"],"picked":"SKIP","floor":22.0},{"not_picked":["Hologram","Steam"],"picked":"Skim","floor":23.0},{"not_picked":["Redo+1","White Noise+1"],"picked":"Force Field+1","floor":25.0},{"not_picked":["Leap","Darkness","Tempest"],"picked":"SKIP","floor":28},{"not_picked":["Gash","Hologram","Cold Snap"],"picked":"SKIP","floor":31},{"not_picked":["Amplify","Reboot"],"picked":"Multi-Cast","floor":33},{"not_picked":["Turbo","Cold Snap"],"picked":"Recycle+1","floor":35},{"not_picked":["Coolheaded","Stack","Recycle+1"],"picked":"SKIP","floor":36},{"not_picked":["Leap","Lockon","Conserve Battery"],"picked":"SKIP","floor":39},{"not_picked":["Genetic Algorithm","Streamline+1","Conserve Battery"],"picked":"SKIP","floor":40},{"not_picked":["Ball Lightning+1","Loop","Turbo"],"picked":"SKIP","floor":42},{"not_picked":["Hologram","Streamline"],"picked":"Reinforced Body","floor":44},{"not_picked":["Hologram","Scrape"],"picked":"Glacier","floor":45},{"not_picked":["Rebound","Conserve Battery"],"picked":"Amplify","floor":47},{"not_picked":["Barrage+1","Rebound+1","Beam Cell"],"picked":"SKIP","floor":48},{"not_picked":["FTL+1","Steam Power+1","Sweeping Beam"],"picked":"SKIP","floor":54}],"player_experience":478867,"relics_obtained":[{"floor":7.0,"key":"Pen Nib"},{"floor":9.0,"key":"Regal Pillow"},{"floor":23.0,"key":"White Beast Statue"},{"floor":26.0,"key":"CeramicFish"},{"floor":28,"key":"Potion Belt"},{"floor":40,"key":"Peace Pipe"},{"floor":42,"key":"HornCleat"},{"floor":44,"key":"Du-Vu Doll"},{"floor":47,"key":"InkBottle"},{"floor":54,"key":"Art of War"}],"event_choices":[{"cards_removed":["Strike_B"],"damage_healed":0.0,"max_hp_gain":0.0,"max_hp_loss":0.0,"gold_gain":0.0,"event_name":"Bonfire Elementals","player_choice":"Offered Basic","floor":10.0,"gold_loss":0.0,"damage_taken":0.0},{"damage_healed":0.0,"max_hp_gain":0.0,"max_hp_loss":0.0,"gold_gain":0.0,"event_name":"The Woman in Blue","player_choice":"Bought 1 Potion","floor":21.0,"gold_loss":0.0,"damage_taken":0.0},{"damage_healed":0.0,"max_hp_gain":0.0,"max_hp_loss":0.0,"gold_gain":0.0,"event_name":"The Library","player_choice":"Read","floor":27.0,"gold_loss":0.0,"damage_taken":0.0,"cards_obtained":["Self Repair"]},{"damage_healed":0,"gold_gain":0,"player_choice":"Simplicity","damage_taken":0,"max_hp_gain":0,"max_hp_loss":0,"event_name":"Back to Basics","floor":29,"gold_loss":0,"cards_upgraded":["Strike_B","Strike_B","Defend_B","Defend_B","Defend_B","Defend_B"]},{"damage_healed":0,"gold_gain":0,"player_choice":"Memory 1","damage_taken":0,"max_hp_gain":0,"max_hp_loss":0,"event_name":"SensoryStone","floor":37,"gold_loss":0},{"cards_removed":["Defend_B"],"damage_healed":0,"gold_gain":0,"player_choice":"Removed Skill","damage_taken":0,"max_hp_gain":0,"max_hp_loss":0,"event_name":"Falling","floor":38,"gold_loss":0}],"is_beta":false,"boss_relics":[{"not_picked":["Empty Cage","Busted Crown"],"picked":"Snecko Eye"},{"not_picked":["Philosopher\u0027s Stone","Cursed Key"],"picked":"Nuclear Battery"}],"items_purged_floors":[24,53],"is_endless":false,"potions_floor_spawned":[2,5,11,16,19,23,25,28,31,33,35,36,39,40,42,44,45,47,48,54],"ascension_level":18}}