{"host":"65jin1tlag1hqw3w","time":1610688449,"event":{"mods":["BaseMod","Colored Map","Downfall","Hermit","Minty Spire (QoL Compilation)","StSLib","The Cursed"],"gold_per_floor":[116,134,153,24,24,55,55,67,67,67,167,198,216,216,216,319,319,331,344,363,288,104,130,140,160,160,160,178,191,11,28,28,132,132,152,0,11,11,11,11,11,45,45,45,45,77,94,94,94,94,94,94,42,76,76],"floor_reached":56,"language":"ENG","playtime":3570,"items_purged":["Strike_G","Strike_G"],"score":1312,"play_id":"dbe84fb7-21cf-4abc-a025-4f9f0f3c6e2b","local_time":"20210114232729","is_ascension_mode":false,"campfire_choices":[{"data":"Glass Knife","floor":7,"key":"SMITH"},{"floor":15,"key":"REST"},{"data":"After Image","floor":32,"key":"SMITH"},{"floor":40,"key":"RECALL"},{"data":"Accuracy","floor":44,"key":"SMITH"},{"data":"Caltrops","floor":49,"key":"SMITH"},{"data":"Cloak And Dagger","floor":52,"key":"SMITH"}],"circlet_count":0,"master_deck":["Strike_G","Defend_G","Defend_G","Defend_G","Defend_G","Defend_G","Survivor","Neutralize","Glass Knife+1","Dash+1","Cloak And Dagger+1","Dagger Spray+1","Slice","Infinite Blades+1","Masterful Stab","Wraith Form v2","Terror","After Image+1","Calculated Gamble+1","Cloak And Dagger+1","Leg Sweep+1","Blur+1","Caltrops+1","Adrenaline+1","Masterful Stab","Caltrops","Apotheosis+1","Acrobatics+1","Night Terror+1","Blade Dance+1","Accuracy+1","expansioncontent:StudyTheSpire","Envenom"],"relics":["Ring of the Snake","Oddly Smooth Stone","Nunchaku","Mummified Hand","Toxic Egg 2","Black Star","Vajra","MealTicket","Snake Skull","WristBlade","Red Mask","Incense Burner","TungstenRod","Bag of Marbles","Whetstone","Mercury Hourglass","Question Card","Pear","Art of War"],"acts_visited":["Exordium","TheCity","TheBeyond","TheEnding"],"potions_floor_usage":[6,16,23,23,31,33,50,50,50,55],"damage_taken":[{"damage":0,"enemies":"2 Louse","floor":1,"turns":2},{"damage":0,"enemies":"Small Slimes","floor":2,"turns":2},{"damage":1,"enemies":"Cultist","floor":3,"turns":3},{"damage":26,"enemies":"Gremlin Nob","floor":6,"turns":6},{"damage":7,"enemies":"Exordium Wildlife","floor":8,"turns":3},{"damage":6,"enemies":"3 Sentries","floor":12,"turns":6},{"damage":1,"enemies":"Gremlin Gang","floor":13,"turns":4},{"damage":28,"enemies":"The Guardian","floor":16,"turns":11},{"damage":1,"enemies":"Shell Parasite","floor":18,"turns":5},{"damage":9,"enemies":"3 Byrds","floor":19,"turns":5},{"damage":3,"enemies":"Snecko","floor":20,"turns":4},{"damage":0,"enemies":"Gremlin Leader","floor":23,"turns":6},{"damage":0,"enemies":"Shelled Parasite and Fungi","floor":24,"turns":6},{"damage":3,"enemies":"Sentry and Sphere","floor":25,"turns":6},{"damage":0,"enemies":"Cultist and Chosen","floor":28,"turns":5},{"damage":0,"enemies":"3 Cultists","floor":29,"turns":5},{"damage":0,"enemies":"Centurion and Healer","floor":31,"turns":3},{"damage":19,"enemies":"Automaton","floor":33,"turns":11},{"damage":0,"enemies":"3 Darklings","floor":35,"turns":5},{"damage":0,"enemies":"Orb Walker","floor":37,"turns":2},{"damage":0,"enemies":"Giant Head","floor":42,"turns":5},{"damage":0,"enemies":"Reptomancer","floor":46,"turns":4},{"damage":0,"enemies":"Maw","floor":47,"turns":5},{"damage":28,"enemies":"Time Eater","floor":50,"turns":8},{"damage":0,"enemies":"Shield and Spear","floor":54,"turns":5},{"damage":35,"enemies":"The Heart","floor":55,"turns":8}],"seed_played":"5453997820657714077","potions_obtained":[{"floor":2,"key":"Block Potion"},{"floor":6,"key":"Guardian:BlockOnCardUsePotion"},{"floor":13,"key":"hexamod:EctoCoolerPotion"},{"floor":20,"key":"SteroidPotion"},{"floor":24,"key":"sneckomod:MuddlingPotion"},{"floor":25,"key":"champ:CounterPotion"},{"floor":28,"key":"AttackPotion"},{"floor":31,"key":"CunningPotion"},{"floor":35,"key":"AttackPotion"}],"is_trial":false,"path_per_floor":["M","M","M","$","?","E","R","M","T","?","?","E","M","T","R","B",null,"M","M","M","?","$","E","M","M","T","?","M","M","$","M","R","B",null,"M","?","M","?","?","R","T","E","T","R","?","E","M","$","R","B",null,"R","$","E","B",null],"character_chosen":"THE_SILENT","items_purchased":["Slice","Blur+1","PowerPotion","Apotheosis+1","Energy Potion"],"campfire_rested":1,"item_purchase_floors":[4,22,22,30,53],"current_hp_per_floor":[70,70,69,69,74,48,48,41,41,34,34,28,27,27,49,21,75,74,65,62,62,62,62,62,59,59,59,59,59,74,74,74,55,75,75,75,75,75,71,71,71,71,71,71,71,71,71,71,71,43,71,71,71,81,46],"gold":76,"neow_bonus":"ONE_RANDOM_RARE_CARD","is_daily":false,"chose_seed":false,"campfire_upgraded":5,"win_rate":0.0,"timestamp":1610688449,"path_taken":["M","M","M","$","?","E","R","M","T","?","?","E","?","?","R","BOSS","M","?","M","?","?","E","?","M","T","?","M","M","$","M","R","BOSS","M","?","M","?","?","R","?","E","T","R","?","E","?","?","R","BOSS","R","$","E","BOSS"],"items_purchased_type":["Card","Card","Potion","Card","Potion"],"build_version":"2020-12-22","purchased_purges":2,"victory":true,"max_hp_per_floor":[70,70,70,70,75,75,75,75,75,75,75,75,75,75,75,75,75,75,75,75,75,75,75,75,75,75,75,75,75,75,75,75,75,75,75,75,75,75,71,71,71,71,71,71,71,71,71,71,71,71,71,71,71,81,81],"card_choices":[{"not_picked":["Quick Slash","Flying Knee"],"picked":"Dash","floor":1},{"not_picked":["Underhanded Strike","Prepared"],"picked":"Cloak And Dagger","floor":2},{"not_picked":["Bane","Calculated Gamble"],"picked":"Dagger Spray","floor":3},{"not_picked":["Outmaneuver","Dodge and Roll"],"picked":"Infinite Blades","floor":6},{"not_picked":["Crippling Poison","Predator"],"picked":"Masterful Stab","floor":8},{"not_picked":["Blade Dance","Bouncing Flask"],"picked":"Wraith Form v2","floor":12},{"not_picked":["Calculated Gamble","Quick Slash"],"picked":"Terror","floor":13},{"not_picked":["Corpse Explosion+1","Envenom"],"picked":"After Image","floor":16},{"not_picked":["Predator","Escape Plan+1"],"picked":"Calculated Gamble+1","floor":18},{"not_picked":["Poisoned Stab","Riddle With Holes+1"],"picked":"Cloak And Dagger+1","floor":19},{"not_picked":["Poisoned Stab","Underhanded Strike"],"picked":"Leg Sweep+1","floor":20},{"not_picked":["Acrobatics+1","Calculated Gamble+1"],"picked":"Caltrops","floor":23},{"not_picked":["Cloak And Dagger+1","Escape Plan+1"],"picked":"Adrenaline+1","floor":24},{"not_picked":["Terror+1","Slice+1"],"picked":"Masterful Stab","floor":25},{"not_picked":["Dagger Spray+1","Expertise+1","Dagger Throw"],"picked":"SKIP","floor":28},{"not_picked":["Dagger Spray+1","Expertise+1","Dagger Throw"],"picked":"SKIP","floor":28},{"not_picked":["All Out Attack","Reflex+1"],"picked":"Caltrops","floor":29},{"not_picked":["Setup+1","A Thousand Cuts"],"picked":"Acrobatics+1","floor":31},{"not_picked":["Glass Knife","Die Die Die"],"picked":"Night Terror+1","floor":33},{"not_picked":["Slice+1","Prepared+1"],"picked":"Blade Dance+1","floor":35},{"not_picked":["Heel Hook+1","Skewer"],"picked":"Accuracy","floor":37},{"not_picked":["Madness+1","expansioncontent:DashGenerateEvil"],"picked":"expansioncontent:StudyTheSpire","floor":38},{"not_picked":["Skewer","Outmaneuver+1","Catalyst+1"],"picked":"SKIP","floor":42},{"not_picked":["Sucker Punch+1","Underhanded Strike+1","Masterful Stab"],"picked":"SKIP","floor":46},{"not_picked":["Underhanded Strike+1","Poisoned Stab","Distraction+1","PiercingWail+1"],"picked":"SKIP","floor":47},{"not_picked":["Dagger Throw+1","Dodge and Roll+1","Setup+1"],"picked":"Envenom","floor":54}],"player_experience":327909,"relics_obtained":[{"floor":6,"key":"Oddly Smooth Stone"},{"floor":9,"key":"Nunchaku"},{"floor":12,"key":"Mummified Hand"},{"floor":14,"key":"Toxic Egg 2"},{"floor":23,"key":"Vajra"},{"floor":23,"key":"MealTicket"},{"floor":41,"key":"Incense Burner"},{"floor":42,"key":"TungstenRod"},{"floor":42,"key":"Bag of Marbles"},{"floor":43,"key":"Whetstone"},{"floor":46,"key":"Mercury Hourglass"},{"floor":46,"key":"Question Card"},{"floor":54,"key":"Pear"},{"floor":54,"key":"Art of War"}],"event_choices":[{"damage_healed":0,"gold_gain":0,"player_choice":"Donut","damage_taken":0,"max_hp_gain":5,"max_hp_loss":0,"event_name":"Big Fish","floor":5,"gold_loss":0},{"cards_removed":["Strike_G"],"damage_healed":0,"gold_gain":0,"player_choice":"Card Removal","damage_taken":7,"max_hp_gain":0,"max_hp_loss":0,"event_name":"Golden Wing","floor":10,"gold_loss":0},{"damage_healed":0,"gold_gain":100,"player_choice":"Pray","damage_taken":0,"max_hp_gain":0,"max_hp_loss":0,"event_name":"Golden Shrine","floor":11,"gold_loss":0},{"cards_removed":["Strike_G"],"damage_healed":0,"gold_gain":0,"player_choice":"Gave Gold","damage_taken":0,"max_hp_gain":0,"max_hp_loss":0,"event_name":"Beggar","floor":21,"gold_loss":75},{"damage_healed":0,"gold_gain":0,"player_choice":"Opened","damage_taken":0,"relics_obtained":["Snake Skull"],"max_hp_gain":0,"max_hp_loss":0,"event_name":"The Mausoleum","floor":27,"gold_loss":0},{"damage_healed":0,"gold_gain":0,"player_choice":"Paid","damage_taken":0,"relics_obtained":["Red Mask"],"max_hp_gain":0,"max_hp_loss":0,"event_name":"Tomb of Lord Red Mask","floor":36,"gold_loss":152},{"damage_healed":0,"gold_gain":0,"player_choice":"Memory 1","damage_taken":0,"max_hp_gain":0,"max_hp_loss":0,"event_name":"SensoryStone","floor":38,"gold_loss":0},{"damage_healed":0,"gold_gain":0,"player_choice":"Max HP","damage_taken":0,"max_hp_gain":0,"max_hp_loss":4,"event_name":"Winding Halls","floor":39,"gold_loss":0},{"damage_healed":0,"gold_gain":0,"player_choice":"Forge","damage_taken":0,"max_hp_gain":0,"max_hp_loss":0,"event_name":"Accursed Blacksmith","floor":45,"gold_loss":0,"cards_upgraded":["Infinite Blades"]}],"is_beta":false,"boss_relics":[{"not_picked":["Philosopher\u0027s Stone","Runic Pyramid"],"picked":"Black Star"},{"not_picked":["Coffee Dripper","Calling Bell"],"picked":"WristBlade"}],"items_purged_floors":[4,22],"is_endless":false,"potions_floor_spawned":[2,6,13,20,24,25,28,31,35,46,47],"ascension_level":0}}