{"host":"kda2p2afd6bvz6qo","time":1610751377,"event":{"mods":["BaseMod","Colored Map","Minty Spire (QoL Compilation)","Relic Stats"],"gold_per_floor":[112,126,126,137,212,212,212,212],"floor_reached":7,"language":"ENG","playtime":287,"items_purged":[],"score":80,"play_id":"db87da9d-d251-4a04-9d9f-d7d36409a6c3","local_time":"20210115225617","is_ascension_mode":true,"campfire_choices":[{"floor":6,"key":"REST"}],"circlet_count":0,"master_deck":["AscendersBane","Strike_G","Strike_G","Strike_G","Strike_G","Strike_G","Defend_G","Defend_G","Defend_G","Defend_G","Defend_G","Survivor","Neutralize","Bouncing Flask","Quick Slash","Underhanded Strike"],"relics":["SacredBark","Tingsha"],"acts_visited":["Exordium"],"potions_floor_usage":[7],"damage_taken":[{"damage":5,"enemies":"2 Louse","floor":1,"turns":4},{"damage":15,"enemies":"Small Slimes","floor":2,"turns":5},{"damage":1,"enemies":"Cultist","floor":4,"turns":4},{"damage":60,"enemies":"Gremlin Nob","floor":7,"turns":4}],"seed_played":"-565412928173652611","potions_obtained":[{"floor":1,"key":"SkillPotion"}],"is_trial":false,"path_per_floor":["M","M","?","M","?","R","E"],"character_chosen":"THE_SILENT","items_purchased":[],"campfire_rested":1,"item_purchase_floors":[],"current_hp_per_floor":[54,39,21,20,9,28,0,0],"gold":212,"neow_bonus":"BOSS_RELIC","is_daily":false,"chose_seed":false,"campfire_upgraded":0,"win_rate":0.0,"timestamp":1610751377,"path_taken":["M","M","?","M","?","R","E"],"items_purchased_type":[],"build_version":"2020-12-22","purchased_purges":0,"victory":false,"max_hp_per_floor":[66,66,66,66,66,66,66,66],"relic_stats":{"counters":[4,17],"Tingsha":[9],"obtain_stats":[{"SacredBark":0,"Tingsha":3,"Ring of the Snake":0},{"SacredBark":0,"Tingsha":2,"Ring of the Snake":0},{"SacredBark":0,"Tingsha":9,"Ring of the Snake":0}]},"card_choices":[{"not_picked":["Well Laid Plans","Masterful Stab"],"picked":"Bouncing Flask","floor":1},{"not_picked":["Prepared","Deflect"],"picked":"Quick Slash","floor":2},{"not_picked":["Deadly Poison","Flying Knee"],"picked":"Underhanded Strike","floor":4}],"player_experience":126086,"relics_obtained":[],"event_choices":[{"damage_healed":0,"gold_gain":0,"player_choice":"Success","damage_taken":18,"relics_obtained":["Tingsha"],"max_hp_gain":0,"max_hp_loss":0,"event_name":"Scrap Ooze","floor":3,"gold_loss":0},{"damage_healed":0,"gold_gain":75,"player_choice":"Gather Gold","damage_taken":11,"max_hp_gain":0,"max_hp_loss":0,"event_name":"World of Goop","floor":5,"gold_loss":0}],"is_beta":false,"boss_relics":[],"items_purged_floors":[],"is_endless":false,"potions_floor_spawned":[1],"killed_by":"Gremlin Nob","ascension_level":19}}