{"host":"nxmai6bb3m0amvdf","time":1610740069,"event":{"mods":["Aspiration","BaseMod","Conspire","Energized Spire","Friendly Minions","GifTheSpireLib","Halation","Hubris","Infinite Spire","Ironclad Rager","Jedi Mod","Marked Mod","Mimic Mod","Minty Spire (QoL Compilation)","Replay The Spire","RumiaBox-????????","Spikes Relics","StSLib","Stuff the Spire","Trackpad","vexMod"],"gold_per_floor":[113,129,140,150,150,185,185,325,380,380,391,323,342,446,446,446,446],"floor_reached":16,"language":"ENG","playtime":1358,"items_purged":[],"score":238,"play_id":"90823c9b-2338-4a52-8b45-1aecf8d5a0bd","local_time":"20210115204749","is_ascension_mode":true,"campfire_choices":[{"floor":7,"key":"REST"},{"floor":10,"key":"REST"},{"floor":15,"key":"RECALL"}],"circlet_count":0,"master_deck":["AscendersBane","Strike_R","Strike_R","Strike_R","Strike_R","Strike_R","Defend_R","Defend_R","Defend_R","Defend_R","Bash","Run Through","Cleave","Shrug It Off","Run Through","Pommel Strike","Feed","Flex+1","Clothesline","Pummel"],"relics":["PureWater","infinitespire:Cubic Diamond","StuffTheSpire:TintedRock","Eternal Feather","StuffTheSpire:Barrel","Replay:Bottled Eggs"],"acts_visited":["Exordium"],"potions_floor_usage":[6,8,8],"damage_taken":[{"damage":3,"enemies":"2 Louse","floor":1,"turns":4},{"damage":4,"enemies":"Small Slimes","floor":2,"turns":3},{"damage":10,"enemies":"infinitespire:Voidling","floor":3,"turns":3},{"damage":24,"enemies":"Red Slaver","floor":4,"turns":6},{"damage":43,"enemies":"Lagavulin","floor":6,"turns":8},{"damage":19,"enemies":"3 Sentries","floor":8,"turns":7},{"damage":4,"enemies":"3 Louse","floor":11,"turns":2},{"damage":0,"enemies":"Lots of Slimes","floor":13,"turns":2},{"damage":17,"enemies":"Replay:BlueRogue","floor":14,"turns":7},{"damage":54,"enemies":"Hexaghost","floor":16,"turns":9}],"seed_played":"6193179353701659983","potions_obtained":[{"floor":1,"key":"HeartOfIron"},{"floor":2,"key":"Dexterity Potion"},{"floor":6,"key":"Adrenaline Potion"}],"is_trial":false,"path_per_floor":["M","M","M","M","?","E","R","E","T","R","M","?","M","E","R","B"],"character_chosen":"IRONCLAD","items_purchased":[],"campfire_rested":2,"item_purchase_floors":[],"current_hp_per_floor":[78,80,81,63,63,20,44,25,25,58,54,54,57,40,52,0,0],"gold":446,"neow_bonus":"TEN_PERCENT_HP_BONUS","is_daily":false,"chose_seed":false,"campfire_upgraded":0,"win_rate":0.0,"timestamp":1610740069,"path_taken":["M","M","M","M","?","E","R","E","T","R","M","?","?","E","R","BOSS"],"items_purchased_type":[],"build_version":"2020-12-22","purchased_purges":0,"victory":false,"max_hp_per_floor":[82,82,82,82,82,82,82,82,82,82,82,82,85,85,85,85,85],"card_choices":[{"not_picked":["StuffTheSpire:RockThrow","Warcry"],"picked":"Run Through","floor":1},{"not_picked":["Heavy Blade","Twin Strike"],"picked":"Cleave","floor":2},{"not_picked":["Body Slam","ReplayTheSpireMod:Stacked"],"picked":"Shrug It Off","floor":3},{"not_picked":["ReplayTheSpireMod:Strike From Hell","StuffTheSpire:Slingshot"],"picked":"Run Through","floor":4},{"not_picked":["hubris:CleavingFinish","Defy Death"],"picked":"Pommel Strike","floor":6},{"not_picked":["Hemokinesis","Disarm"],"picked":"Feed","floor":8},{"not_picked":["jedi:suffering","Heavy Blade"],"picked":"Flex","floor":11},{"not_picked":["Perfected Strike","Spot Weakness"],"picked":"Clothesline","floor":13},{"not_picked":["Reckless Charge","Anger"],"picked":"Pummel","floor":14}],"player_experience":1099489,"relics_obtained":[{"floor":6,"key":"StuffTheSpire:TintedRock"},{"floor":8,"key":"Eternal Feather"},{"floor":14,"key":"Replay:Bottled Eggs"}],"event_choices":[{"damage_healed":0,"gold_gain":0,"player_choice":"Paid Gold","damage_taken":0,"relics_obtained":["StuffTheSpire:Barrel"],"max_hp_gain":0,"max_hp_loss":0,"event_name":"WeMeetAgain","floor":12,"gold_loss":68}],"is_beta":false,"boss_relics":[],"items_purged_floors":[],"is_endless":false,"potions_floor_spawned":[1,2,4,6],"killed_by":"Hexaghost","ascension_level":19}}