{"host":"ygfasg9u7olr7skw","time":1610736148,"event":{"mods":["AchievementEnabler","BaseMod","Better Note","Better Vampires","Colored Powertips","Minty Spire (QoL Compilation)","Replay The Spire","Spicy Shops","StSLib","The IronCluck"],"gold_per_floor":[109,129,146,28,28,28,41,54,77,90,15,30,30,42,42,145,145,157,171,171,17,17,17,17,17],"floor_reached":24,"language":"ENG","playtime":1131,"items_purged":["Strike_B","Dualcast+1"],"score":228,"play_id":"6fa6a2e3-4d24-455a-a0f2-92c3b1b369a3","local_time":"20210115134228","is_ascension_mode":true,"campfire_choices":[{"data":"Zap","floor":6,"key":"SMITH"},{"data":"Dualcast","floor":13,"key":"SMITH"},{"data":"Steam","floor":15,"key":"SMITH"},{"floor":23,"key":"REST"}],"circlet_count":0,"master_deck":["Defend_B","Defend_B","Defend_B","Defend_B","Zap+1","Steam+1","Gash","ReplayGash","Gash","Rebound","Self Repair","Steam","Beam Cell+1","Skim+1","Writhe"],"relics":["Cracked Core","DataDisk","Empty Cage","Regal Pillow"],"acts_visited":["Exordium","TheCity"],"potions_floor_usage":[16,16,19],"damage_taken":[{"damage":1,"enemies":"Cultist","floor":1,"turns":3},{"damage":0,"enemies":"Small Slimes","floor":2,"turns":3},{"damage":2,"enemies":"Jaw Worm","floor":3,"turns":4},{"damage":1,"enemies":"Looter","floor":7,"turns":2},{"damage":4,"enemies":"Red Slaver","floor":8,"turns":3},{"damage":6,"enemies":"Lots of Slimes","floor":10,"turns":3},{"damage":1,"enemies":"2 Fungi Beasts","floor":12,"turns":2},{"damage":6,"enemies":"Looter","floor":14,"turns":3},{"damage":13,"enemies":"Hexaghost","floor":16,"turns":7},{"damage":17,"enemies":"Spheric Guardian","floor":18,"turns":5},{"damage":26,"enemies":"Shell Parasite","floor":19,"turns":5},{"damage":91,"enemies":"Slavers","floor":24,"turns":5}],"seed_played":"-4633210082195058489","potions_obtained":[{"floor":3,"key":"AttackPotion"},{"floor":7,"key":"Energy Potion"},{"floor":10,"key":"AttackPotion"},{"floor":18,"key":"Adrenaline Potion"}],"is_trial":false,"path_per_floor":["M","M","M","$","?","R","M","M","T","M","$","M","R","M","R","B",null,"M","M","?","$","?","R","E"],"character_chosen":"DEFECT","items_purchased":["ReplayGash","Skim+1"],"campfire_rested":1,"item_purchase_floors":[4,21],"current_hp_per_floor":[81,81,79,79,79,79,78,74,74,68,68,67,67,68,68,62,82,72,53,53,53,53,82,0,0],"gold":17,"neow_bonus":"TEN_PERCENT_HP_BONUS","is_daily":false,"chose_seed":false,"campfire_upgraded":3,"win_rate":0.0,"timestamp":1610736148,"path_taken":["M","?","M","$","?","R","M","M","T","M","?","M","R","M","R","BOSS","M","M","?","$","?","R","E"],"items_purchased_type":["Card","Card"],"build_version":"2020-12-22","purchased_purges":2,"victory":false,"max_hp_per_floor":[82,82,82,82,82,82,82,82,82,82,82,82,82,82,82,82,82,82,82,82,82,82,82,82,82],"card_choices":[{"not_picked":["Hologram","Sweeping Beam"],"picked":"Steam","floor":1},{"not_picked":["Tempest","Compile Driver","ReplaySort"],"picked":"SKIP","floor":2},{"not_picked":["Turbo","Coolheaded"],"picked":"Gash","floor":3},{"not_picked":["Turbo","Panic Button"],"picked":"Gash","floor":7},{"not_picked":["ReplaySort","BasicCrystalCard"],"picked":"Rebound","floor":8},{"not_picked":["Hologram","ReplayTheSpireMod:Calculation Training","Cold Snap"],"picked":"SKIP","floor":10},{"not_picked":["ReplayGash","BasicCrystalCard"],"picked":"Self Repair","floor":12},{"not_picked":["ReplayTheSpireMod:Reroute Power","Reboot"],"picked":"Steam","floor":14},{"not_picked":["Storm","Panic Button","Sweeping Beam"],"picked":"SKIP","floor":18},{"not_picked":["Coolheaded","Time Bomb"],"picked":"Beam Cell+1","floor":19}],"player_experience":301023,"relics_obtained":[{"floor":9,"key":"DataDisk"}],"event_choices":[{"cards_removed":["Strike_B"],"damage_healed":0,"gold_gain":0,"player_choice":"Purged","damage_taken":0,"max_hp_gain":0,"max_hp_loss":0,"event_name":"Purifier","floor":5,"gold_loss":0},{"damage_healed":0,"gold_gain":0,"player_choice":"Opened","damage_taken":0,"relics_obtained":["Regal Pillow"],"max_hp_gain":0,"max_hp_loss":0,"event_name":"The Mausoleum","floor":22,"gold_loss":0,"cards_obtained":["Writhe"]}],"is_beta":false,"boss_relics":[{"not_picked":["ChewingGum","Cursed Key"],"picked":"Empty Cage"}],"items_purged_floors":[11,21],"is_endless":false,"potions_floor_spawned":[3,7,10,14,18],"killed_by":"Slavers","ascension_level":4}}