{"host":"ji1fk25fd1ga4ji1","time":1610714119,"event":{"mods":["2.2 Compatiblity","BaseMod","Colored Map","DeckTracker","Minty Spire (QoL Compilation)","Permanent Neow","Quick Restart","StSLib","SuperFastMode"],"gold_per_floor":[111,36,52,71,71,71,103,119,119,119,138,38,69,80,80,185,185,201,221,221,96,146,174,174,206,506,506,63,63,78,103,103,204,204,219,269,269,94,110,110,121,121,144,156,168,206,218,259,271,283,283],"floor_reached":50,"language":"KOR","playtime":3045,"items_purged":["Strike_R","Strike_R","Bash","Exhume","Heavy Blade"],"score":643,"play_id":"cbc323f0-cee2-4521-95cd-8fed126cccd1","local_time":"20210115213519","is_ascension_mode":true,"campfire_choices":[{"data":"Evolve","floor":6.0,"key":"SMITH"},{"data":"Thunderclap","floor":10.0,"key":"SMITH"},{"data":"Heavy Blade","floor":15.0,"key":"SMITH"},{"data":"Limit Break","floor":24.0,"key":"SMITH"},{"floor":27.0,"key":"REST"},{"floor":29.0,"key":"REST"},{"floor":32.0,"key":"REST"},{"floor":40.0,"key":"REST"},{"floor":42.0,"key":"REST"},{"floor":47.0,"key":"REST"},{"floor":49,"key":"REST"}],"circlet_count":0,"master_deck":["Demon Form+1","Thunderclap+1","Evolve+1","Sword Boomerang","Heavy Blade+1","Double Tap","Limit Break+1","Inflame","True Grit+1","Limit Break","Apotheosis+1","Shrug It Off+1"],"relics":["Burning Blood","Torii","Matryoshka","Pantograph","Pandora\u0027s Box","Bird Faced Urn","Darkstone Periapt","Old Coin","Potion Belt","Black Star","Peace Pipe","Gremlin Horn","MawBank","PreservedInsect","CeramicFish","Toxic Egg 2","StoneCalendar"],"acts_visited":["Exordium","TheCity","TheBeyond"],"potions_floor_usage":[48,50],"damage_taken":[{"damage":0.0,"enemies":"Small Slimes","floor":1.0,"turns":4.0},{"damage":5.0,"enemies":"Cultist","floor":3.0,"turns":4.0},{"damage":13.0,"enemies":"Jaw Worm","floor":4.0,"turns":6.0},{"damage":19.0,"enemies":"3 Sentries","floor":7.0,"turns":6.0},{"damage":15.0,"enemies":"Blue Slaver","floor":8.0,"turns":5.0},{"damage":11.0,"enemies":"Gremlin Gang","floor":11.0,"turns":5.0},{"damage":14.0,"enemies":"Lagavulin","floor":13.0,"turns":6.0},{"damage":17.0,"enemies":"Large Slime","floor":14.0,"turns":5.0},{"damage":24.0,"enemies":"The Guardian","floor":16.0,"turns":8.0},{"damage":10.0,"enemies":"Spheric Guardian","floor":18.0,"turns":3.0},{"damage":16.0,"enemies":"3 Byrds","floor":19.0,"turns":5.0},{"damage":35.0,"enemies":"Gremlin Leader","floor":23.0,"turns":4.0},{"damage":36.0,"enemies":"Slavers","floor":25.0,"turns":5.0},{"damage":21.0,"enemies":"3 Cultists","floor":30.0,"turns":4.0},{"damage":19.0,"enemies":"Gremlin Leader","floor":31.0,"turns":4.0},{"damage":28.0,"enemies":"Champ","floor":33.0,"turns":5.0},{"damage":45.0,"enemies":"3 Darklings","floor":35.0,"turns":5.0},{"damage":19.0,"enemies":"Mind Bloom Boss Battle","floor":36.0,"turns":5.0},{"damage":27.0,"enemies":"Orb Walker","floor":39.0,"turns":4.0},{"damage":52.0,"enemies":"Sphere and 2 Shapes","floor":41.0,"turns":4.0},{"damage":26.0,"enemies":"Giant Head","floor":46.0,"turns":4.0},{"damage":41,"enemies":"Nemesis","floor":48,"turns":3},{"damage":92,"enemies":"Time Eater","floor":50,"turns":5}],"seed_played":"-200344864040749151","potions_obtained":[{"floor":3.0,"key":"Block Potion"},{"floor":4.0,"key":"Regen Potion"},{"floor":7.0,"key":"SteroidPotion"},{"floor":8.0,"key":"SkillPotion"},{"floor":16.0,"key":"Regen Potion"},{"floor":23.0,"key":"LiquidMemories"},{"floor":30.0,"key":"Block Potion"},{"floor":33.0,"key":"Explosive Potion"},{"floor":35.0,"key":"SteroidPotion"},{"floor":41.0,"key":"Energy Potion"},{"floor":48,"key":"Swift Potion"}],"is_trial":false,"path_per_floor":["M","$","M","M","?","R","E","M","T","R","M","$","E","M","R","B",null,"M","M","?","$","?","E","R","E","T","R","$","R","M","E","R","B",null,"M","?","?","$","M","R","M","R","T","?","?","E","R","E","R","B"],"character_chosen":"IRONCLAD","items_purchased":["Limit Break","Apotheosis","Swift Potion"],"campfire_rested":7,"item_purchase_floors":[28,28,28],"current_hp_per_floor":[80,80,80,73,73,73,74,65,65,65,60,60,52,41,41,48,80,76,66,66,66,66,49,49,19,19,43,43,67,54,45,69,60,80,41,57,57,57,38,62,18,42,42,42,42,26,50,17,41,0,0],"gold":283,"neow_bonus":"TRANSFORM_CARD","is_daily":false,"chose_seed":false,"campfire_upgraded":4,"win_rate":0.0,"timestamp":1610714119,"path_taken":["M","$","M","M","?","R","E","M","T","R","?","$","E","M","R","BOSS","M","M","?","$","?","E","R","E","T","R","$","R","?","E","R","BOSS","M","?","?","$","M","R","?","R","T","?","?","E","R","E","R","BOSS"],"items_purchased_type":["Card","Card","Potion"],"build_version":"2020-12-22","purchased_purges":5,"victory":false,"max_hp_per_floor":[80,80,80,80,80,80,80,80,80,80,80,80,80,80,80,80,80,80,80,80,80,80,80,80,80,80,80,80,80,80,80,80,80,80,80,80,80,80,80,80,80,80,80,80,80,80,80,80,80,80,80],"card_choices":[{"not_picked":["Warcry","Armaments"],"picked":"Thunderclap","floor":1.0},{"not_picked":["Rupture","Power Through"],"picked":"Evolve","floor":3.0},{"not_picked":["Havoc","Clothesline","Fire Breathing"],"picked":"SKIP","floor":4.0},{"not_picked":["Headbutt","True Grit","Iron Wave"],"picked":"SKIP","floor":7.0},{"not_picked":["Armaments","Headbutt","Clothesline"],"picked":"SKIP","floor":8.0},{"not_picked":["Clothesline","Warcry"],"picked":"Sword Boomerang","floor":11.0},{"not_picked":["Combust","Seeing Red"],"picked":"Heavy Blade","floor":13.0},{"not_picked":["Iron Wave","Ghostly Armor","Twin Strike"],"picked":"SKIP","floor":14.0},{"not_picked":["Exhume","Bludgeon"],"picked":"Double Tap","floor":16.0},{"not_picked":["Sentinel","Clash","Anger"],"picked":"SKIP","floor":18.0},{"not_picked":["Pommel Strike","Thunderclap"],"picked":"True Grit+1","floor":19.0},{"not_picked":["Flex","Thunderclap+1","Carnage+1"],"picked":"SKIP","floor":23.0},{"not_picked":["Metallicize","Feel No Pain","Sword Boomerang"],"picked":"SKIP","floor":25.0},{"not_picked":["Pummel","Fiend Fire","Havoc"],"picked":"SKIP","floor":30.0},{"not_picked":["Power Through","Armaments","Flex"],"picked":"SKIP","floor":31.0},{"not_picked":["Twin Strike","Flame Barrier","Searing Blow+1"],"picked":"SKIP","floor":35.0},{"not_picked":["Cleave+1","Heavy Blade"],"picked":"Shrug It Off+1","floor":36.0},{"not_picked":["Searing Blow+1","Heavy Blade+1","Sentinel"],"picked":"SKIP","floor":39.0},{"not_picked":["Searing Blow+1","Havoc+1","Shockwave"],"picked":"SKIP","floor":41.0},{"not_picked":["Clothesline+1","Pommel Strike","Perfected Strike+1"],"picked":"SKIP","floor":46.0},{"not_picked":["Thunderclap","Sever Soul+1","Flame Barrier+1"],"picked":"SKIP","floor":48}],"player_experience":479355,"relics_obtained":[{"floor":7.0,"key":"Torii"},{"floor":9.0,"key":"Matryoshka"},{"floor":13.0,"key":"Pantograph"},{"floor":25.0,"key":"Bird Faced Urn"},{"floor":26.0,"key":"Darkstone Periapt"},{"floor":26.0,"key":"Old Coin"},{"floor":31.0,"key":"Potion Belt"},{"floor":36.0,"key":"Peace Pipe"},{"floor":43.0,"key":"Gremlin Horn"},{"floor":43.0,"key":"MawBank"},{"floor":46.0,"key":"PreservedInsect"},{"floor":46.0,"key":"CeramicFish"},{"floor":48,"key":"Toxic Egg 2"},{"floor":48,"key":"StoneCalendar"}],"event_choices":[{"damage_healed":0.0,"max_hp_gain":0.0,"max_hp_loss":0.0,"gold_gain":0.0,"event_name":"Accursed Blacksmith","player_choice":"Forge","floor":5.0,"gold_loss":0.0,"damage_taken":0.0,"cards_upgraded":["Demon Form"]},{"cards_removed":["Sever Soul"],"damage_healed":0.0,"max_hp_gain":0.0,"max_hp_loss":0.0,"gold_gain":0.0,"event_name":"Back to Basics","player_choice":"Elegance","floor":20.0,"gold_loss":0.0,"damage_taken":0.0},{"damage_healed":0.0,"max_hp_gain":0.0,"max_hp_loss":0.0,"gold_gain":100.0,"event_name":"The Joust","player_choice":"Bet on Murderer","floor":22.0,"gold_loss":50.0,"damage_taken":0.0},{"damage_healed":0.0,"max_hp_gain":0.0,"max_hp_loss":0.0,"gold_gain":0.0,"event_name":"MindBloom","player_choice":"Fight","floor":36.0,"gold_loss":0.0,"damage_taken":0.0},{"damage_healed":0.0,"max_hp_gain":0.0,"max_hp_loss":0.0,"gold_gain":0.0,"event_name":"Upgrade Shrine","player_choice":"Upgraded","floor":37.0,"gold_loss":0.0,"damage_taken":0.0,"cards_upgraded":["Apotheosis"]},{"damage_healed":0.0,"max_hp_gain":0.0,"max_hp_loss":0.0,"gold_gain":0.0,"event_name":"SensoryStone","player_choice":"Memory 1","floor":44.0,"gold_loss":0.0,"damage_taken":0.0},{"cards_removed":["Infernal Blade"],"damage_healed":0.0,"max_hp_gain":0.0,"max_hp_loss":0.0,"gold_gain":0.0,"event_name":"Falling","player_choice":"Removed Skill","floor":45.0,"gold_loss":0.0,"damage_taken":0.0}],"is_beta":false,"boss_relics":[{"not_picked":["Calling Bell","Ectoplasm"],"picked":"Pandora\u0027s Box"},{"not_picked":["Runic Cube","Snecko Eye"],"picked":"Black Star"}],"items_purged_floors":[2,12,21,28,38],"is_endless":false,"potions_floor_spawned":[3,4,7,8,16,23,30,33,35,41,48],"killed_by":"Time Eater","ascension_level":1}}