{"host":"9kesdg97wkrx2bva","time":1610670543,"event":{"mods":["AchievementEnabler","BaseMod","Colored Map","Downfall","GifTheSpireLib","Infinite Spire","Minty Spire (QoL Compilation)","Replay The Spire","StSLib"],"gold_per_floor":[109,127,11,11,26,26,60,60,85,85,100,119,119,19,19,19,19],"floor_reached":16,"language":"ENG","playtime":344,"items_purged":["Strike_B","Strike_B"],"score":180,"play_id":"739c10f6-f7af-4ea9-9f92-9a763c8154ea","local_time":"20210114192903","is_ascension_mode":true,"campfire_choices":[{"data":"Zap","floor":6,"key":"SMITH"},{"data":"Dualcast","floor":8,"key":"SMITH"},{"data":"Streamline","floor":10,"key":"SMITH"},{"data":"Streamline","floor":15,"key":"SMITH"}],"circlet_count":0,"master_deck":["AscendersBane","Strike_B","Strike_B","Defend_B","Defend_B","Defend_B","Defend_B","Zap+1","Dualcast+1","FTL","Sweeping Beam","Streamline+1","Streamline+1","Decay","Self Repair","Crystallizer","ReplayTheSpireMod:GoodbyeWorld","Crystallizer"],"relics":["Cracked Core","NeowsBlessing","Pet Ghost","Boot","Golden Idol"],"acts_visited":["Exordium"],"potions_floor_usage":[7,16],"damage_taken":[{"damage":0,"enemies":"Small Slimes","floor":1,"turns":1},{"damage":0,"enemies":"Cultist","floor":2,"turns":1},{"damage":0,"enemies":"2 Louse","floor":5,"turns":1},{"damage":30,"enemies":"Lagavulin","floor":7,"turns":7},{"damage":21,"enemies":"Lots of Slimes","floor":11,"turns":3},{"damage":5,"enemies":"Red Slaver","floor":12,"turns":3},{"damage":29,"enemies":"Slime Boss","floor":16,"turns":6}],"seed_played":"7751457378293905983","potions_obtained":[{"floor":5,"key":"FearPotion"},{"floor":11,"key":"Fire Potion"}],"is_trial":false,"path_per_floor":["M","M","$","?","M","R","E","R","T","R","M","M","?","$","R","B"],"character_chosen":"DEFECT","items_purchased":["Streamline"],"campfire_rested":0,"item_purchase_floors":[3],"current_hp_per_floor":[64,64,64,64,64,64,41,41,41,41,27,29,29,29,29,0,0],"gold":19,"neow_bonus":"THREE_ENEMY_KILL","is_daily":false,"chose_seed":false,"campfire_upgraded":4,"win_rate":0.0,"timestamp":1610670543,"path_taken":["M","M","$","?","M","R","E","R","T","R","M","?","?","$","R","BOSS"],"items_purchased_type":["Card"],"build_version":"2020-12-22","purchased_purges":2,"victory":false,"max_hp_per_floor":[71,71,71,71,71,71,71,71,71,71,71,71,64,64,64,64,64],"card_choices":[{"not_picked":["BasicCrystalCard","Barrage"],"picked":"FTL","floor":1},{"not_picked":["BasicCrystalCard","Cold Snap"],"picked":"Sweeping Beam","floor":2},{"not_picked":["Hologram","Leap"],"picked":"Self Repair","floor":5},{"not_picked":["Undo","Steam"],"picked":"Crystallizer","floor":7},{"not_picked":["Redo","BootSequence"],"picked":"ReplayTheSpireMod:GoodbyeWorld","floor":11},{"not_picked":["Compile Driver","Fusion"],"picked":"Crystallizer","floor":12}],"player_experience":934045,"relics_obtained":[{"floor":7,"key":"Pet Ghost"},{"floor":9,"key":"Boot"}],"event_choices":[{"damage_healed":0,"gold_gain":0,"player_choice":"Cursed","damage_taken":0,"max_hp_gain":0,"max_hp_loss":0,"event_name":"Wheel of Change","floor":4,"gold_loss":0,"cards_obtained":["Decay"]},{"damage_healed":0,"gold_gain":0,"player_choice":"Lose Max HP","damage_taken":0,"relics_obtained":["Golden Idol"],"max_hp_gain":0,"max_hp_loss":7,"event_name":"Golden Idol","floor":13,"gold_loss":0}],"is_beta":false,"boss_relics":[],"items_purged_floors":[3,14],"is_endless":false,"potions_floor_spawned":[5,11],"killed_by":"Slime Boss","ascension_level":16}}