{"host":"h26iowzi6bk5r55d","time":1610726762,"event":{"mods":["ATMod(°¢èªMod)","Arknights The Spire","Aspiration","BaseMod","Colored Powertips","Conspire","Downfall","Hermit","KomeijiMod","Luminous","Marisa£¨ìFÓê¡¡Ä§ÀíÉ³£©","Minty Spire (QoL Compilation)","Relic Stats","Replay The Spire","RumiaBox-Â¶Ã×æ«µÄÉñÃØºÐ×Ó","SIMod","StSLib","The Administrix","The Marked","TheVelvet","WarShipGirlsR/Õ½½¢ÉÙÅ®R mod","Yakumo Yukari mod","Youmu£¨»êÆÇÑýÃÎ£©","[GremlinLeader]The Maniac","vexMod","¡¾ÒÅÎï¿¨ÅÆ¡¿REMEMod","²ÐÁôÖ®Îï"],"gold_per_floor":[118,131,131,131,145,145,160,160,186,215,215,231,56,76,76,172,172,183,183,200,216,235,265,279,279,279,279,1,1,35,35,35,136,136,156,156,174,51,64,89,106,106,131,156,156,175,175,190,190,190],"floor_reached":51,"language":"ZHS","playtime":4252,"items_purged":["Confused","CherryBlossomSword"],"score":849,"play_id":"4d7ca219-35aa-4ff1-bafd-5256d7615d31","local_time":"20210116000602","is_ascension_mode":false,"campfire_choices":[{"data":"REME_MawOfCthun","floor":6.0,"key":"SMITH"},{"data":"SwordExtraction","floor":11.0,"key":"SMITH"},{"data":"TwoHundredYojanaInOneSlash","floor":15.0,"key":"SMITH"},{"data":"TransmigrationSlash","floor":25.0,"key":"SMITH"},{"data":"AT_ChampionStep","floor":29.0,"key":"SMITH"},{"data":"SlashOfTheEternalFuture","floor":32.0,"key":"SMITH"},{"data":"FastingOfTheYoungPreta","floor":49,"key":"SMITH"}],"circlet_count":0,"master_deck":["Strike_YM","Strike_YM","Strike_YM","Defend_YM","Defend_YM","SlashOfPresentWorld","WheelOfPainOfLivingAndDead","AT_ChampionStep+1","TwoHundredYojanaInOneSlash","CherryBlossomFlashing","SpiritCuttingSword","SwordExtraction+1","TwoHundredYojanaInOneSlash+1","SpiritCuttingSword","CherryBlossomFlashing","TransmigrationSlash+1","LotusPostureSlash","SwordExtraction","HellFireSword","FlashingScatteredFlowers","SlashOfTheEternalFuture+1","FastingOfTheYoungPreta+1","SuddenPhantomFormationSlashOfKarmicWind+1","SwordExtraction","TwoHundredYojanaInOneSlash","WickedSoul","Secret Weapon"],"relics":["HalfPhantom","REME_ComplimentaryCards","AT_ATBox","NeowsBlessing","Strawberry","ReplayFunnel","ReplayTheSpireMod:CursedCoin","MagicDraw1","Replay:Grab Bag","Coffee Dripper","Sozu","aspiration:RunicSpoon","Question Card","Eternal Feather","MutagenicStrength","vexMod:Spyglass","Bottled Tornado","conspire:SpecialSausage","GoodDreamPillow","aspiration:HummingbirdHeart","aspiration:Lifesprig","vexMod:CardConverter"],"acts_visited":["Exordium","TheCity","TheBeyond"],"potions_floor_usage":[50],"damage_taken":[{"damage":0.0,"enemies":"Small Slimes","floor":1.0,"turns":1.0},{"damage":0.0,"enemies":"Jaw Worm","floor":2.0,"turns":1.0},{"damage":0.0,"enemies":"Cultist","floor":5.0,"turns":1.0},{"damage":13.0,"enemies":"Looter","floor":7.0,"turns":3.0},{"damage":13.0,"enemies":"Lagavulin","floor":10.0,"turns":5.0},{"damage":7.0,"enemies":"Large Slime","floor":12.0,"turns":3.0},{"damage":0.0,"enemies":"Red Slaver","floor":14.0,"turns":3.0},{"damage":3.0,"enemies":"The Guardian","floor":16.0,"turns":10.0},{"damage":5.0,"enemies":"Spheric Guardian","floor":18.0,"turns":3.0},{"damage":11.0,"enemies":"Shell Parasite","floor":20.0,"turns":5.0},{"damage":20.0,"enemies":"Centurion and Healer","floor":21.0,"turns":4.0},{"damage":5.0,"enemies":"Snake Plant","floor":22.0,"turns":3.0},{"damage":6.0,"enemies":"Gremlin Leader","floor":23.0,"turns":3.0},{"damage":0.0,"enemies":"3 Cultists","floor":24.0,"turns":3.0},{"damage":0.0,"enemies":"Replay:Snechameleon","floor":30.0,"turns":3.0},{"damage":0.0,"enemies":"Automaton","floor":33.0,"turns":2.0},{"damage":7.0,"enemies":"3 Shapes","floor":35.0,"turns":3.0},{"damage":0.0,"enemies":"3 Darklings","floor":37.0,"turns":3.0},{"damage":0.0,"enemies":"Spire Growth","floor":39.0,"turns":2.0},{"damage":0.0,"enemies":"R_Hoarder","floor":40.0,"turns":5.0},{"damage":19.0,"enemies":"Jaw Worm Horde","floor":41.0,"turns":2.0},{"damage":6.0,"enemies":"Nemesis","floor":44.0,"turns":3.0},{"damage":2.0,"enemies":"Maw","floor":46.0,"turns":3.0},{"damage":0.0,"enemies":"Spire Growth","floor":48.0,"turns":1.0},{"damage":23,"enemies":"Awakened One","floor":50,"turns":5}],"seed_played":"-1630083477649514306","potions_obtained":[{"floor":5.0,"key":"Strength Potion"},{"floor":10.0,"key":"Energy Potion"},{"floor":14.0,"key":"champ:CounterPotion"},{"floor":16.0,"key":"PowerPotion"}],"is_trial":false,"path_per_floor":["M","M","?","?","M","R","M","?","T","E","R","M","$","M","R","B",null,"M","?","M","M","M","E","M","R","T","?","$","R","E","$","R","B",null,"M","?","M","?","M","E","M","?","T","E","?","M","?","M","R","B",null],"character_chosen":"YOUMU","items_purchased":["ReplayTheSpireMod:CursedCoin","MagicDraw1","FlashingScatteredFlowers","vexMod:Spyglass"],"campfire_rested":0,"item_purchase_floors":[13,13,28,28],"current_hp_per_floor":[75,75,68,68,68,68,55,55,62,49,49,42,42,42,42,39,82,77,77,66,65,60,64,64,64,64,64,64,76,82,82,82,82,82,75,75,75,75,75,82,63,71,71,67,67,82,84,84,86,63],"gold":190,"neow_bonus":"THREE_ENEMY_KILL","is_daily":false,"chose_seed":false,"campfire_upgraded":7,"win_rate":0.0,"timestamp":1610726762,"path_taken":["M","M","?","?","M","R","M","?","T","E","R","M","$","M","R","BOSS","M","?","M","?","M","E","M","R","T","?","$","R","E","$","R","BOSS","M","?","M","?","M","E","M","?","T","E","?","M","?","?","R","BOSS"],"items_purchased_type":["Relic","Relic","Card","Relic"],"build_version":"2020-12-22","purchased_purges":2,"victory":true,"max_hp_per_floor":[75,75,75,75,75,75,75,75,82,82,82,82,82,82,82,82,82,82,82,82,82,82,82,82,82,82,82,82,82,82,82,82,82,82,82,82,82,82,82,82,82,82,82,84,84,84,86,86,86,86],"relic_stats":{"Sozu":6,"counters":[25,80],"aspiration:RunicSpoon":[105],"Eternal Feather":14,"Question Card":11,"obtain_stats":[{"ReplayFunnel":10,"aspiration:Lifesprig":43,"AT_ATBox":0,"GoodDreamPillow":38,"NeowsBlessing":0,"ReplayTheSpireMod:CursedCoin":13,"Replay:Grab Bag":17,"aspiration:RunicSpoon":17,"HalfPhantom":0,"Eternal Feather":26,"conspire:SpecialSausage":34,"aspiration:HummingbirdHeart":40,"Bottled Tornado":30,"Question Card":23,"vexMod:Spyglass":28,"MagicDraw1":13,"Sozu":17,"vexMod:CardConverter":44,"Strawberry":9,"MutagenicStrength":27,"Coffee Dripper":17,"REME_ComplimentaryCards":0},{"ReplayFunnel":5,"aspiration:Lifesprig":21,"AT_ATBox":0,"GoodDreamPillow":18,"NeowsBlessing":0,"ReplayTheSpireMod:CursedCoin":6,"Replay:Grab Bag":8,"aspiration:RunicSpoon":8,"HalfPhantom":0,"Eternal Feather":14,"conspire:SpecialSausage":16,"aspiration:HummingbirdHeart":20,"Bottled Tornado":15,"Question Card":13,"vexMod:Spyglass":14,"MagicDraw1":6,"Sozu":8,"vexMod:CardConverter":22,"Strawberry":4,"MutagenicStrength":14,"Coffee Dripper":8,"REME_ComplimentaryCards":0},{"ReplayFunnel":11,"aspiration:Lifesprig":68,"AT_ATBox":0,"GoodDreamPillow":59,"NeowsBlessing":0,"ReplayTheSpireMod:CursedCoin":14,"Replay:Grab Bag":27,"aspiration:RunicSpoon":27,"HalfPhantom":0,"Eternal Feather":48,"conspire:SpecialSausage":53,"aspiration:HummingbirdHeart":66,"Bottled Tornado":51,"Question Card":45,"vexMod:Spyglass":48,"MagicDraw1":14,"Sozu":27,"vexMod:CardConverter":71,"Strawberry":6,"MutagenicStrength":48,"Coffee Dripper":27,"REME_ComplimentaryCards":0}]},"card_choices":[{"not_picked":["SanzenSekai","DispleasureOfTheSevenHakus"],"picked":"TwoHundredYojanaInOneSlash","floor":1.0},{"not_picked":["LifeCuttingSword","GhostSword"],"picked":"CherryBlossomFlashing","floor":2.0},{"not_picked":["CrescentMoonSlash","PhosphoricSlash"],"picked":"SpiritCuttingSword","floor":5.0},{"not_picked":["SuddenDivineSeveringOfKarmicWind","LifeCuttingSword"],"picked":"SwordExtraction","floor":7.0},{"not_picked":["DoubleWheelOfPain","GhostSword"],"picked":"TwoHundredYojanaInOneSlash","floor":10.0},{"not_picked":["LowerRealmReflectionSlash","LifeCuttingSword"],"picked":"SpiritCuttingSword","floor":12.0},{"not_picked":["SwordOfBindingDesires","HumanKnowledgeSword"],"picked":"CherryBlossomFlashing","floor":14.0},{"not_picked":["SuddenDivineSeveringOfKarmicWind","HellRealmSword"],"picked":"CherryBlossomSword","floor":16.0},{"not_picked":["SpiritCuttingSword","ThreeKonsSevenHakus","LifeCuttingSword"],"picked":"SKIP","floor":18.0},{"not_picked":["LowerRealmReflectionSlash+1","FantasyOfEnteringEnlightenment"],"picked":"TransmigrationSlash","floor":20.0},{"not_picked":["HesitationCuttingSword","PhosphoricSlash"],"picked":"LotusPostureSlash","floor":21.0},{"not_picked":["CherryBlossomFlashing","DispleasureOfTheSevenHakus"],"picked":"SwordExtraction","floor":22.0},{"not_picked":["DeadlyForm","ConstancyOfTheConventionalTruth"],"picked":"HellFireSword","floor":23.0},{"not_picked":["LifeCuttingSword","HellFireSword","PhosphoricSlash+1","LowerRealmReflectionSlash"],"picked":"SKIP","floor":24.0},{"not_picked":["LifeCuttingSword","EchoesOfTheInclemencyOfAllBeings","LotusPostureSlash"],"picked":"SlashOfTheEternalFuture","floor":30.0},{"not_picked":["DeadlyForm","CherryBlossomSword","GreatEnlightenmentAppearingAndDisappearing"],"picked":"FastingOfTheYoungPreta","floor":33.0},{"not_picked":["TenKingsRetributionOnThePreta","FourBirthsSword+1","HellGodSword+1"],"picked":"SuddenPhantomFormationSlashOfKarmicWind+1","floor":35.0},{"not_picked":["ThreeKonsSevenHakus+1","LowerRealmReflectionSlash","HellFireSword+1","ObsessionSword"],"picked":"SKIP","floor":37.0},{"not_picked":["SwordOfBindingDesires+1","BizarrenessOfSixRealms","HiganSword"],"picked":"SwordExtraction","floor":39.0},{"not_picked":["CrescentMoonSlash+1","SlashOfTheEternalFuture","SpiderLilyBurial"],"picked":"TwoHundredYojanaInOneSlash","floor":40.0},{"not_picked":["HeavenlyHaloSlash+1","TwoHundredYojanaInOneSlash+1","LotusPostureSlash","PhosphoricSlash"],"picked":"SKIP","floor":41.0},{"not_picked":["SanzenSekai","HiganSword","TwoHundredYojanaInOneSlash"],"picked":"WickedSoul","floor":44.0},{"not_picked":["FlashingScatteredFlowers+1","CrescentMoonSlash","CherryBlossomFlashing+1","FantasyOfEnteringEnlightenment"],"picked":"SKIP","floor":46.0},{"not_picked":["PhosphoricSlash","TwoHundredYojanaInOneSlash+1","SlashClearingTheSixSenses+1","DispleasureOfTheSevenHakus"],"picked":"SKIP","floor":48.0}],"player_experience":397919,"relics_obtained":[{"floor":9.0,"key":"Strawberry"},{"floor":10.0,"key":"ReplayFunnel"},{"floor":23.0,"key":"Question Card"},{"floor":26.0,"key":"Eternal Feather"},{"floor":30.0,"key":"Bottled Tornado"},{"floor":40.0,"key":"aspiration:HummingbirdHeart"},{"floor":43.0,"key":"aspiration:Lifesprig"},{"floor":44.0,"key":"vexMod:CardConverter"}],"event_choices":[{"cards_removed":["Strike_YM"],"damage_healed":0.0,"max_hp_gain":0.0,"max_hp_loss":0.0,"gold_gain":0.0,"event_name":"Golden Wing","player_choice":"Card Removal","floor":3.0,"gold_loss":0.0,"damage_taken":7.0},{"damage_healed":0.0,"max_hp_gain":0.0,"max_hp_loss":0.0,"gold_gain":0.0,"event_name":"conspire:Investor","player_choice":"Leave","floor":4.0,"gold_loss":0.0,"damage_taken":0.0},{"damage_healed":0.0,"max_hp_gain":0.0,"max_hp_loss":0.0,"gold_gain":0.0,"event_name":"Drug Dealer","player_choice":"Inject Mutagens","floor":27.0,"gold_loss":0.0,"damage_taken":0.0,"relics_obtained":["MutagenicStrength"]},{"cards_removed":["Defend_YM"],"damage_healed":0.0,"max_hp_gain":0.0,"max_hp_loss":0.0,"gold_gain":0.0,"event_name":"Falling","player_choice":"Removed Skill","floor":45.0,"gold_loss":0.0,"damage_taken":0.0},{"cards_removed":["REME_MawOfCthun"],"damage_healed":0.0,"max_hp_gain":0.0,"max_hp_loss":0.0,"gold_gain":0.0,"event_name":"NoteForYourself","player_choice":"Took Card","floor":47.0,"gold_loss":0.0,"damage_taken":0.0,"cards_obtained":["Secret Weapon"]}],"is_beta":false,"boss_relics":[{"not_picked":["Replay:Ancient Bell","REME_ChargedStone"],"picked":"Replay:Grab Bag"},{"not_picked":["Fusion Hammer","Cursed Key"],"picked":"Coffee Dripper"},{"not_picked":["Runic Dome","Velvet Choker"],"picked":"Sozu"},{"not_picked":["REME_DuelDisc","Ring of Chaos"],"picked":"aspiration:RunicSpoon"},{"not_picked":["REME_DemonsWealth","PlaceholderMod:LiveLive"],"picked":"conspire:SpecialSausage"}],"items_purged_floors":[13,28],"is_endless":false,"potions_floor_spawned":[5,10,14,16,21,22,30,35,40,41,48],"ascension_level":0}}