{"host":"ygfasg9u7olr7skw","time":1610751781,"event":{"mods":["AchievementEnabler","BaseMod","Better Note","Better Vampires","Colored Powertips","Minty Spire (QoL Compilation)","Replay The Spire","Spicy Shops","StSLib","The IronCluck"],"gold_per_floor":[113,131,78,78,90,90,117,117,164,183,203,203,213,244,244,342,342,324,341,341],"floor_reached":19,"language":"ENG","playtime":1326,"items_purged":[],"score":217,"play_id":"4b8c0f96-8a28-41f7-aa7d-6d06e67e776d","local_time":"20210115180301","is_ascension_mode":true,"campfire_choices":[{"data":"Zap","floor":6,"key":"SMITH"},{"floor":8,"key":"REST"},{"floor":15,"key":"REST"}],"circlet_count":0,"master_deck":["Strike_B","Strike_B","Strike_B","Defend_B","Defend_B+1","Defend_B","Defend_B+1","Zap+1","Dualcast","Sweeping Beam","Gash","Genetic Algorithm","Rebound","All For One"],"relics":["Cracked Core","Simple Rune","Replay:Mystery Machine","Bag of Preparation","SlaversCollar"],"acts_visited":["Exordium","TheCity"],"potions_floor_usage":[7,14,16,16,16],"damage_taken":[{"damage":0,"enemies":"Small Slimes","floor":1,"turns":3},{"damage":1,"enemies":"Cultist","floor":2,"turns":3},{"damage":0,"enemies":"2 Louse","floor":5,"turns":2},{"damage":27,"enemies":"Gremlin Nob","floor":7,"turns":4},{"damage":5,"enemies":"Exordium Thugs","floor":10,"turns":4},{"damage":6,"enemies":"Red Slaver","floor":11,"turns":2},{"damage":11,"enemies":"Exordium Wildlife","floor":13,"turns":4},{"damage":9,"enemies":"3 Sentries","floor":14,"turns":6},{"damage":28,"enemies":"Hexaghost","floor":16,"turns":9},{"damage":14,"enemies":"2 Thieves","floor":18,"turns":4},{"damage":27,"enemies":"3 Byrds","floor":19,"turns":4}],"seed_played":"4703840749599267654","potions_obtained":[{"floor":1,"key":"DuplicationPotion"},{"floor":2,"key":"Fire Potion"},{"floor":10,"key":"SmokeBomb"},{"floor":12,"key":"LiquidMemories"},{"floor":12,"key":"LiquidBronze"},{"floor":14,"key":"Weak Potion"},{"floor":18,"key":"GamblersBrew"}],"is_trial":false,"path_per_floor":["M","M","$","?","M","R","E","R","T","M","M","?","M","E","R","B",null,"M","M"],"character_chosen":"DEFECT","items_purchased":["Gash"],"campfire_rested":2,"item_purchase_floors":[3],"current_hp_per_floor":[82,81,81,74,74,74,47,71,71,66,60,60,49,40,64,36,82,68,41,41],"gold":341,"neow_bonus":"TEN_PERCENT_HP_BONUS","is_daily":false,"chose_seed":false,"campfire_upgraded":1,"win_rate":0.0,"timestamp":1610751781,"path_taken":["M","M","$","?","M","R","E","R","T","M","M","?","?","E","R","BOSS","M","M"],"items_purchased_type":["Card"],"build_version":"2020-12-22","purchased_purges":0,"victory":false,"max_hp_per_floor":[82,82,82,82,82,82,82,82,82,82,82,82,82,82,82,82,82,82,82,82],"card_choices":[{"not_picked":["Scrape","Leap"],"picked":"Sweeping Beam","floor":1},{"not_picked":["Time Bomb","ReplayTheSpireMod:Repulse","Leap"],"picked":"SKIP","floor":2},{"not_picked":["Blizzard","Conserve Battery"],"picked":"Genetic Algorithm","floor":5},{"not_picked":["Streamline","Rip and Tear","Auto Shields"],"picked":"SKIP","floor":7},{"not_picked":["Barrage","Hologram","BasicCrystalCard"],"picked":"SKIP","floor":10},{"not_picked":["Leap","Double Energy","Heatsinks"],"picked":"SKIP","floor":11},{"not_picked":["Self Repair","Steam"],"picked":"Rebound","floor":13},{"not_picked":["Stack","Genetic Algorithm","Consume"],"picked":"SKIP","floor":14},{"not_picked":["Rainbow","Biased Cognition"],"picked":"All For One","floor":16},{"not_picked":["Turbo+1","Consume","Sweeping Beam"],"picked":"SKIP","floor":18}],"player_experience":313954,"relics_obtained":[{"floor":7,"key":"Simple Rune"},{"floor":9,"key":"Replay:Mystery Machine"},{"floor":14,"key":"Bag of Preparation"}],"event_choices":[{"cards_removed":["Strike_B"],"damage_healed":0,"gold_gain":0,"player_choice":"Card Removal","damage_taken":7,"max_hp_gain":0,"max_hp_loss":0,"event_name":"Golden Wing","floor":4,"gold_loss":0},{"damage_healed":0,"gold_gain":0,"player_choice":"Got Potions","damage_taken":0,"max_hp_gain":0,"max_hp_loss":0,"event_name":"Lab","floor":12,"gold_loss":0}],"is_beta":false,"boss_relics":[{"not_picked":["Coffee Dripper","Painkiller Herb"],"picked":"SlaversCollar"}],"items_purged_floors":[],"is_endless":false,"potions_floor_spawned":[1,2,10,14,18],"killed_by":"3 Byrds","ascension_level":4}}