{"host":"bcxgpd1eu8czocm9","time":1610727890,"event":{"mods":["BaseMod","Downfall","Minty Spire (QoL Compilation)","Quick Restart","Replay The Spire","Spicy Shops","StSLib","¡¾ÒÅÎï¿¨ÅÆ¡¿REMEMod"],"gold_per_floor":[111,121,140,155,165,165,165,165,184,201,211,231,244,244,244,348,348,362,362,362],"floor_reached":18,"language":"ZHS","playtime":603,"items_purged":[],"score":162,"play_id":"0b005b46-f10e-40fe-b37c-8608a6929090","local_time":"20210116002450","is_ascension_mode":false,"campfire_choices":[{"data":"Hyperbeam","floor":8.0,"key":"SMITH"},{"floor":15,"key":"RECALL"}],"circlet_count":0,"master_deck":["Slimebound:Strike_Slimebound","Slimebound:Strike_Slimebound","Slimebound:Strike_Slimebound","Slimebound:Tackle","Slimebound:Defend_Slimebound+1","Slimebound:Defend_Slimebound+1","Slimebound:Defend_Slimebound+1","Slimebound:Defend_Slimebound+1","Slimebound:Split","Slimebound:CorrosiveSpit","Hyperbeam+1","Slimebound:Gluttony","Slimebound:LeechingTouch","Slimebound:LeadByExample","Slimebound:ItLooksTasty","Slimebound:DivideAndConquer","Slimebound:RallyTheTroops","Slimebound:OneTwoCombo"],"relics":["Slimebound:AbsorbEndCombat","REME_ComplimentaryCards","downfall:ShatteredFragment","Replay:Bottled Eggs","SlaversCollar"],"acts_visited":["Exordium","TheCity"],"potions_floor_usage":[],"damage_taken":[{"damage":5.0,"enemies":"Jaw Worm","floor":1.0,"turns":3.0},{"damage":10.0,"enemies":"Cultist","floor":2.0,"turns":3.0},{"damage":0.0,"enemies":"2 Louse","floor":3.0,"turns":1.0},{"damage":10.0,"enemies":"Large Slime","floor":4.0,"turns":4.0},{"damage":3.0,"enemies":"Exordium Thugs","floor":5.0,"turns":3.0},{"damage":14,"enemies":"Gremlin Gang","floor":9,"turns":3},{"damage":25,"enemies":"Exordium Wildlife","floor":10,"turns":2},{"damage":0,"enemies":"2 Fungi Beasts","floor":11,"turns":1},{"damage":9,"enemies":"Gremlin Gang","floor":12,"turns":3},{"damage":7,"enemies":"Exordium Wildlife","floor":13,"turns":2},{"damage":47,"enemies":"downfall:Ironclad","floor":16,"turns":6},{"damage":22,"enemies":"3 Byrds","floor":18,"turns":3}],"seed_played":"5414333542122064720","potions_obtained":[{"floor":1.0,"key":"Fire Potion"},{"floor":2.0,"key":"Fire Potion"},{"floor":3.0,"key":"Milkshake"},{"floor":12,"key":"Elixir"},{"floor":13,"key":"PowerPotion"},{"floor":14,"key":"Strength Potion"},{"floor":14,"key":"Dexterity Potion"},{"floor":16,"key":"Flashbang"}],"is_trial":false,"path_per_floor":["M","M","M","M","M","?","T","R","M","M","M","M","M","?","R","B",null,"M"],"character_chosen":"SLIMEBOUND","items_purchased":[],"campfire_rested":0,"item_purchase_floors":[],"current_hp_per_floor":[66,64,64,66,66,48,48,48,46,29,29,36,41,41,41,46,66,60,60,60],"gold":362,"neow_bonus":"TEN_PERCENT_HP_BONUS","is_daily":false,"chose_seed":false,"campfire_upgraded":1,"win_rate":0.0,"timestamp":1610727890,"path_taken":["M","M","M","M","M","?","T","R","M","M","M","M","M","?","R","BOSS","M"],"items_purchased_type":[],"build_version":"2020-12-22","purchased_purges":0,"victory":false,"max_hp_per_floor":[66,66,66,66,66,66,66,66,66,66,66,66,66,66,66,66,66,66,66,66],"card_choices":[{"not_picked":["Slimebound:Equalize","Slimebound:Dissolve"],"picked":"Slimebound:Gluttony","floor":1.0},{"not_picked":["Slimebound:Dissolve","Slimebound:SplitAcid"],"picked":"Slimebound:LeechingTouch","floor":2.0},{"not_picked":["Slimebound:RollThrough","Slimebound:GoopSpray","Slimebound:Schlurp"],"picked":"SKIP","floor":3.0},{"not_picked":["Slimebound:SlimeSpikes","Slimebound:Dissolve"],"picked":"Slimebound:LeadByExample","floor":4.0},{"not_picked":["Slimebound:FirmFortitude","Slimebound:GoopSpray"],"picked":"Slimebound:ItLooksTasty","floor":5.0},{"not_picked":["Slimebound:ForwardTackle","Slimebound:ProtectTheBoss","Slimebound:LeadByExample"],"picked":"SKIP","floor":9},{"not_picked":["Slimebound:GoopTackle","Slimebound:ComboTackle"],"picked":"Slimebound:DivideAndConquer","floor":10},{"not_picked":["Slimebound:FinishingTackle","Slimebound:TongueLash","Slimebound:Gluttony"],"picked":"SKIP","floor":11},{"not_picked":["Slimebound:ViciousTackle","Slimebound:FinishingTackle"],"picked":"Slimebound:RallyTheTroops","floor":12},{"not_picked":["Slimebound:SplitLeeching","Slimebound:FirmFortitude","Slimebound:TongueLash"],"picked":"SKIP","floor":13},{"not_picked":["Slimebound:DouseInSlime","Slimebound:RallyTheTroops"],"picked":"Slimebound:OneTwoCombo","floor":16},{"not_picked":["Slimebound:DivideAndConquer+1","Slimebound:GoopSpray","Slimebound:ComboTackle+1"],"picked":"SKIP","floor":18}],"player_experience":424729,"relics_obtained":[{"floor":7.0,"key":"Replay:Bottled Eggs"}],"event_choices":[{"damage_healed":0,"gold_gain":0,"player_choice":"Got Potions","damage_taken":0,"max_hp_gain":0,"max_hp_loss":0,"event_name":"Lab","floor":14,"gold_loss":0}],"is_beta":false,"boss_relics":[{"not_picked":["REME_ChargedStone","Tiny House"],"picked":"SlaversCollar"}],"items_purged_floors":[],"is_endless":false,"potions_floor_spawned":[1,2,3,12,13,16],"killed_by":"3 Byrds","ascension_level":0}}