{"host":"ufl0k2so27eic2iy","time":1610701530,"event":{"mods":["BaseMod","Minty Spire (QoL Compilation)","StSLib","The Animator"],"gold_per_floor":[131,131,146,71,89,121,121,121,121,138,138,154,154,173,173,248,248,248,0,0,0,0,0,0,0,0,0,0,0,0,0,0,0,0,0,0,0,0,0,0,0,0,0,0,0,0,0,0,0,0,0,0,0,0,0],"floor_reached":54,"language":"ENG","playtime":3185,"items_purged":["animator:Strike"],"score":1374,"play_id":"cd845359-89e2-4079-8bb4-de70c35d5d2d","local_time":"20210115090530","is_ascension_mode":true,"campfire_choices":[{"data":"animator:GoblinSlayer","floor":7,"key":"SMITH"},{"data":"animator:MasamiIwasawa","floor":11,"key":"SMITH"},{"floor":13,"key":"REST"},{"data":"animator:KrulTepes","floor":15,"key":"SMITH"},{"data":"animator:EriShiina","floor":24,"key":"SMITH"},{"data":"animator:ShidoItsuka","floor":30,"key":"SMITH"},{"data":"animator:Chaa","floor":32,"key":"SMITH"},{"floor":40,"key":"RECALL"},{"floor":45,"key":"DIG"},{"floor":49,"key":"DIG"},{"floor":52,"key":"DIG"}],"circlet_count":0,"master_deck":["AscendersBane","animator:Strike_GoblinSlayer","animator:Defend_GoblinSlayer","animator:Defend","animator:Defend","animator:LizardPriest","animator:DwarfShaman+1","animator:Spearman+1","animator:TohkaYatogami","animator:MeguKakizaki+1","animator:GoblinSlayer+1","animator:MasamiIwasawa+1","animator:Suiseiseki","animator:KrulTepes+1","animator:KanadeTachibana","animator:EriShiina+1","animator:FeridBathory","animator:NarberalGamma","animator:Yusa","animator:YamaiSisters","animator:Chaa+1","animator:HighElfArcher","animator:YuriNakamura","animator:DwarfShaman","animator:ShidoItsuka+1","animator:Eris","animator:YoshinoHimekawa+1","animator:Darkness","animator:Shinoa","animator:Yuuichirou","animator:Cirno","animator:Cirno"],"relics":["animator:LivingPicture","animator:TheMissingPiece","Ice Cream","Incense Burner","Ectoplasm","Art of War","Blood Vial","StoneCalendar","Sundial","Blood Vial","Bottled Lightning","Old Coin","Blood Vial","Coffee Dripper","Shovel","Red Mask","Orichalcum","Potion Belt","Pantograph","Mango","Ginger","CloakClasp"],"acts_visited":["Exordium","TheCity","TheBeyond","TheEnding"],"potions_floor_usage":[23,27,48,50],"damage_taken":[{"damage":0,"enemies":"Small Slimes","floor":1,"turns":5},{"damage":7,"enemies":"Jaw Worm","floor":3,"turns":4},{"damage":0,"enemies":"Cultist","floor":5,"turns":3},{"damage":36,"enemies":"Lagavulin","floor":6,"turns":8},{"damage":0,"enemies":"Red Slaver","floor":10,"turns":3},{"damage":0,"enemies":"3 Louse","floor":12,"turns":4},{"damage":7,"enemies":"Large Slime","floor":14,"turns":4},{"damage":3,"enemies":"Hexaghost","floor":16,"turns":10},{"damage":4,"enemies":"Shell Parasite","floor":18,"turns":5},{"damage":5,"enemies":"2 Thieves","floor":21,"turns":4},{"damage":7,"enemies":"animator:HornedBat","floor":23,"turns":6},{"damage":19,"enemies":"Slavers","floor":25,"turns":5},{"damage":1,"enemies":"Book of Stabbing","floor":27,"turns":4},{"damage":9,"enemies":"Snake Plant","floor":29,"turns":3},{"damage":7,"enemies":"Shelled Parasite and Fungi","floor":31,"turns":4},{"damage":7,"enemies":"Collector","floor":33,"turns":9},{"damage":0,"enemies":"Orb Walker","floor":35,"turns":3},{"damage":0,"enemies":"Mind Bloom Boss Battle","floor":36,"turns":6},{"damage":10,"enemies":"3 Shapes","floor":38,"turns":4},{"damage":11,"enemies":"Jaw Worm Horde","floor":39,"turns":6},{"damage":26,"enemies":"Reptomancer","floor":41,"turns":7},{"damage":21,"enemies":"Sphere and 2 Shapes","floor":42,"turns":5},{"damage":0,"enemies":"Spire Growth","floor":44,"turns":6},{"damage":25,"enemies":"Nemesis","floor":46,"turns":7},{"damage":21,"enemies":"Reptomancer","floor":48,"turns":7},{"damage":20,"enemies":"Time Eater","floor":50,"turns":12},{"damage":89,"enemies":"Shield and Spear","floor":54,"turns":6}],"seed_played":"-2118526113730829938","potions_obtained":[{"floor":1,"key":"Fire Potion"},{"floor":10,"key":"Dexterity Potion"},{"floor":23,"key":"Swift Potion"},{"floor":25,"key":"Weak Potion"},{"floor":31,"key":"ColorlessPotion"},{"floor":33,"key":"PowerPotion"},{"floor":48,"key":"Weak Potion"}],"is_trial":false,"path_per_floor":["M","?","M","?","M","E","R","?","T","M","R","M","R","M","R","B",null,"M","$","?","M","$","E","R","E","T","E","?","M","R","M","R","B",null,"M","?","?","M","M","R","E","M","T","M","R","E","?","E","R","B",null,"R","$","E"],"character_chosen":"THE_ANIMATOR","items_purchased":["animator:FeridBathory","animator:NarberalGamma"],"campfire_rested":1,"item_purchase_floors":[19,19],"current_hp_per_floor":[54,54,47,47,47,12,12,12,12,18,18,18,36,29,29,32,54,50,50,50,51,51,50,50,37,37,44,44,45,45,48,48,51,59,61,61,61,57,61,61,41,36,36,51,51,41,36,47,47,65,73,73,73,0,0],"gold":0,"neow_bonus":"UPGRADE_CARD","is_daily":false,"chose_seed":true,"campfire_upgraded":6,"win_rate":0.0,"timestamp":1610701530,"path_taken":["M","?","M","?","M","E","R","?","T","?","R","M","R","M","R","BOSS","M","?","?","M","$","E","R","E","T","E","?","M","R","?","R","BOSS","M","?","?","M","?","R","E","M","T","M","R","E","?","E","R","BOSS","R","$","E"],"items_purchased_type":["Card","Card"],"build_version":"2020-12-22","purchased_purges":1,"victory":false,"max_hp_per_floor":[60,60,60,60,60,61,61,61,61,61,61,61,61,61,61,61,61,61,61,61,61,61,61,61,61,61,61,61,61,61,61,61,61,61,61,61,61,61,61,61,61,62,62,62,62,62,62,76,76,76,76,76,76,76,76],"card_choices":[{"not_picked":["animator:Aqua","animator:Natsumi"],"picked":"animator:Spearman","floor":1},{"not_picked":["animator:PandorasActor","animator:Shigure"],"picked":"animator:TohkaYatogami","floor":3},{"not_picked":["animator:YamaiSisters","animator:Souseiseki"],"picked":"animator:MeguKakizaki","floor":5},{"not_picked":["animator:Witch","animator:HighElfArcher"],"picked":"animator:GoblinSlayer","floor":6},{"not_picked":["animator:Godan","animator:Mitsurugi"],"picked":"animator:MasamiIwasawa","floor":10},{"not_picked":["animator:Verdia","animator:Entoma"],"picked":"animator:Suiseiseki","floor":12},{"not_picked":["animator:Natsumi","animator:Verdia"],"picked":"animator:KrulTepes","floor":14},{"not_picked":["animator:Kanaria","animator:AyatoNaoi"],"picked":"animator:KanadeTachibana","floor":16},{"not_picked":["animator:Godan","animator:YuzuruOtonashi"],"picked":"animator:EriShiina","floor":18},{"not_picked":["animator:ReineMurasame","animator:Mitsurugi+1"],"picked":"animator:Chaa","floor":21},{"not_picked":["animator:GuildGirl","animator:Natsumi"],"picked":"animator:HighElfArcher","floor":23},{"not_picked":["animator:Verdia","animator:Darkness+1"],"picked":"animator:YuriNakamura","floor":25},{"not_picked":["animator:CowGirl","animator:LizardPriest"],"picked":"animator:DwarfShaman","floor":27},{"not_picked":["animator:Vanir","animator:Shalltear"],"picked":"animator:ShidoItsuka","floor":29},{"not_picked":["animator:HighElfArcher","animator:AyatoNaoi","animator:Suiseiseki"],"picked":"SKIP","floor":31},{"not_picked":["animator:Hans","animator:SwordMaiden"],"picked":"animator:Eris","floor":33},{"not_picked":["animator:ShidoItsuka","animator:Vanir","animator:Verdia"],"picked":"SKIP","floor":35},{"not_picked":["animator:Cocytus","animator:Suiseiseki+1"],"picked":"animator:YoshinoHimekawa+1","floor":39},{"not_picked":["animator:Yui","animator:ShidoItsuka","animator:EriShiina"],"picked":"SKIP","floor":41},{"not_picked":["animator:Cocytus","animator:Entoma"],"picked":"animator:Darkness","floor":42},{"not_picked":["animator:Mikaela","animator:KrulTepes"],"picked":"animator:Shinoa","floor":44},{"not_picked":["animator:DwarfShaman+1","animator:Megumin"],"picked":"animator:Yuuichirou","floor":46},{"not_picked":["animator:Canti","animator:Patchouli"],"picked":"animator:Cirno","floor":47},{"not_picked":["animator:HououinKyouma","animator:NononJakuzure"],"picked":"animator:Cirno","floor":47},{"not_picked":["animator:Mitsurugi","animator:Mitsuba","animator:Yusa"],"picked":"SKIP","floor":48}],"player_experience":2449687,"relics_obtained":[{"floor":6,"key":"Ice Cream"},{"floor":9,"key":"Incense Burner"},{"floor":23,"key":"Art of War"},{"floor":25,"key":"Blood Vial"},{"floor":25,"key":"StoneCalendar"},{"floor":26,"key":"Sundial"},{"floor":27,"key":"Blood Vial"},{"floor":27,"key":"Bottled Lightning"},{"floor":33,"key":"Blood Vial"},{"floor":36,"key":"Shovel"},{"floor":41,"key":"Orichalcum"},{"floor":45,"key":"Potion Belt"},{"floor":46,"key":"Pantograph"},{"floor":48,"key":"Mango"},{"floor":49,"key":"Ginger"},{"floor":52,"key":"CloakClasp"}],"event_choices":[{"damage_healed":0,"gold_gain":0,"player_choice":"Grow","damage_taken":0,"max_hp_gain":0,"max_hp_loss":0,"event_name":"Living Wall","floor":2,"gold_loss":0,"cards_upgraded":["animator:Spearman"]},{"cards_removed":["animator:Strike"],"damage_healed":0,"gold_gain":0,"player_choice":"Card Removal","damage_taken":0,"max_hp_gain":0,"max_hp_loss":0,"event_name":"The Cleric","floor":4,"gold_loss":75},{"damage_healed":0,"gold_gain":0,"player_choice":"Forge","damage_taken":0,"max_hp_gain":0,"max_hp_loss":0,"event_name":"Accursed Blacksmith","floor":8,"gold_loss":0,"cards_upgraded":["animator:MeguKakizaki"]},{"damage_healed":0,"gold_gain":0,"cards_transformed":["animator:Strike","animator:Defend"],"player_choice":"Became Test Subject","damage_taken":0,"max_hp_gain":0,"max_hp_loss":0,"event_name":"Drug Dealer","floor":20,"gold_loss":0,"cards_obtained":["animator:Yusa","animator:YamaiSisters"]},{"damage_healed":0,"gold_gain":0,"player_choice":"Gave Potion","damage_taken":0,"relics_obtained":["Old Coin"],"max_hp_gain":0,"max_hp_loss":0,"event_name":"WeMeetAgain","floor":28,"gold_loss":0},{"damage_healed":0,"gold_gain":0,"player_choice":"Fight","damage_taken":0,"max_hp_gain":0,"max_hp_loss":0,"event_name":"MindBloom","floor":36,"gold_loss":0},{"damage_healed":0,"gold_gain":0,"player_choice":"Paid","damage_taken":0,"relics_obtained":["Red Mask"],"max_hp_gain":0,"max_hp_loss":0,"event_name":"Tomb of Lord Red Mask","floor":37,"gold_loss":0},{"damage_healed":0,"gold_gain":0,"player_choice":"Memory 2","damage_taken":5,"max_hp_gain":0,"max_hp_loss":0,"event_name":"SensoryStone","floor":47,"gold_loss":0}],"is_beta":false,"boss_relics":[{"not_picked":["Black Star","animator:CursedBlade"],"picked":"Ectoplasm"},{"not_picked":["SacredBark","Fusion Hammer"],"picked":"Coffee Dripper"}],"items_purged_floors":[19],"is_endless":false,"potions_floor_spawned":[1,10,12,21,23,25,31,33,36,38,42,48],"killed_by":"Shield and Spear","ascension_level":15}}