{"host":"jl3raagrljzztomj","time":1610727487,"event":{"mods":["Aspiration","BaseMod","BetterRewards","Colored Map","Colored Powertips","Custom Start","Hermit","Highlight Path","Minty Spire (QoL Compilation)","Permanent Neow","StSLib","SuperFastMode","The Runesmith"],"gold_per_floor":[116,135,185,185,198,230,245,245,245,257,257,272,292,325,325,325,325],"floor_reached":16,"language":"ENG","playtime":674,"items_purged":[],"score":114,"play_id":"3f2eca45-63d3-4d6d-97f8-b0bcd2b3ade8","local_time":"20210115101807","is_ascension_mode":false,"campfire_choices":[{"data":"Omniscience","floor":8,"key":"SMITH"},{"floor":11,"key":"REST"},{"floor":15,"key":"REST"}],"circlet_count":0,"master_deck":["Strike_P","Strike_P","Strike_P","Strike_P","Defend_P","Defend_P","Defend_P","Defend_P","Eruption","Vigilance","WheelKick","Adaptation","FearNoEvil","Omniscience+1"],"relics":["PureWater","PreservedInsect","NlothsMask","aspiration:HummingbirdHeart","Darkstone Periapt"],"acts_visited":["Exordium"],"potions_floor_usage":[16,16,16],"damage_taken":[{"damage":4,"enemies":"Cultist","floor":1,"turns":3},{"damage":0,"enemies":"Small Slimes","floor":2,"turns":2},{"damage":3,"enemies":"Jaw Worm","floor":5,"turns":4},{"damage":22,"enemies":"Gremlin Nob","floor":6,"turns":4},{"damage":2,"enemies":"Exordium Wildlife","floor":7,"turns":4},{"damage":13,"enemies":"Exordium Thugs","floor":10,"turns":3},{"damage":1,"enemies":"Lots of Slimes","floor":12,"turns":4},{"damage":1,"enemies":"3 Louse","floor":13,"turns":2},{"damage":23,"enemies":"Lagavulin","floor":14,"turns":5},{"damage":62,"enemies":"The Guardian","floor":16,"turns":16}],"seed_played":"1515160697064384473","potions_obtained":[{"floor":5,"key":"ColorlessPotion"},{"floor":6,"key":"Strength Potion"},{"floor":10,"key":"Regen Potion"}],"is_trial":false,"path_per_floor":["M","M","?","?","M","E","M","R","T","M","R","M","M","E","R","B"],"character_chosen":"WATCHER","items_purchased":[],"campfire_rested":2,"item_purchase_floors":[],"current_hp_per_floor":[68,68,68,68,65,43,41,41,41,28,49,48,47,24,45,0,0],"gold":325,"neow_bonus":"RANDOM_COMMON_RELIC","is_daily":false,"chose_seed":false,"campfire_upgraded":1,"win_rate":0.0,"timestamp":1610727487,"path_taken":["M","M","?","?","?","E","M","R","T","?","R","M","M","E","R","BOSS"],"items_purchased_type":[],"build_version":"2020-12-22","purchased_purges":0,"victory":false,"max_hp_per_floor":[72,72,72,72,72,72,72,72,72,72,72,72,72,72,72,72,72],"card_choices":[{"not_picked":["PathToVictory","ClearTheMind"],"picked":"WheelKick","floor":1},{"not_picked":["Crescendo","ClearTheMind","ThirdEye"],"picked":"SKIP","floor":2},{"not_picked":["CrushJoints","ClearTheMind"],"picked":"Adaptation","floor":5},{"not_picked":["Prostrate","CrushJoints"],"picked":"FearNoEvil","floor":6},{"not_picked":["SandsOfTime","ClearTheMind"],"picked":"Omniscience","floor":7},{"not_picked":["PathToVictory","JustLucky","Wallop"],"picked":"SKIP","floor":10},{"not_picked":["CutThroughFate","ClearTheMind","Wireheading"],"picked":"SKIP","floor":12},{"not_picked":["SashWhip","JustLucky","ClearTheMind"],"picked":"SKIP","floor":13},{"not_picked":["Crescendo","SignatureMove","FlyingSleeves"],"picked":"SKIP","floor":14}],"player_experience":953344,"relics_obtained":[{"floor":6,"key":"aspiration:HummingbirdHeart"},{"floor":14,"key":"Darkstone Periapt"}],"event_choices":[{"damage_healed":0,"gold_gain":50,"player_choice":"Gained Gold","damage_taken":0,"max_hp_gain":0,"max_hp_loss":0,"event_name":"Golden Wing","floor":3,"gold_loss":0},{"damage_healed":0,"gold_gain":0,"player_choice":"Trade","damage_taken":0,"relics_obtained":["NlothsMask"],"max_hp_gain":0,"max_hp_loss":0,"event_name":"FaceTrader","floor":4,"gold_loss":0}],"is_beta":false,"boss_relics":[],"items_purged_floors":[],"is_endless":false,"potions_floor_spawned":[5,6,10],"killed_by":"The Guardian","ascension_level":0}}