{"host":"ydg0vn0pu4pubmdt","time":1610727710,"event":{"mods":["AchievementEnabler","BaseMod","Colored Map","Gold Saver","Minty Spire (QoL Compilation)","Quick Restart","SuperFastMode"],"gold_per_floor":[117,117,42,142,157,191,218,252,279,295,295,295,295,318,318,439,502,515,515,614,614,539,539,539,539],"floor_reached":24,"language":"KOR","playtime":682,"items_purged":["Defend_B"],"score":258,"play_id":"3c7ed9dc-3e19-4308-ac18-989e3cb7e038","local_time":"20210116012150","is_ascension_mode":true,"campfire_choices":[{"data":"Dualcast","floor":13.0,"key":"SMITH"},{"data":"Darkness","floor":15.0,"key":"SMITH"},{"data":"Darkness","floor":23.0,"key":"SMITH"}],"circlet_count":0,"master_deck":["Strike_B+1","Strike_B","Defend_B+1","Defend_B","Zap","Dualcast+1","Streamline+1","Coolheaded","Darkness+1","Core Surge","Darkness+1","Melter","Redo"],"relics":["Cracked Core","NeowsBlessing","Golden Idol","Vajra","Centennial Puzzle","Odd Mushroom","Pen Nib","Tiny House","DataDisk"],"acts_visited":["Exordium","TheCity"],"potions_floor_usage":[],"damage_taken":[{"damage":0.0,"enemies":"Jaw Worm","floor":1.0,"turns":1.0},{"damage":0.0,"enemies":"Cultist","floor":5.0,"turns":1.0},{"damage":0.0,"enemies":"3 Sentries","floor":6.0,"turns":1.0},{"damage":22.0,"enemies":"The Mushroom Lair","floor":8.0,"turns":4.0},{"damage":0.0,"enemies":"2 Louse","floor":10.0,"turns":1.0},{"damage":6.0,"enemies":"2 Fungi Beasts","floor":14.0,"turns":2.0},{"damage":8.0,"enemies":"Slime Boss","floor":16.0,"turns":5.0},{"damage":7.0,"enemies":"Chosen","floor":18.0,"turns":3.0},{"damage":75,"enemies":"Gremlin Leader","floor":24,"turns":4}],"seed_played":"-9215772831746781234","potions_obtained":[{"floor":6.0,"key":"FocusPotion"},{"floor":14.0,"key":"SpeedPotion"},{"floor":16.0,"key":"GamblersBrew"},{"floor":17.0,"key":"Fruit Juice"}],"is_trial":false,"path_per_floor":["M","?","$","?","M","E","T","?","T","M","?","?","R","M","R","B",null,"M","?","?","?","?","R","E"],"character_chosen":"DEFECT","items_purchased":[],"campfire_rested":0,"item_purchase_floors":[],"current_hp_per_floor":[75,57,57,57,57,57,57,35,35,35,35,20,20,14,14,6,80,73,73,73,73,73,73,0,0],"gold":539,"neow_bonus":"THREE_ENEMY_KILL","is_daily":false,"chose_seed":false,"campfire_upgraded":3,"win_rate":0.0,"timestamp":1610727710,"path_taken":["M","?","$","?","?","E","?","?","T","M","?","?","R","M","R","BOSS","M","?","?","?","?","R","E"],"items_purchased_type":[],"build_version":"2020-12-22","purchased_purges":1,"victory":false,"max_hp_per_floor":[75,75,75,75,75,75,75,75,75,75,75,75,75,75,75,75,80,80,80,80,80,80,80,80,80],"card_choices":[{"not_picked":["Barrage","Static Discharge","Melter"],"picked":"SKIP","floor":1.0},{"not_picked":["Consume","Compile Driver"],"picked":"Streamline","floor":5.0},{"not_picked":["Meteor Strike","Go for the Eyes"],"picked":"Coolheaded","floor":6.0},{"not_picked":["Static Discharge","Reinforced Body","Steam"],"picked":"SKIP","floor":10.0},{"not_picked":["Go for the Eyes","Self Repair"],"picked":"Darkness","floor":14.0},{"not_picked":["Buffer","Biased Cognition"],"picked":"Core Surge","floor":16.0},{"not_picked":["White Noise","Redo+1"],"picked":"Darkness","floor":18.0}],"player_experience":359837,"relics_obtained":[{"floor":6.0,"key":"Vajra"},{"floor":7.0,"key":"Centennial Puzzle"},{"floor":8.0,"key":"Odd Mushroom"},{"floor":9.0,"key":"Pen Nib"}],"event_choices":[{"damage_healed":0.0,"max_hp_gain":0.0,"max_hp_loss":0.0,"gold_gain":0.0,"event_name":"Golden Idol","player_choice":"Take Damage","floor":2.0,"gold_loss":0.0,"damage_taken":18.0,"relics_obtained":["Golden Idol"]},{"damage_healed":0.0,"max_hp_gain":0.0,"max_hp_loss":0.0,"gold_gain":100.0,"event_name":"Golden Shrine","player_choice":"Pray","floor":4.0,"gold_loss":0.0,"damage_taken":0.0},{"damage_healed":0.0,"max_hp_gain":0.0,"max_hp_loss":0.0,"gold_gain":0.0,"event_name":"Mushrooms","player_choice":"Fought Mushrooms","floor":8.0,"gold_loss":0.0,"damage_taken":0.0},{"cards_removed":["Strike_B"],"damage_healed":0.0,"max_hp_gain":0.0,"max_hp_loss":0.0,"gold_gain":0.0,"event_name":"Living Wall","player_choice":"Forget","floor":11.0,"gold_loss":0.0,"damage_taken":0.0},{"damage_healed":0.0,"max_hp_gain":0.0,"max_hp_loss":0.0,"gold_gain":0.0,"event_name":"Shining Light","player_choice":"Entered Light","floor":12.0,"gold_loss":0.0,"damage_taken":15.0,"cards_upgraded":["Defend_B","Strike_B"]},{"damage_healed":0.0,"max_hp_gain":0.0,"max_hp_loss":0.0,"gold_gain":0.0,"event_name":"The Mausoleum","player_choice":"Opened","floor":19.0,"gold_loss":0.0,"damage_taken":0.0,"relics_obtained":["DataDisk"],"cards_obtained":["Writhe"]},{"damage_healed":0.0,"max_hp_gain":0.0,"max_hp_loss":0.0,"gold_gain":99.0,"event_name":"Nest","player_choice":"Stole From Cult","floor":20.0,"gold_loss":0.0,"damage_taken":0.0},{"damage_healed":0.0,"max_hp_gain":0.0,"max_hp_loss":0.0,"gold_gain":0.0,"cards_transformed":["Strike_B","Defend_B"],"event_name":"Drug Dealer","player_choice":"Became Test Subject","floor":21.0,"gold_loss":0.0,"damage_taken":0.0,"cards_obtained":["Melter","Redo"]},{"cards_removed":["Writhe"],"damage_healed":0.0,"max_hp_gain":0.0,"max_hp_loss":0.0,"gold_gain":0.0,"event_name":"Beggar","player_choice":"Gave Gold","floor":22.0,"gold_loss":75.0,"damage_taken":0.0}],"is_beta":false,"boss_relics":[{"not_picked":["Coffee Dripper","Calling Bell"],"picked":"Tiny House"}],"items_purged_floors":[3],"is_endless":false,"potions_floor_spawned":[6,14,16],"killed_by":"Gremlin Leader","ascension_level":4}}