{"host":"1c17lcvl7acx821p","time":1610712207,"event":{"mods":["AchievementEnabler","BaseMod","Colored Map","Minty Spire (QoL Compilation)","StSLib"],"gold_per_floor":[115,115,128,142,42,73,90,90,90,90,118,118,164,206,206,336,336,380,425,78,78,120,120,176,224,296,358,405,451,515,557,557,689,689,735,780,402,449,449,449,504,504,528,528,587,629,207,33,33,33,33,33,6,32,32],"floor_reached":56,"language":"ENG","playtime":5474,"items_purged":["Strike_P","Strike_P","Defend_P","Adaptation","Eruption"],"score":1487,"play_id":"8d9de739-d26a-446a-8677-e2bd8073ef62","local_time":"20210115140327","is_ascension_mode":true,"campfire_choices":[{"data":"DevaForm","floor":10.0,"key":"SMITH"},{"data":"Wish","floor":12.0,"key":"SMITH"},{"data":"BowlingBash","floor":15.0,"key":"SMITH"},{"floor":23.0,"key":"REST"},{"floor":32.0,"key":"REST"},{"floor":40.0,"key":"REST"},{"floor":42,"key":"REST"},{"floor":49,"key":"RECALL"},{"data":"MasterReality","floor":52,"key":"SMITH"}],"circlet_count":0,"master_deck":["Defend_P+1","Defend_P+1","Vigilance+1","Prostrate+1","ReachHeaven","FearNoEvil+1","CrushJoints+1","DevaForm+1","Protect+1","Wish+1","Evaluate+1","BowlingBash+1","LessonLearned+1","Sanctity+1","Alpha+1","Wireheading+1","ConjureBlade","Evaluate+1","Wireheading+1","DeceiveReality+1","Protect+1","Vault+1","Evaluate+1","MasterReality+1","EmptyMind+1","Secret Technique+1","Halt+1","Prostrate+1","Halt+1","Devotion","EmptyBody+1","Secret Weapon+1","Dark Shackles+1","Pray+1","Halt+1","Study","CutThroughFate","Secret Technique+1","EmptyBody+1","Prostrate+1","Pray+1"],"relics":["PureWater","Dream Catcher","Oddly Smooth Stone","HornCleat","Empty Cage","Toxic Egg 2","Smiling Mask","Toy Ornithopter","Sozu","OrangePellets","CaptainsWheel","Centennial Puzzle","Calipers","Membership Card","Nunchaku"],"acts_visited":["Exordium","TheCity","TheBeyond","TheEnding"],"potions_floor_usage":[50],"damage_taken":[{"damage":12.0,"enemies":"Jaw Worm","floor":1.0,"turns":8.0},{"damage":0.0,"enemies":"2 Louse","floor":3.0,"turns":2.0},{"damage":2.0,"enemies":"Cultist","floor":4.0,"turns":4.0},{"damage":14.0,"enemies":"Gremlin Nob","floor":6.0,"turns":3.0},{"damage":1.0,"enemies":"2 Fungi Beasts","floor":7.0,"turns":3.0},{"damage":0.0,"enemies":"Lagavulin","floor":11.0,"turns":6.0},{"damage":3.0,"enemies":"3 Louse","floor":13.0,"turns":4.0},{"damage":11.0,"enemies":"Lots of Slimes","floor":14.0,"turns":7.0},{"damage":43.0,"enemies":"Slime Boss","floor":16.0,"turns":11.0},{"damage":14.0,"enemies":"2 Thieves","floor":18.0,"turns":5.0},{"damage":1.0,"enemies":"Shell Parasite","floor":19.0,"turns":6.0},{"damage":36.0,"enemies":"3 Cultists","floor":22.0,"turns":9.0},{"damage":27.0,"enemies":"Gremlin Leader","floor":24.0,"turns":6.0},{"damage":5.0,"enemies":"Centurion and Healer","floor":25.0,"turns":10.0},{"damage":13.0,"enemies":"Book of Stabbing","floor":27.0,"turns":8.0},{"damage":6.0,"enemies":"Sentry and Sphere","floor":28.0,"turns":10.0},{"damage":5.0,"enemies":"Snake Plant","floor":29.0,"turns":10.0},{"damage":4.0,"enemies":"Gremlin Leader","floor":30.0,"turns":8.0},{"damage":0.0,"enemies":"Snecko","floor":31.0,"turns":7.0},{"damage":4.0,"enemies":"Champ","floor":33.0,"turns":11.0},{"damage":37.0,"enemies":"Orb Walker","floor":35.0,"turns":9.0},{"damage":6.0,"enemies":"3 Darklings","floor":36.0,"turns":10.0},{"damage":19.0,"enemies":"Writhing Mass","floor":38.0,"turns":8.0},{"damage":32,"enemies":"Reptomancer","floor":41,"turns":10},{"damage":0,"enemies":"Nemesis","floor":45,"turns":8},{"damage":24,"enemies":"Transient","floor":46,"turns":6},{"damage":0,"enemies":"Awakened One","floor":50,"turns":15},{"damage":12,"enemies":"Shield and Spear","floor":54,"turns":11},{"damage":63,"enemies":"The Heart","floor":55,"turns":14}],"seed_played":"939622084255241686","potions_obtained":[{"floor":6.0,"key":"SmokeBomb"},{"floor":7.0,"key":"Fire Potion"},{"floor":11.0,"key":"ColorlessPotion"},{"floor":13.0,"key":"Regen Potion"},{"floor":16.0,"key":"FairyPotion"},{"floor":19.0,"key":"DistilledChaos"},{"floor":22.0,"key":"Fire Potion"},{"floor":25.0,"key":"Ambrosia"},{"floor":29.0,"key":"SpeedPotion"},{"floor":30.0,"key":"Dexterity Potion"},{"floor":33.0,"key":"SpeedPotion"}],"is_trial":false,"path_per_floor":["M","?","M","M","$","E","M","?","T","R","E","R","M","M","R","B",null,"M","M","$","?","M","R","E","M","T","E","M","M","E","M","R","B",null,"M","M","$","M","?","R","E","R","T","?","E","M","$","$","R","B",null,"R","$","E","B",null],"character_chosen":"WATCHER","items_purchased":["CrushJoints","Sanctity","Alpha","Wireheading","OrangePellets","Secret Technique+1","Membership Card","Secret Weapon+1","Dark Shackles+1","Pray+1","Halt+1","Study","CutThroughFate","Secret Technique+1","EmptyBody+1","Prostrate+1"],"campfire_rested":4,"item_purchase_floors":[5,20,20,20,37,37,47,47,47,47,47,47,48,48,48,53],"current_hp_per_floor":[67,51,51,49,49,35,34,60,60,60,60,60,57,46,46,18,79,65,64,64,64,28,51,24,19,19,6,23,18,14,19,42,38,79,42,36,36,22,22,45,13,36,36,36,36,12,12,12,12,17,79,79,79,67,4],"gold":32,"neow_bonus":"TEN_PERCENT_HP_BONUS","is_daily":false,"chose_seed":false,"campfire_upgraded":4,"win_rate":0.0,"timestamp":1610712207,"path_taken":["M","?","M","M","$","E","M","?","T","R","E","R","M","M","R","BOSS","M","M","$","?","M","R","E","M","T","E","?","M","E","M","R","BOSS","M","M","$","M","?","R","E","R","T","?","E","?","?","$","R","BOSS","R","$","E","BOSS"],"items_purchased_type":["Card","Card","Card","Card","Relic","Card","Relic","Card","Card","Card","Card","Card","Card","Card","Card","Card"],"build_version":"2020-12-22","purchased_purges":5,"victory":true,"max_hp_per_floor":[79,79,79,79,79,79,79,79,79,79,79,79,79,79,79,79,79,79,79,79,79,79,79,79,79,79,79,79,79,79,79,79,79,79,79,79,79,79,79,79,79,79,79,79,79,79,79,79,79,79,79,79,79,79,79],"card_choices":[{"not_picked":["ClearTheMind","Evaluate"],"picked":"Prostrate","floor":1.0},{"not_picked":["EmptyFist","Crescendo"],"picked":"ReachHeaven","floor":3.0},{"not_picked":["Protect","Pray"],"picked":"FearNoEvil","floor":4.0},{"not_picked":["WheelKick","WindmillStrike"],"picked":"DevaForm","floor":6.0},{"not_picked":["WreathOfFlame","Crescendo"],"picked":"Protect","floor":7.0},{"not_picked":["JustLucky","ForeignInfluence"],"picked":"Wish","floor":11.0},{"not_picked":["FollowUp","Worship"],"picked":"Evaluate","floor":13.0},{"not_picked":["Prostrate","CutThroughFate"],"picked":"BowlingBash","floor":14.0},{"not_picked":["MasterReality","ConjureBlade"],"picked":"LessonLearned","floor":16.0},{"not_picked":["SashWhip","CrushJoints","BowlingBash"],"picked":"SKIP","floor":18.0},{"not_picked":["Perseverance+1","FlyingSleeves+1","ForeignInfluence"],"picked":"SKIP","floor":19.0},{"not_picked":["Vengeance","EmptyBody+1"],"picked":"Evaluate","floor":22.0},{"not_picked":["BowlingBash","SandsOfTime+1"],"picked":"Wireheading","floor":24.0},{"not_picked":["WheelKick","ThirdEye+1"],"picked":"DeceiveReality+1","floor":25.0},{"not_picked":["WindmillStrike","PathToVictory+1"],"picked":"Adaptation","floor":27.0},{"not_picked":["Tantrum","CrushJoints"],"picked":"Protect+1","floor":28.0},{"not_picked":["CrushJoints+1","FlyingSleeves+1","FlurryOfBlows"],"picked":"SKIP","floor":29.0},{"not_picked":["Halt+1","SashWhip"],"picked":"Vault+1","floor":30.0},{"not_picked":["Protect+1","JustLucky"],"picked":"Evaluate+1","floor":31.0},{"not_picked":["Evaluate+1","SandsOfTime"],"picked":"SashWhip+1","floor":32.0},{"not_picked":["Ragnarok","Brilliance"],"picked":"MasterReality","floor":33.0},{"not_picked":["Nirvana","ForeignInfluence+1","CarveReality"],"picked":"SKIP","floor":35.0},{"not_picked":["Crescendo+1","JustLucky+1"],"picked":"EmptyMind+1","floor":36.0},{"not_picked":["FlyingSleeves","InnerPeace+1"],"picked":"Halt+1","floor":38.0},{"not_picked":["ThirdEye+1","ClearTheMind+1"],"picked":"Prostrate+1","floor":40.0},{"not_picked":["FlurryOfBlows+1","Alpha+1"],"picked":"Halt+1","floor":41},{"not_picked":["FlurryOfBlows","Perseverance+1","Wireheading"],"picked":"SKIP","floor":45},{"not_picked":["Crescendo+1","Prostrate+1"],"picked":"EmptyBody+1","floor":46},{"not_picked":["FollowUp+1","WreathOfFlame+1"],"picked":"Pray+1","floor":54}],"player_experience":86664,"relics_obtained":[{"floor":6.0,"key":"Dream Catcher"},{"floor":9.0,"key":"Oddly Smooth Stone"},{"floor":11.0,"key":"HornCleat"},{"floor":24.0,"key":"Toxic Egg 2"},{"floor":27.0,"key":"Smiling Mask"},{"floor":30.0,"key":"Toy Ornithopter"},{"floor":41,"key":"CaptainsWheel"},{"floor":43,"key":"Centennial Puzzle"},{"floor":45,"key":"Calipers"},{"floor":54,"key":"Nunchaku"}],"event_choices":[{"damage_healed":0.0,"max_hp_gain":0.0,"max_hp_loss":0.0,"gold_gain":0.0,"event_name":"Shining Light","player_choice":"Entered Light","floor":2.0,"gold_loss":0.0,"damage_taken":16.0,"cards_upgraded":["Defend_P","Defend_P"]},{"damage_healed":26.0,"max_hp_gain":0.0,"max_hp_loss":0.0,"gold_gain":0.0,"event_name":"Big Fish","player_choice":"Banana","floor":8.0,"gold_loss":0.0,"damage_taken":0.0},{"damage_healed":0.0,"max_hp_gain":0.0,"max_hp_loss":0.0,"gold_gain":0.0,"cards_transformed":["Strike_P"],"event_name":"Transmorgrifier","player_choice":"Transformed","floor":21.0,"gold_loss":0.0,"damage_taken":0.0,"cards_obtained":["ConjureBlade"]},{"cards_removed":["SashWhip"],"damage_healed":0.0,"max_hp_gain":0.0,"max_hp_loss":0.0,"gold_gain":0.0,"event_name":"Falling","player_choice":"Removed Attack","floor":39.0,"gold_loss":0.0,"damage_taken":0.0},{"damage_healed":0,"gold_gain":0,"player_choice":"1 cards matched","damage_taken":0,"max_hp_gain":0,"max_hp_loss":0,"event_name":"Match and Keep!","floor":44,"gold_loss":0,"cards_obtained":["Devotion"]}],"is_beta":false,"boss_relics":[{"not_picked":["Coffee Dripper","Philosopher\u0027s Stone"],"picked":"Empty Cage"},{"not_picked":["Astrolabe","Tiny House"],"picked":"Sozu"}],"items_purged_floors":[5,20,37,47,48],"is_endless":false,"potions_floor_spawned":[6,7,11,13,16,19,22,25,29,30,33,45,46],"ascension_level":2}}