{"host":"u3jctbsl7uavviuy","time":1610727347,"event":{"mods":["ATMod(阿瑾Mod)","Arknights The Spire","BaseMod","BetterRewards","GungeonMod","HololiveMod","Luminous","Marisa（F雨　魔理沙）","Minty Spire (QoL Compilation)","Relic Stats","Replay The Spire","Shop Mod","Spicy Shops","StSLib","TestMod","The Animator","The Cursed","The Gatherer","The Servant 0.9.4","WarShipGirlsR/战舰少女R mod","vexMod","篝火指南"],"gold_per_floor":[111,123,134,150,163,192,192,218,218,218,253,17,17,46,46,148,148,167,167,567,567,482,514,532,560,560,560,161,181,81,91,91,191,291,311,311,586,586,600,634,374,386,386,419,435,446,472,489,489,489,489,10,10,39,39],"floor_reached":56,"language":"ZHS","playtime":1631,"items_purged":["Strike_B","Zap","Defend_B","Defend_B","Dualcast"],"score":2156,"play_id":"1e9376f2-abd5-49eb-83f4-bf2e84aa6038","local_time":"20210116011547","is_ascension_mode":true,"campfire_choices":[{"floor":7,"key":"REST"},{"floor":10,"key":"REST"},{"data":"AT_EMC2","floor":13,"key":"SMITH"},{"data":"AT_ThunderBolt","floor":15,"key":"SMITH"},{"floor":27,"key":"RECALL"},{"data":"Pot Of Greed","floor":32,"key":"SMITH"},{"data":"AT_StudyProgram","floor":49,"key":"SMITH"}],"circlet_count":0,"master_deck":["Defend_B","Defend_B","AT_StudyProgram+1","AT_EMC2+1","AT_ThunderBolt+1","Ball Lightning","AT_DarkMatter","Turbo","Core Surge","Defragment","Static Discharge","Conserve Battery","Coolheaded","Leap","Ball Lightning","Coolheaded","Aggregate","Seek+1","AT_HeatAcrobatics+1","AT_EMC2+1","Seek+1","Pot Of Greed+1","Pot Of Greed+1","Pot Of Greed+1","Recycle","Capacitor+1","Defragment","AT_StudyProgram+1","Skim"],"relics":["Cracked Core","AT_ATBox","testmod-BalancedPeriapt","Matryoshka","Raider\u0027s Mask","testmod-AssaultLearning","Anchor","The Courier","testmod-IntensifyImprint","Question Card","Symbiotic Virus","Omamori","Orrery","PreservedInsect","AT_Kusabimaru","Astrolabe","AT_SilvercatRing","Onion Ring","Grinning Jar","Blue Doll","Bottled Tornado","Lantern","Eternal Feather","Replay:Wanted Poster","Meat on the Bone","AT_RedTearstoneRing","DataDisk","ClockworkSouvenir","DemoMod:WhiteGuonStone","Bag of Marbles","DemoMod:GlassGuonStoneRelic","AT_BellowingDragoncrestRing"],"acts_visited":["Exordium","TheCity","TheBeyond","TheEnding"],"potions_floor_usage":[6,8,8,11,25,44,50,50,54,55,55,55],"damage_taken":[{"damage":0,"enemies":"Small Slimes","floor":1,"turns":3},{"damage":0,"enemies":"2 Louse","floor":2,"turns":3},{"damage":2,"enemies":"Jaw Worm","floor":3,"turns":2},{"damage":0,"enemies":"2 Fungi Beasts","floor":4,"turns":3},{"damage":8,"enemies":"Large Slime","floor":5,"turns":5},{"damage":14,"enemies":"Gremlin Nob","floor":6,"turns":4},{"damage":10,"enemies":"Lagavulin","floor":8,"turns":4},{"damage":0,"enemies":"3 Sentries","floor":11,"turns":4},{"damage":0,"enemies":"Lagavulin","floor":14,"turns":4},{"damage":23,"enemies":"Hexaghost","floor":16,"turns":6},{"damage":1,"enemies":"3 Byrds","floor":18,"turns":3},{"damage":0,"enemies":"Replay:Snechameleon","floor":23,"turns":2},{"damage":5,"enemies":"Shell Parasite","floor":24,"turns":3},{"damage":6,"enemies":"Slavers","floor":25,"turns":3},{"damage":2,"enemies":"Snake Plant","floor":29,"turns":2},{"damage":13,"enemies":"Centurion and Healer","floor":31,"turns":3},{"damage":0,"enemies":"Automaton","floor":33,"turns":3},{"damage":0,"enemies":"3 Shapes","floor":35,"turns":4},{"damage":0,"enemies":"3 Darklings","floor":39,"turns":2},{"damage":1,"enemies":"R_Hoarder","floor":40,"turns":3},{"damage":0,"enemies":"Sphere and 2 Shapes","floor":42,"turns":3},{"damage":4,"enemies":"Nemesis","floor":44,"turns":4},{"damage":7,"enemies":"Jaw Worm Horde","floor":45,"turns":2},{"damage":7,"enemies":"Maw","floor":46,"turns":3},{"damage":0,"enemies":"4 Shapes","floor":48,"turns":2},{"damage":0,"enemies":"Time Eater","floor":50,"turns":2},{"damage":0,"enemies":"Shield and Spear","floor":54,"turns":2},{"damage":13,"enemies":"The Heart","floor":55,"turns":5}],"seed_played":"2142608383948481643","potions_obtained":[{"floor":1,"key":"Fire Potion"},{"floor":5,"key":"LifebloodPotion"},{"floor":6,"key":"Energy Potion"},{"floor":11,"key":"DuplicationPotion"},{"floor":16,"key":"Block Potion"},{"floor":18,"key":"Venom Potion"},{"floor":29,"key":"Dexterity Potion"},{"floor":44,"key":"testmod-SpacePotion"},{"floor":45,"key":"FocusPotion"},{"floor":46,"key":"Swift Potion"}],"is_trial":false,"path_per_floor":["M","M","M","M","M","E","R","E","T","R","E","$","R","E","R","B",null,"M","?","?","?","?","E","M","E","T","R","$","M","$","M","R","B",null,"M","?","?","$","M","E","$","M","T","E","M","M","T","M","R","B",null,"R","$","E","B",null],"character_chosen":"DEFECT","items_purchased":["AT_EMC2","Matryoshka","AT_ThunderBolt","Raider\u0027s Mask","testmod-AssaultLearning","DistilledChaos","Ball Lightning","Anchor","AT_DarkMatter","Orrery","PreservedInsect","Lantern","Eternal Feather","ClockworkSouvenir","DemoMod:WhiteGuonStone","Bag of Marbles","Skim","SkillPotion","Dexterity Potion"],"campfire_rested":2,"item_purchase_floors":[0,0,0,0,0,0,0,0,0,12,12,28,28,52,52,52,52,52,52],"current_hp_per_floor":[34,34,32,32,24,10,32,22,22,44,44,44,44,44,44,21,62,61,61,61,61,61,61,56,50,50,50,50,48,48,35,50,50,69,69,69,69,69,69,68,68,68,68,64,57,50,50,50,65,65,73,75,75,75,62],"gold":39,"neow_bonus":"","is_daily":false,"chose_seed":false,"campfire_upgraded":4,"win_rate":0.0,"timestamp":1610727347,"path_taken":["M","M","M","M","M","E","R","E","T","R","E","$","R","E","R","BOSS","M","?","?","?","?","E","?","E","T","R","$","M","$","M","R","BOSS","M","?","?","$","M","E","$","M","T","E","?","M","?","M","R","BOSS","R","$","E","BOSS"],"items_purchased_type":["Card","Relic","Card","Relic","Relic","Potion","Card","Relic","Card","Relic","Relic","Relic","Relic","Relic","Relic","Relic","Card","Potion","Potion"],"build_version":"2020-12-22","purchased_purges":5,"victory":true,"max_hp_per_floor":[75,75,75,75,75,75,75,75,75,75,75,75,75,75,75,75,75,75,75,75,75,75,75,75,75,75,75,75,75,75,75,75,75,75,75,75,75,75,75,75,75,75,75,75,75,75,75,75,75,75,75,75,75,75,75],"relic_stats":{"counters":[244,1093],"Astrolabe":["AT_HeatAcrobatics","AT_EMC2","Seek"],"Eternal Feather":92,"PreservedInsect":422,"Question Card":33,"obtain_stats":[{"TwistedFunnel":49,"Golden Egg":19,"vexMod:MemoryStick":12,"AT_ATBox":11,"Whetstone":49,"Bottled Tornado":26,"Sling":32,"testmod-BlackFramedGlasses":0,"Replay:Wanted Poster":34,"Replay:Ringing Soul":13,"vexMod:CardConverter":45,"vexMod:EndlessSickness":34,"Replay:Bronze Core":17,"Replay:Bottled Flurry":42,"Replay:Wax Seal":0,"testmod-IntensifyImprint":0,"AT_RedTearstoneRing":44,"testmod-TestBox":0,"Pear":45,"Blue Candle":0,"Eternal Feather":44,"Pen Nib":25,"Replay:Ancient Bell":17,"Paper Crane":31,"AT_SilvercatRing":19,"testmod-Fortitude":47,"SlaversCollar":17,"DemoMod:MeatBun":53,"DemoMod:SerJunkan":5,"Lantern":29,"Singing Bowl":6,"testmod-Temperance":17,"Blue Doll":31,"Ancient Tea Set":0,"Burning Blood":0,"testmod-CasingShield":32,"Replay:Rubber Ducky":19,"testmod-StringDisintegrator":34,"Matryoshka":0,"AT_Kusabimaru":14,"Toolbox":32,"Chemical X":0,"Replay:Bottled Eggs":9,"InkBottle":9,"Ring of the Snake":0,"Lee\u0027s Waffle":0,"vexMod:BerryBomb":7,"DemoMod:PartiallyEatenCheese":11,"testmod-CardMagician":6,"PreservedInsect":6,"DemoMod:PinkGuonStone":36,"The Courier":6,"Geode":43,"Omamori":11,"Frozen Egg 2":0,"testmod-ConstraintPeriapt":6,"MawBank":40,"AT_ImmortalShieldbow":12,"AT_BellowingDragoncrestRing":54,"testmod-Hope":43,"Orrery":20,"Garlic":30,"Art of War":26,"Bottled Lightning":8,"testmod-BalancedPeriapt":5,"Toy Ornithopter":27,"DemoMod:BlueGuonStone":25,"Tiny House":34,"Calipers":0,"AT_MibuBalloonWealth":0,"Vajra":23,"testmod-IWantAll":0,"DemoMod:GlassGuonStoneRelic":8,"Raider\u0027s Mask":0,"Replay:Frozen Program":0,"DollysMirror":44,"DemoMod:Metronome":14,"Strawberry":24,"Honey Jar":17,"Philosopher\u0027s Stone":34,"Iron Hammer":0,"Toxic Egg 2":29,"DemoMod:ClearGuonStone":11,"Happy Flower":40,"Astrolabe":34,"testmod-FatalChain":13,"Oddly Smooth Stone":53,"Charon\u0027s Ashes":26,"vexMod:PaidLearning":53,"Letter Opener":26,"War Paint":8,"Question Card":23,"testmod-SaigiyounoYou":34,"WarpedTongs":38,"testmod-RealStoneCalender":47,"Replay:Baseball":32,"vexMod:Cooldron":44,"Shuriken":27,"testmod-Acrobat":8,"Bronze Scales":8,"Hololive_TheStar":22,"Onion Ring":6,"Molten Egg 2":0,"ReplayTheSpireMod:TigerMarble":26,"Grinning Jar":40,"testmod-EnergyCheck":8,"Symbiotic Virus":10,"Meat on the Bone":43,"ReplayFunnel":8,"Incense Burner":13,"DemoMod:WhiteGuonStone":0,"Replay:Mystery Machine":42,"Empty Cage":31,"PrismaticShard":5,"testmod-Charity":39,"ClockworkSouvenir":39,"Nunchaku":47,"testmod-Alchemist":22,"Pantograph":30,"Tiny Chest":31,"Cracked Core":6,"Gremlin Food":43,"DemoMod:Junk":6,"ReplayTheSpireMod:Ninjato":42,"vexMod:ConsolationPrize":26,"Guide Book":36,"Replay:WaspNest":24,"testmod-IndustrialRevolution":0,"White Beast Statue":49,"testmod-Antiphasic":30,"Anchor":0,"Hololive_LightStick":32,"DataDisk":49,"vexMod:BarristanHead":6,"testmod-AssaultLearning":47,"Another Sword":0,"Bag of Marbles":12,"Membership Card":32,"TungstenRod":40,"FossilizedHelix":2},{"TwistedFunnel":79,"Golden Egg":203,"vexMod:MemoryStick":6,"AT_ATBox":200,"Whetstone":23,"Bottled Tornado":230,"Sling":129,"testmod-BlackFramedGlasses":110,"Replay:Wanted Poster":233,"Replay:Ringing Soul":148,"vexMod:CardConverter":76,"vexMod:EndlessSickness":43,"Replay:Bronze Core":149,"Replay:Bottled Flurry":105,"Replay:Wax Seal":56,"testmod-IntensifyImprint":0,"AT_RedTearstoneRing":238,"testmod-TestBox":0,"Pear":50,"Blue Candle":194,"Eternal Feather":106,"Pen Nib":13,"Replay:Ancient Bell":202,"Paper Crane":69,"AT_SilvercatRing":227,"testmod-Fortitude":78,"SlaversCollar":119,"DemoMod:MeatBun":54,"DemoMod:SerJunkan":112,"Lantern":42,"Singing Bowl":143,"testmod-Temperance":176,"Blue Doll":16,"Ancient Tea Set":168,"Burning Blood":0,"testmod-CasingShield":16,"Replay:Rubber Ducky":10,"testmod-StringDisintegrator":212,"Matryoshka":216,"AT_Kusabimaru":225,"Toolbox":129,"Chemical X":0,"Replay:Bottled Eggs":60,"InkBottle":114,"Ring of the Snake":0,"Lee\u0027s Waffle":168,"vexMod:BerryBomb":86,"DemoMod:PartiallyEatenCheese":87,"testmod-CardMagician":113,"PreservedInsect":59,"DemoMod:PinkGuonStone":71,"The Courier":222,"Geode":133,"Omamori":224,"Frozen Egg 2":0,"testmod-ConstraintPeriapt":28,"MawBank":19,"AT_ImmortalShieldbow":200,"AT_BellowingDragoncrestRing":243,"testmod-Hope":20,"Orrery":35,"Garlic":42,"Art of War":180,"Bottled Lightning":5,"testmod-BalancedPeriapt":221,"Toy Ornithopter":40,"DemoMod:BlueGuonStone":96,"Tiny House":17,"Calipers":168,"AT_MibuBalloonWealth":194,"Vajra":12,"testmod-IWantAll":0,"DemoMod:GlassGuonStoneRelic":5,"Raider\u0027s Mask":216,"Replay:Frozen Program":168,"DollysMirror":162,"DemoMod:Metronome":201,"Strawberry":180,"Honey Jar":33,"Philosopher\u0027s Stone":70,"Iron Hammer":80,"Toxic Egg 2":68,"DemoMod:ClearGuonStone":116,"Happy Flower":46,"Astrolabe":130,"testmod-FatalChain":148,"Oddly Smooth Stone":54,"Charon\u0027s Ashes":13,"vexMod:PaidLearning":192,"Letter Opener":153,"War Paint":172,"Question Card":153,"testmod-SaigiyounoYou":157,"WarpedTongs":215,"testmod-RealStoneCalender":22,"Replay:Baseball":16,"vexMod:Cooldron":162,"Shuriken":67,"testmod-Acrobat":29,"Bronze Scales":144,"Hololive_TheStar":94,"Onion Ring":4,"Molten Egg 2":24,"ReplayTheSpireMod:TigerMarble":96,"Grinning Jar":74,"testmod-EnergyCheck":172,"Symbiotic Virus":173,"Meat on the Bone":237,"ReplayFunnel":60,"Incense Burner":117,"DemoMod:WhiteGuonStone":138,"Replay:Mystery Machine":187,"Empty Cage":42,"PrismaticShard":112,"testmod-Charity":18,"ClockworkSouvenir":18,"Nunchaku":190,"testmod-Alchemist":94,"Pantograph":210,"Tiny Chest":211,"Cracked Core":113,"Gremlin Food":75,"DemoMod:Junk":113,"ReplayTheSpireMod:Ninjato":20,"vexMod:ConsolationPrize":67,"Guide Book":101,"Replay:WaspNest":38,"testmod-IndustrialRevolution":110,"White Beast Statue":23,"testmod-Antiphasic":98,"Anchor":24,"Hololive_LightStick":129,"DataDisk":137,"vexMod:BarristanHead":28,"testmod-AssaultLearning":52,"Another Sword":0,"Bag of Marbles":32,"Membership Card":16,"TungstenRod":104,"FossilizedHelix":195},{"TwistedFunnel":323,"Golden Egg":943,"vexMod:MemoryStick":25,"AT_ATBox":921,"Whetstone":96,"Bottled Tornado":1053,"Sling":559,"testmod-BlackFramedGlasses":434,"Replay:Wanted Poster":1061,"Replay:Ringing Soul":638,"vexMod:CardConverter":316,"vexMod:EndlessSickness":180,"Replay:Bronze Core":647,"Replay:Bottled Flurry":407,"Replay:Wax Seal":232,"testmod-IntensifyImprint":0,"AT_RedTearstoneRing":1077,"testmod-TestBox":0,"Pear":207,"Blue Candle":903,"Eternal Feather":411,"Pen Nib":56,"Replay:Ancient Bell":938,"Paper Crane":290,"AT_SilvercatRing":1045,"testmod-Fortitude":321,"SlaversCollar":490,"DemoMod:MeatBun":222,"DemoMod:SerJunkan":439,"Lantern":173,"Singing Bowl":617,"testmod-Temperance":789,"Blue Doll":65,"Ancient Tea Set":751,"Burning Blood":0,"testmod-CasingShield":65,"Replay:Rubber Ducky":40,"testmod-StringDisintegrator":991,"Matryoshka":1004,"AT_Kusabimaru":1036,"Toolbox":559,"Chemical X":0,"Replay:Bottled Eggs":248,"InkBottle":453,"Ring of the Snake":0,"Lee\u0027s Waffle":751,"vexMod:BerryBomb":343,"DemoMod:PartiallyEatenCheese":345,"testmod-CardMagician":440,"PreservedInsect":244,"DemoMod:PinkGuonStone":300,"The Courier":1024,"Geode":583,"Omamori":1032,"Frozen Egg 2":0,"testmod-ConstraintPeriapt":107,"MawBank":82,"AT_ImmortalShieldbow":923,"AT_BellowingDragoncrestRing":1088,"testmod-Hope":86,"Orrery":139,"Garlic":173,"Art of War":811,"Bottled Lightning":22,"testmod-BalancedPeriapt":1018,"Toy Ornithopter":164,"DemoMod:BlueGuonStone":372,"Tiny House":71,"Calipers":751,"AT_MibuBalloonWealth":903,"Vajra":51,"testmod-IWantAll":0,"DemoMod:GlassGuonStoneRelic":22,"Raider\u0027s Mask":1004,"Replay:Frozen Program":751,"DollysMirror":703,"DemoMod:Metronome":927,"Strawberry":811,"Honey Jar":132,"Philosopher\u0027s Stone":297,"Iron Hammer":329,"Toxic Egg 2":285,"DemoMod:ClearGuonStone":463,"Happy Flower":190,"Astrolabe":566,"testmod-FatalChain":637,"Oddly Smooth Stone":222,"Charon\u0027s Ashes":56,"vexMod:PaidLearning":885,"Letter Opener":665,"War Paint":767,"Question Card":665,"testmod-SaigiyounoYou":687,"WarpedTongs":1003,"testmod-RealStoneCalender":91,"Replay:Baseball":65,"vexMod:Cooldron":703,"Shuriken":282,"testmod-Acrobat":113,"Bronze Scales":624,"Hololive_TheStar":364,"Onion Ring":17,"Molten Egg 2":98,"ReplayTheSpireMod:TigerMarble":372,"Grinning Jar":308,"testmod-EnergyCheck":763,"Symbiotic Virus":774,"Meat on the Bone":1073,"ReplayFunnel":248,"Incense Burner":467,"DemoMod:WhiteGuonStone":602,"Replay:Mystery Machine":851,"Empty Cage":173,"PrismaticShard":439,"testmod-Charity":78,"ClockworkSouvenir":78,"Nunchaku":870,"testmod-Alchemist":364,"Pantograph":981,"Tiny Chest":985,"Cracked Core":440,"Gremlin Food":313,"DemoMod:Junk":451,"ReplayTheSpireMod:Ninjato":86,"vexMod:ConsolationPrize":282,"Guide Book":393,"Replay:WaspNest":151,"testmod-IndustrialRevolution":434,"White Beast Statue":96,"testmod-Antiphasic":381,"Anchor":98,"Hololive_LightStick":559,"DataDisk":596,"vexMod:BarristanHead":109,"testmod-AssaultLearning":214,"Another Sword":0,"Bag of Marbles":125,"Membership Card":65,"TungstenRod":402,"FossilizedHelix":905}],"Meat on the Bone":0},"card_choices":[{"not_picked":["Leap","Rebound"],"picked":"Turbo","floor":1},{"not_picked":["Stack","Coolheaded"],"picked":"Core Surge","floor":2},{"not_picked":["Sweeping Beam","Panic Button"],"picked":"Defragment","floor":3},{"not_picked":["Thunder Strike","Doom and Gloom"],"picked":"Static Discharge","floor":4},{"not_picked":["Buffer","AT_RobotInSpace"],"picked":"Conserve Battery","floor":5},{"not_picked":["Streamline","Stack"],"picked":"Coolheaded","floor":6},{"not_picked":["Barrage","AT_HeatAcrobatics"],"picked":"Leap","floor":8},{"not_picked":["Barrage","Mirror Shield","Stack"],"picked":"Ball Lightning","floor":11},{"not_picked":["BasicCrystalCard","Lockon","Beam Cell"],"picked":"Coolheaded","floor":12},{"not_picked":["Sunder","Buffer","Barrage"],"picked":"Aggregate","floor":14},{"not_picked":["Mirror Shield","Hyperbeam","ReplayTheSpireMod:Fabricate Wheel"],"picked":"Seek","floor":16},{"not_picked":["Sweeping Beam","Stack","Go for the Eyes","Reprogram"],"picked":"SKIP","floor":18},{"not_picked":["ReplayTheSpireMod:Fabricate Wheel","ReplaySolidLightProjector+1","Redo","AT_HeatAcrobatics"],"picked":"SKIP","floor":23},{"not_picked":["AT_WarpDrive","Barrage+1","Reinforced Body"],"picked":"Recycle","floor":24},{"not_picked":["Leap","BasicCrystalCard+1","Steam Power"],"picked":"Capacitor","floor":25},{"not_picked":["Leap","Blizzard","Cold Snap"],"picked":"Defragment","floor":29},{"not_picked":["Doom and Gloom+1","Redo","Genetic Algorithm","Stack"],"picked":"SKIP","floor":31},{"not_picked":["Redo+1","Auto Shields","Stack","Cold Snap"],"picked":"SKIP","floor":35},{"not_picked":["AT_ThreeBodyProblem+1","Beam Cell","ReplayTheSpireMod:Reroute Power+1","Reprogram"],"picked":"SKIP","floor":39},{"not_picked":["Gash","Cold Snap+1","ReplayTheSpireMod:Calculation Training+1","Panic Button+1"],"picked":"SKIP","floor":40},{"not_picked":["Turbo","Consume","BootSequence+1","Rebound"],"picked":"SKIP","floor":42},{"not_picked":["Multi-Cast","Beam Cell+1","Ball Lightning+1"],"picked":"AT_StudyProgram+1","floor":44},{"not_picked":["White Noise","Panic Button","Cold Snap","Blizzard"],"picked":"SKIP","floor":45},{"not_picked":["Cold Snap+1","Barrage+1","Gash","Streamline+1"],"picked":"SKIP","floor":46},{"not_picked":["ReplayTheSpireMod:Reroute Power","AT_ThunderBolt+1","Rebound","Hologram"],"picked":"SKIP","floor":48},{"not_picked":["Ball Lightning+1","Cold Snap+1","Turbo+1","Darkness"],"picked":"SKIP","floor":54}],"player_experience":438489,"relics_obtained":[{"floor":6,"key":"The Courier"},{"floor":8,"key":"testmod-IntensifyImprint"},{"floor":9,"key":"Question Card"},{"floor":9,"key":"Symbiotic Virus"},{"floor":11,"key":"Omamori"},{"floor":14,"key":"AT_Kusabimaru"},{"floor":23,"key":"Grinning Jar"},{"floor":25,"key":"Blue Doll"},{"floor":26,"key":"Bottled Tornado"},{"floor":43,"key":"Meat on the Bone"},{"floor":44,"key":"AT_RedTearstoneRing"},{"floor":47,"key":"DataDisk"},{"floor":54,"key":"AT_BellowingDragoncrestRing"}],"event_choices":[{"damage_healed":0,"gold_gain":0,"player_choice":"Opened","damage_taken":0,"relics_obtained":["AT_SilvercatRing"],"max_hp_gain":0,"max_hp_loss":0,"event_name":"The Mausoleum","floor":19,"gold_loss":0},{"damage_healed":0,"gold_gain":400,"player_choice":"Sell","damage_taken":0,"max_hp_gain":0,"max_hp_loss":0,"event_name":"恩洛斯的盘子","floor":20,"relics_lost":["testmod-TestBox"],"gold_loss":0},{"damage_healed":0,"gold_gain":0,"player_choice":"Ignored","damage_taken":0,"max_hp_gain":0,"max_hp_loss":0,"event_name":"Cursed Tome","floor":21,"gold_loss":0},{"damage_healed":0,"gold_gain":0,"player_choice":"Obtained Relic","damage_taken":0,"relics_obtained":["Onion Ring"],"max_hp_gain":0,"max_hp_loss":0,"event_name":"Addict","floor":22,"gold_loss":85},{"damage_healed":0,"gold_gain":0,"player_choice":"Ignored","damage_taken":0,"max_hp_gain":0,"max_hp_loss":0,"event_name":"Tomb of Lord Red Mask","floor":36,"gold_loss":0},{"damage_healed":0,"gold_gain":275,"player_choice":"Desecrate","damage_taken":0,"max_hp_gain":0,"max_hp_loss":0,"event_name":"Golden Shrine","floor":37,"gold_loss":0,"cards_obtained":["Regret"]}],"is_beta":false,"boss_relics":[{"not_picked":["SlaversCollar","testmod-HarvestTotem"],"picked":"Astrolabe"},{"not_picked":["testmod-KeyOfTheVoid","testmod-DeterminationOfClimber"],"picked":"Replay:Wanted Poster"}],"items_purged_floors":[12,28,30,41,41],"is_endless":false,"potions_floor_spawned":[1,5,6,11,16,18,29,31,44,45,46],"ascension_level":5}}