{"host":"w4b7hmige5bnqipq","time":1610690423,"event":{"mods":["2.2 Compatiblity","BaseMod","Colored Map","DeckTracker","Keyboard Shortcuts","Minty Spire (QoL Compilation)","Permanent Neow","Rare Cards Sparkle","SuperFastMode","everything is the same but u backflip on backflip","slay the spire mod where everything is the same but ironclad has a cowboy hat"],"gold_per_floor":[12,26,41,61,61,61,91,110,157,157,183,183,202,213,213,291,291,310,323,323,373,373,373,403,403,428,441,441,199,214,214,214],"floor_reached":31,"language":"KOR","playtime":1035,"items_purged":["Strike_G"],"score":514,"play_id":"76250f49-2302-4800-ad6a-3b45a3395007","local_time":"20210115150023","is_ascension_mode":true,"campfire_choices":[{"data":"Adrenaline","floor":6.0,"key":"SMITH"},{"floor":10.0,"key":"REST"},{"data":"Poisoned Stab","floor":12.0,"key":"SMITH"},{"floor":15.0,"key":"REST"},{"data":"Phantasmal Killer","floor":23.0,"key":"SMITH"},{"floor":25.0,"key":"REST"}],"circlet_count":0,"master_deck":["AscendersBane","Strike_G","Strike_G","Strike_G","Defend_G","Defend_G","Defend_G","Defend_G","Defend_G+1","Survivor+1","Neutralize","Adrenaline+1","Eviscerate","Dagger Spray","Corpse Explosion","Poisoned Stab+1","Dagger Throw","Phantasmal Killer+1","Cloak And Dagger","Masterful Stab+1","Wraith Form v2","Blur+1","Acrobatics","Adrenaline+1","Blade Dance"],"relics":["Ring of the Serpent","Matryoshka","Pen Nib","Nunchaku","Centennial Puzzle","Blood Vial","Question Card","War Paint","DollysMirror"],"acts_visited":["Exordium","TheCity"],"potions_floor_usage":[31],"damage_taken":[{"damage":2.0,"enemies":"2 Louse","floor":1.0,"turns":5.0},{"damage":0.0,"enemies":"Cultist","floor":2.0,"turns":3.0},{"damage":0.0,"enemies":"Jaw Worm","floor":3.0,"turns":3.0},{"damage":12.0,"enemies":"Large Slime","floor":4.0,"turns":7.0},{"damage":33.0,"enemies":"Lagavulin","floor":7.0,"turns":8.0},{"damage":6.0,"enemies":"Looter","floor":8.0,"turns":4.0},{"damage":0.0,"enemies":"Gremlin Gang","floor":13.0,"turns":2.0},{"damage":8.0,"enemies":"Blue Slaver","floor":14.0,"turns":2.0},{"damage":31.0,"enemies":"The Guardian","floor":16.0,"turns":11.0},{"damage":11.0,"enemies":"3 Byrds","floor":18.0,"turns":3.0},{"damage":17.0,"enemies":"Chosen","floor":19.0,"turns":5.0},{"damage":22.0,"enemies":"Gremlin Leader","floor":24.0,"turns":7.0},{"damage":19.0,"enemies":"Centurion and Healer","floor":27.0,"turns":6.0},{"damage":15.0,"enemies":"Snake Plant","floor":30.0,"turns":4.0},{"damage":7,"enemies":"Snecko","floor":31,"turns":2}],"seed_played":"5969022742943527648","potions_obtained":[{"floor":1.0,"key":"Fruit Juice"},{"floor":3.0,"key":"AttackPotion"},{"floor":8.0,"key":"Energy Potion"},{"floor":13.0,"key":"SteroidPotion"},{"floor":18.0,"key":"Explosive Potion"},{"floor":19.0,"key":"Fire Potion"},{"floor":27.0,"key":"AttackPotion"},{"floor":28.0,"key":"PowerPotion"}],"is_trial":false,"path_per_floor":["M","M","M","M","?","R","E","M","T","R","T","R","M","M","R","B",null,"M","M","?","?","?","R","E","R","T","M","?","$","M","M"],"character_chosen":"THE_SILENT","items_purchased":["DollysMirror"],"campfire_rested":3,"item_purchase_floors":[29],"current_hp_per_floor":[57,57,57,45,36,36,8,2,2,23,23,23,25,19,40,11,56,47,32,32,32,32,32,12,33,33,16,16,16,3,0,0],"gold":214,"neow_bonus":"THREE_RARE_CARDS","is_daily":false,"chose_seed":false,"campfire_upgraded":3,"win_rate":0.0,"timestamp":1610690423,"path_taken":["M","M","M","M","?","R","E","?","T","R","?","R","M","M","R","BOSS","M","M","?","?","?","R","E","R","T","?","?","$","?","M"],"items_purchased_type":["Relic"],"build_version":"2020-12-22","purchased_purges":1,"victory":false,"max_hp_per_floor":[66,66,66,66,66,66,71,71,71,71,71,71,71,71,71,71,71,71,71,71,71,71,71,71,71,71,71,71,71,71,71,71],"card_choices":[{"not_picked":["Bullet Time","Envenom"],"picked":"Adrenaline","floor":0.0},{"not_picked":["Expertise","Poisoned Stab"],"picked":"Eviscerate","floor":1.0},{"not_picked":["Predator","Acrobatics"],"picked":"Dagger Spray","floor":2.0},{"not_picked":["Terror","Predator"],"picked":"Corpse Explosion","floor":3.0},{"not_picked":["Terror","Underhanded Strike","Slice"],"picked":"SKIP","floor":4.0},{"not_picked":["Skewer","Outmaneuver","Dagger Spray"],"picked":"SKIP","floor":7.0},{"not_picked":["Finisher","Flying Knee"],"picked":"Poisoned Stab","floor":8.0},{"not_picked":["Finisher","Accuracy","Sucker Punch"],"picked":"SKIP","floor":13.0},{"not_picked":["PiercingWail","Slice"],"picked":"Dagger Throw","floor":14.0},{"not_picked":["Tools of the Trade","Malaise"],"picked":"Phantasmal Killer","floor":16.0},{"not_picked":["Deadly Poison","Deflect"],"picked":"Cloak And Dagger","floor":18.0},{"not_picked":["Skewer+1","Outmaneuver"],"picked":"Masterful Stab+1","floor":19.0},{"not_picked":["Footwork","Bouncing Flask"],"picked":"Blur+1","floor":24.0},{"not_picked":["Dash","Bane","Dagger Throw"],"picked":"Acrobatics","floor":27.0},{"not_picked":["Heel Hook","PiercingWail","Quick Slash"],"picked":"Blade Dance","floor":30.0}],"player_experience":494139,"relics_obtained":[{"floor":7.0,"key":"Matryoshka"},{"floor":9.0,"key":"Pen Nib"},{"floor":9.0,"key":"Nunchaku"},{"floor":11.0,"key":"Centennial Puzzle"},{"floor":11.0,"key":"Blood Vial"},{"floor":24.0,"key":"Question Card"},{"floor":26.0,"key":"War Paint"}],"event_choices":[{"damage_healed":0.0,"max_hp_gain":0.0,"max_hp_loss":0.0,"gold_gain":0.0,"event_name":"Wheel of Change","player_choice":"Damaged","floor":5.0,"gold_loss":0.0,"damage_taken":9.0},{"damage_healed":0.0,"max_hp_gain":0.0,"max_hp_loss":0.0,"gold_gain":0.0,"event_name":"Ghosts","player_choice":"Ignored","floor":20.0,"gold_loss":0.0,"damage_taken":0.0},{"damage_healed":0.0,"max_hp_gain":0.0,"max_hp_loss":0.0,"gold_gain":50.0,"event_name":"Nest","player_choice":"Stole From Cult","floor":21.0,"gold_loss":0.0,"damage_taken":0.0},{"damage_healed":0.0,"max_hp_gain":0.0,"max_hp_loss":0.0,"gold_gain":0.0,"cards_transformed":["Strike_G"],"event_name":"Transmorgrifier","player_choice":"Transformed","floor":22.0,"gold_loss":0.0,"damage_taken":0.0,"cards_obtained":["Wraith Form v2"]},{"damage_healed":0.0,"max_hp_gain":0.0,"max_hp_loss":0.0,"gold_gain":0.0,"event_name":"Lab","player_choice":"Got Potions","floor":28.0,"gold_loss":0.0,"damage_taken":0.0}],"is_beta":false,"boss_relics":[{"not_picked":["Runic Dome","Snecko Eye"],"picked":"Ring of the Serpent"}],"items_purged_floors":[29],"is_endless":false,"potions_floor_spawned":[1,3,8,13,14,18,19,27],"killed_by":"Snecko","ascension_level":20}}