{"host":"ty2cix8xj6r3ad26","time":1610749524,"event":{"mods":["AchievementEnabler","BaseMod","BetterRewards","Hubris","Minty Spire (QoL Compilation)","Replay The Spire","StSLib","SuperFastMode"],"gold_per_floor":[110,130,147,166,180,214,214,246,246,246,275,275,319,338,338,435,535,551,551,551,568,568,568,599,599,626,626,641,655,675,550,550,648,648,665,665,665,683,683,711,728,758,806,820,840,865,885,787,787,787,787,787,556,586,586],"floor_reached":56,"language":"ENG","playtime":4408,"items_purged":["Strike_P","Defend_P","Defend_P"],"score":1505,"play_id":"88bb3dfd-a96b-4710-85e3-c55ca71b2530","local_time":"20210116002524","is_ascension_mode":true,"campfire_choices":[{"data":"Eruption","floor":7,"key":"SMITH"},{"data":"Vigilance","floor":10,"key":"SMITH"},{"floor":12,"key":"RECALL"},{"data":"Scrawl","floor":15,"key":"SMITH"},{"data":"Halt","floor":23,"key":"SMITH"},{"data":"FlurryOfBlows","floor":25,"key":"SMITH"},{"data":"MentalFortress","floor":27,"key":"SMITH"},{"data":"Strike_P","floor":32,"key":"SMITH"},{"data":"Strike_P","floor":52,"key":"SMITH"}],"circlet_count":0,"master_deck":["Strike_P+1","Strike_P+1","Defend_P+1","Eruption+1","Vigilance+1","Adaptation+1","FlurryOfBlows+1","Halt+1","Scrawl+1","Vault+1","MentalFortress+1","Vault+1","FlurryOfBlows+1","DevaForm"],"relics":["PureWater","hubris:GlazedTorus","Lee\u0027s Waffle","WarpedTongs","hubris:BottledRain","Lantern","Turnip","Yang","Replay:Wanted Poster","Replay:Purple Gloves","Bag of Preparation","Black Star","ReplayFunnel","ReplayTheSpireMod:Ninjato","Ancient Tea Set","hubris:SphereOfDissonance","War Paint","Boot","Replay:Wax Seal","Whetstone"],"acts_visited":["Exordium","TheCity","TheBeyond","TheEnding"],"potions_floor_usage":[4,6,6,6,11,16,29,41,41,46,48,50,50,55,55],"damage_taken":[{"damage":0,"enemies":"Cultist","floor":1,"turns":2},{"damage":0,"enemies":"Small Slimes","floor":2,"turns":3},{"damage":0,"enemies":"Jaw Worm","floor":3,"turns":2},{"damage":7,"enemies":"Exordium Thugs","floor":4,"turns":4},{"damage":0,"enemies":"3 Louse","floor":5,"turns":3},{"damage":24,"enemies":"Replay:BlueRogue","floor":6,"turns":4},{"damage":2,"enemies":"Gremlin Nob","floor":8,"turns":3},{"damage":0,"enemies":"Lagavulin","floor":11,"turns":3},{"damage":0,"enemies":"Blue Slaver","floor":14,"turns":2},{"damage":0,"enemies":"Fading Forest","floor":16,"turns":11},{"damage":0,"enemies":"3 Byrds","floor":18,"turns":3},{"damage":0,"enemies":"Spheric Guardian","floor":21,"turns":3},{"damage":0,"enemies":"Replay:Snechameleon","floor":24,"turns":4},{"damage":0,"enemies":"Centurion and Healer","floor":28,"turns":3},{"damage":0,"enemies":"Snake Plant","floor":29,"turns":3},{"damage":0,"enemies":"Shelled Parasite and Fungi","floor":30,"turns":2},{"damage":0,"enemies":"Automaton","floor":33,"turns":6},{"damage":0,"enemies":"3 Shapes","floor":35,"turns":2},{"damage":0,"enemies":"3 Darklings","floor":38,"turns":3},{"damage":4,"enemies":"Nemesis","floor":40,"turns":4},{"damage":0,"enemies":"Transient","floor":41,"turns":6},{"damage":0,"enemies":"Giant Head","floor":42,"turns":3},{"damage":0,"enemies":"Maw","floor":44,"turns":2},{"damage":0,"enemies":"Spire Growth","floor":45,"turns":2},{"damage":0,"enemies":"R_Hoarder","floor":46,"turns":3},{"damage":0,"enemies":"Jaw Worm Horde","floor":47,"turns":2},{"damage":0,"enemies":"Replay:Hell Engine","floor":50,"turns":6},{"damage":0,"enemies":"Shield and Spear","floor":54,"turns":4},{"damage":38,"enemies":"The Heart","floor":55,"turns":7}],"seed_played":"5875901943823436159","potions_obtained":[{"floor":1,"key":"LifebloodPotion"},{"floor":2,"key":"Cursed Concoction"},{"floor":4,"key":"Explosive Potion"},{"floor":8,"key":"SteroidPotion"},{"floor":14,"key":"Explosive Potion"},{"floor":16,"key":"LiquidMemories"},{"floor":28,"key":"Weak Potion"},{"floor":29,"key":"Death Potion"},{"floor":38,"key":"SteroidPotion"},{"floor":40,"key":"SneckoOil"},{"floor":46,"key":"Dexterity Potion"},{"floor":47,"key":"LifebloodPotion"}],"is_trial":false,"path_per_floor":["M","M","M","M","M","E","R","E","T","R","E","R","?","M","R","B",null,"M","?","?","M","$","R","E","R","T","R","M","M","M","$","R","B",null,"M","?","?","M","?","E","M","E","T","M","M","E","M","$","R","B",null,"R","$","E","B",null],"character_chosen":"WATCHER","items_purchased":["Adaptation+1","Lee\u0027s Waffle","FlurryOfBlows","PowerPotion","Fruit Juice","FlurryOfBlows","AttackPotion","DevaForm","Fire Potion"],"campfire_rested":0,"item_purchase_floors":[0,0,0,0,48,53,53,53,53],"current_hp_per_floor":[79,79,79,72,72,48,48,46,46,46,46,46,27,27,27,56,73,73,73,73,73,73,73,73,73,73,73,73,73,73,73,73,73,78,78,78,78,78,78,74,74,74,74,74,74,74,74,79,79,79,83,83,83,83,45],"gold":586,"neow_bonus":"","is_daily":false,"chose_seed":false,"campfire_upgraded":8,"win_rate":0.0,"timestamp":1610749524,"path_taken":["M","?","M","M","?","E","R","E","T","R","E","R","?","M","R","BOSS","M","?","?","M","$","R","E","R","T","R","M","M","M","$","R","BOSS","M","?","?","M","?","E","M","E","T","?","M","E","M","$","R","BOSS","R","$","E","BOSS"],"items_purchased_type":["Card","Relic","Card","Potion","Potion","Card","Potion","Card","Potion"],"build_version":"2020-12-22","purchased_purges":3,"victory":true,"max_hp_per_floor":[79,79,79,79,79,79,79,79,79,79,79,79,79,79,79,79,79,79,79,79,79,79,79,79,79,79,79,79,79,79,79,79,79,79,79,79,79,79,79,79,79,79,79,79,79,79,79,84,84,84,84,84,84,84,84],"card_choices":[{"not_picked":["Replay:AtTheReady","DeceiveReality","EmptyFist"],"picked":"SKIP","floor":1},{"not_picked":["Replay:Vibes","ThirdEye","Perseverance"],"picked":"SKIP","floor":2},{"not_picked":["Worship","ThirdEye","Wallop"],"picked":"SKIP","floor":3},{"not_picked":["Crescendo","EmptyBody"],"picked":"Halt","floor":4},{"not_picked":["Crescendo","Replay:ManipulateFuture","Indignation"],"picked":"SKIP","floor":5},{"not_picked":["ConjureBlade","Vengeance","CrushJoints"],"picked":"SKIP","floor":6},{"not_picked":["Evaluate","EmptyMind","ThirdEye"],"picked":"SKIP","floor":8},{"not_picked":["Blasphemy","Replay:Hum","WindmillStrike"],"picked":"SKIP","floor":11},{"not_picked":["Blasphemy","Replay:Hum","WindmillStrike"],"picked":"SKIP","floor":11},{"not_picked":["FlurryOfBlows","CutThroughFate"],"picked":"Scrawl","floor":13},{"not_picked":["Consecrate","Replay:DivineShield","Vengeance"],"picked":"SKIP","floor":14},{"not_picked":["Scrawl","Replay:LoomingThreat"],"picked":"Vault","floor":16},{"not_picked":["CarveReality","Wireheading+1"],"picked":"MentalFortress","floor":18},{"not_picked":["Prostrate+1","MentalFortress","BowlingBash"],"picked":"SKIP","floor":21},{"not_picked":["FlurryOfBlows","Replay:Cycle","WheelKick"],"picked":"SKIP","floor":24},{"not_picked":["SashWhip+1","ClearTheMind","MentalFortress"],"picked":"SKIP","floor":28},{"not_picked":["Pray","Prostrate","FlyingSleeves"],"picked":"SKIP","floor":29},{"not_picked":["FollowUp","FlyingSleeves+1","EmptyBody"],"picked":"SKIP","floor":30},{"not_picked":["FollowUp","FlyingSleeves+1","EmptyBody"],"picked":"SKIP","floor":30},{"not_picked":["JustLucky","EmptyFist","Replay:ManipulateFuture"],"picked":"SKIP","floor":35},{"not_picked":["FlurryOfBlows","Replay:Battleflow","EmptyBody"],"picked":"SKIP","floor":38},{"not_picked":["Evaluate+1","Wallop+1","SashWhip"],"picked":"SKIP","floor":40},{"not_picked":["EmptyMind","Replay:AtTheReady","Replay:BluntJabs"],"picked":"SKIP","floor":41},{"not_picked":["Consecrate+1","LessonLearned","WreathOfFlame+1"],"picked":"SKIP","floor":42},{"not_picked":["Consecrate+1","LessonLearned","WreathOfFlame+1"],"picked":"SKIP","floor":42},{"not_picked":["Consecrate+1","LessonLearned","WreathOfFlame+1"],"picked":"SKIP","floor":42},{"not_picked":["Halt+1","Protect","SashWhip"],"picked":"SKIP","floor":44},{"not_picked":["ThirdEye+1","JustLucky","Sanctity"],"picked":"SKIP","floor":45},{"not_picked":["ThirdEye+1","JustLucky","Sanctity"],"picked":"SKIP","floor":45},{"not_picked":["Adaptation","EmptyBody+1","Swivel+1"],"picked":"SKIP","floor":46},{"not_picked":["Replay:BluntJabs+1","EmptyFist+1","FlyingSleeves"],"picked":"SKIP","floor":47},{"not_picked":["Omniscience","BowlingBash","SignatureMove"],"picked":"SKIP","floor":54}],"player_experience":497481,"relics_obtained":[{"floor":6,"key":"hubris:BottledRain"},{"floor":8,"key":"Lantern"},{"floor":11,"key":"Turnip"},{"floor":13,"key":"Yang"},{"floor":24,"key":"Replay:Purple Gloves"},{"floor":26,"key":"Bag of Preparation"},{"floor":40,"key":"ReplayFunnel"},{"floor":40,"key":"ReplayTheSpireMod:Ninjato"},{"floor":42,"key":"Ancient Tea Set"},{"floor":42,"key":"hubris:SphereOfDissonance"},{"floor":43,"key":"War Paint"},{"floor":46,"key":"Boot"},{"floor":46,"key":"Replay:Wax Seal"},{"floor":54,"key":"Whetstone"}],"event_choices":[{"cards_removed":["Defend_P"],"damage_healed":0,"gold_gain":0,"player_choice":"Elegance","damage_taken":0,"max_hp_gain":0,"max_hp_loss":0,"event_name":"Back to Basics","floor":19,"gold_loss":0},{"damage_healed":0,"gold_gain":0,"player_choice":"Ignored","damage_taken":0,"max_hp_gain":0,"max_hp_loss":0,"event_name":"Tomb of Lord Red Mask","floor":37,"gold_loss":0},{"cards_removed":["Strike_P"],"damage_healed":0,"gold_gain":0,"player_choice":"Removed Attack","damage_taken":0,"max_hp_gain":0,"max_hp_loss":0,"event_name":"Falling","floor":39,"gold_loss":0},{"damage_healed":0,"gold_gain":0,"player_choice":"Copied","damage_taken":0,"max_hp_gain":0,"max_hp_loss":0,"event_name":"Duplicator","floor":49,"gold_loss":0,"cards_obtained":["Vault"]}],"is_beta":false,"boss_relics":[{"not_picked":["Coffee Dripper","hubris:ScarierMask"],"picked":"Replay:Wanted Poster"},{"not_picked":["hubris:BlackHole","Honey Jar"],"picked":"Black Star"}],"items_purged_floors":[0,0,31],"is_endless":false,"potions_floor_spawned":[1,2,4,8,14,16,28,29,38,40,46,47],"ascension_level":5}}