{"host":"a5lz0e76zb3fcwkm","time":1610707578,"event":{"mods":["AchievementEnabler","BaseMod","Colored Map","Colored Powertips","Minty Spire (QoL Compilation)","StSLib","SuperFastMode"],"gold_per_floor":[118,118,193,205,217,217,233,73,73,85,85,85],"floor_reached":11,"language":"KOR","playtime":312,"items_purged":["Defend_G"],"score":130,"play_id":"ff4b9210-29cb-4423-9a00-8ea9f2c97946","local_time":"20210115194618","is_ascension_mode":true,"campfire_choices":[{"data":"Tactician","floor":6,"key":"SMITH"}],"circlet_count":0,"master_deck":["AscendersBane","Strike_G","Strike_G+1","Strike_G","Strike_G","Strike_G","Defend_G","Defend_G","Defend_G","Defend_G+1","Survivor","Neutralize","Escape Plan","Backflip","Tactician+1","Prepared","Flechettes","Blur"],"relics":["Ring of the Snake","Gambling Chip","Pantograph"],"acts_visited":["Exordium"],"potions_floor_usage":[],"damage_taken":[{"damage":0,"enemies":"2 Louse","floor":1,"turns":4},{"damage":0,"enemies":"Small Slimes","floor":4,"turns":3},{"damage":0,"enemies":"Jaw Worm","floor":5,"turns":6},{"damage":0,"enemies":"Looter","floor":7,"turns":4},{"damage":5,"enemies":"Large Slime","floor":10,"turns":10},{"damage":12,"enemies":"3 Sentries","floor":11,"turns":6}],"seed_played":"-8165898195419177853","potions_obtained":[{"floor":10,"key":"DuplicationPotion"}],"is_trial":false,"path_per_floor":["M","?","?","M","M","R","M","$","T","M","E"],"character_chosen":"THE_SILENT","items_purchased":["Flechettes"],"campfire_rested":0,"item_purchase_floors":[8],"current_hp_per_floor":[44,24,13,13,13,13,13,13,13,8,0,0],"gold":85,"neow_bonus":"ONE_RARE_RELIC","is_daily":false,"chose_seed":false,"campfire_upgraded":1,"win_rate":0.0,"timestamp":1610707578,"path_taken":["M","?","?","M","M","R","M","$","T","M","E"],"items_purchased_type":["Card"],"build_version":"2020-12-22","purchased_purges":1,"victory":false,"max_hp_per_floor":[66,66,66,66,66,66,66,66,66,66,66,66],"card_choices":[{"not_picked":["Acrobatics","Flying Knee"],"picked":"Escape Plan","floor":1},{"not_picked":["Flying Knee","Dagger Spray"],"picked":"Backflip","floor":4},{"not_picked":["Riddle With Holes","Calculated Gamble"],"picked":"Tactician","floor":5},{"not_picked":["Slice","Dagger Spray"],"picked":"Prepared","floor":7},{"not_picked":["Escape Plan","Cloak And Dagger"],"picked":"Blur","floor":10}],"player_experience":1735681,"relics_obtained":[{"floor":9,"key":"Pantograph"}],"event_choices":[{"damage_healed":0,"gold_gain":0,"player_choice":"Entered Light","damage_taken":20,"max_hp_gain":0,"max_hp_loss":0,"event_name":"Shining Light","floor":2,"gold_loss":0,"cards_upgraded":["Strike_G","Defend_G"]},{"damage_healed":0,"gold_gain":75,"player_choice":"Gather Gold","damage_taken":11,"max_hp_gain":0,"max_hp_loss":0,"event_name":"World of Goop","floor":3,"gold_loss":0}],"is_beta":false,"boss_relics":[],"items_purged_floors":[8],"is_endless":false,"potions_floor_spawned":[10],"killed_by":"3 Sentries","ascension_level":20}}