{"host":"9u9ci7gr6x9ja244","time":1610705804,"event":{"mods":["BaseMod","Downfall","Minty Spire (QoL Compilation)","StSLib"],"gold_per_floor":[99,118,136,136,236,236,260,271,13,23,58,8,0,26,37,137,137,12,31,45,130,150,162,162,162,162,182,199,199,199,199],"floor_reached":29,"language":"ZHS","playtime":1304,"items_purged":["Regret"],"score":249,"play_id":"bd533599-87d8-4910-a207-b505bd003e49","local_time":"20210115181644","is_ascension_mode":true,"campfire_choices":[{"data":"Enlightenment","floor":1,"key":"SMITH"},{"floor":12,"key":"REST"},{"floor":18,"key":"RECALL"}],"circlet_count":0,"master_deck":["Slimebound:Strike_Slimebound","Slimebound:Strike_Slimebound+1","Slimebound:Tackle","Slimebound:Defend_Slimebound+1","Slimebound:Defend_Slimebound","Slimebound:Defend_Slimebound","Slimebound:Defend_Slimebound","Slimebound:Split+1","Slimebound:CorrosiveSpit","Enlightenment+1","Slimebound:SplitAcid","Slimebound:SplitSpecialist","Slimebound:RollThrough","Slimebound:LeechingTouch","Slimebound:SlimeBrawl","expansioncontent:Chronoboost","Slimebound:Equalize","Slimebound:SplitBruiser","Slimebound:LeechLife","Slimebound:MassRepurpose","Slimebound:LevelUp","Slimebound:LeechEnergy+1","Slimebound:MegaLick"],"relics":["Slimebound:AbsorbEndCombat","Slimebound:GreedOozeRelic","Blue Candle","Gambling Chip","Busted Crown","downfall:HeartBlessingGreen","Slimebound:MaxSlimesRelic","Enchiridion"],"acts_visited":["Exordium","TheCity"],"potions_floor_usage":[16,16,16],"damage_taken":[{"damage":14,"enemies":"Jaw Worm","floor":2,"turns":5},{"damage":8,"enemies":"Small Slimes","floor":3,"turns":2},{"damage":16,"enemies":"2 Louse","floor":8,"turns":2},{"damage":23,"enemies":"downfall:FleeingMerchant","floor":9,"turns":4},{"damage":25,"enemies":"Exordium Thugs","floor":10,"turns":4},{"damage":35,"enemies":"Lagavulin","floor":11,"turns":9},{"damage":22,"enemies":"downfall:FleeingMerchant","floor":13,"turns":4},{"damage":38,"enemies":"3 Sentries","floor":14,"turns":5},{"damage":17,"enemies":"Lots of Slimes","floor":15,"turns":2},{"damage":30,"enemies":"downfall:Watcher","floor":16,"turns":8},{"damage":24,"enemies":"Shell Parasite","floor":19,"turns":4},{"damage":29,"enemies":"3 Byrds","floor":20,"turns":3},{"damage":29,"enemies":"Centurion and Healer","floor":22,"turns":5},{"damage":25,"enemies":"Snake Plant","floor":23,"turns":4},{"damage":32,"enemies":"Shelled Parasite and Fungi","floor":27,"turns":5},{"damage":46,"enemies":"Snecko","floor":28,"turns":4},{"damage":41,"enemies":"Colosseum Nobs","floor":29,"turns":2}],"seed_played":"-3075191573948817127","potions_obtained":[{"floor":3,"key":"Weak Potion"},{"floor":10,"key":"Fire Potion"},{"floor":14,"key":"Swift Potion"},{"floor":23,"key":"Ancient Potion"},{"floor":28,"key":"EssenceOfSteel"}],"is_trial":false,"path_per_floor":["R","M","M","?","?","?","T","M","$","M","E","R","$","E","M","B",null,"R","M","M","?","M","M","T","?","?","M","M","?"],"character_chosen":"SLIMEBOUND","items_purchased":["Slimebound:SlimeBrawl","expansioncontent:Chronoboost"],"campfire_rested":1,"item_purchase_floors":[9,9],"current_hp_per_floor":[60,53,55,55,55,55,55,49,44,27,20,38,38,20,17,15,60,60,56,55,43,44,49,49,49,33,29,17,0,0,0],"gold":199,"neow_bonus":"RANDOM_COLORLESS","is_daily":false,"chose_seed":false,"campfire_upgraded":1,"win_rate":0.0,"timestamp":1610705804,"path_taken":["R","M","M","?","?","?","T","M","$","M","E","R","$","E","M","BOSS","R","M","M","?","M","M","T","?","?","M","?","?"],"items_purchased_type":["Card","Card"],"build_version":"2020-12-22","purchased_purges":1,"victory":false,"max_hp_per_floor":[60,60,60,60,60,60,60,60,60,60,60,60,60,60,60,60,60,60,60,60,60,60,60,60,60,60,60,60,60,60,60],"card_choices":[{"not_picked":["expansioncontent:FaceSlap","expansioncontent:DonusPower"],"picked":"Enlightenment","floor":0},{"not_picked":["Slimebound:SpikyOuterGoop","Slimebound:PressTheAttack"],"picked":"Slimebound:SplitAcid","floor":2},{"not_picked":["Slimebound:SamplingLick","Slimebound:Repurpose"],"picked":"Slimebound:SplitSpecialist","floor":3},{"not_picked":["Slimebound:LeechEnergy","Slimebound:ServeAndProtect"],"picked":"Slimebound:RollThrough","floor":8},{"not_picked":["Slimebound:SplitLeeching","Slimebound:GoopSpray"],"picked":"Slimebound:LeechingTouch","floor":9},{"not_picked":["Slimebound:SlimeSpikes","Slimebound:DouseInSlime","Slimebound:ComboTackle"],"picked":"SKIP","floor":10},{"not_picked":["Slimebound:SplitLeeching","Slimebound:FinishingTackle"],"picked":"Slimebound:Equalize","floor":11},{"not_picked":["Slimebound:SplitLeeching","Slimebound:Chomp","Slimebound:Schlurp"],"picked":"SKIP","floor":13},{"not_picked":["Slimebound:GrowthPunch","Slimebound:ProtectTheBoss"],"picked":"Slimebound:SplitBruiser","floor":14},{"not_picked":["Slimebound:RollThrough","Slimebound:ServeAndProtect"],"picked":"Slimebound:LeechLife","floor":15},{"not_picked":["Slimebound:OozeBath","Slimebound:MassFeed"],"picked":"Slimebound:MassRepurpose","floor":16},{"not_picked":["Slimebound:LeechingTouch+1"],"picked":"SKIP","floor":19},{"not_picked":[],"picked":"Slimebound:LevelUp","floor":20},{"not_picked":[],"picked":"Slimebound:LeechEnergy+1","floor":22},{"not_picked":["Slimebound:FormOfPuddle"],"picked":"SKIP","floor":23},{"not_picked":["Slimebound:LeechingTouch"],"picked":"SKIP","floor":27},{"not_picked":[],"picked":"Slimebound:MegaLick","floor":28}],"player_experience":250114,"relics_obtained":[{"floor":11,"key":"Blue Candle"},{"floor":14,"key":"Gambling Chip"},{"floor":24,"key":"Slimebound:MaxSlimesRelic"},{"floor":26,"key":"Enchiridion"}],"event_choices":[{"cards_removed":["Slimebound:Strike_Slimebound"],"damage_healed":0,"gold_gain":0,"player_choice":"Elegance","damage_taken":0,"max_hp_gain":0,"max_hp_loss":0,"event_name":"Back to Basics","floor":25,"gold_loss":0}],"is_beta":false,"boss_relics":[{"not_picked":["Black Star","Philosopher\u0027s Stone"],"picked":"Busted Crown"}],"items_purged_floors":[9],"is_endless":false,"potions_floor_spawned":[3,10,14,23,28],"killed_by":"Colosseum Nobs","ascension_level":1}}