{"host":"wnty67d4nhrob9mt","time":1610677581,"event":{"mods":["BaseMod","Block Reminder","Infinite Spire","Minty Spire (QoL Compilation)","Permanent Neow","Quick Restart","Relic Stats","Replay The Spire","StSLib","The Jungle"],"gold_per_floor":[114,129,129,129,129,159,159,189,189,219,234,249,279,294,294,394,394,409,424,424,464,464,464,464,494,519,561,588,630,657,699,711,823,835,862,24,39,0,0,30,30,85,110,165,80,135,135,150,150,150],"floor_reached":51,"language":"TUR","playtime":6147,"items_purged":[],"score":1073,"play_id":"af52ec19-96dc-40e4-9ee4-5407c8352552","local_time":"20210115052621","daily_mods":["Shiny","Blue Cards","Elite Swarm"],"is_ascension_mode":false,"campfire_choices":[{"data":"LessonLearned","floor":7,"key":"SMITH"},{"data":"All For One","floor":15,"key":"PURGE"},{"data":"Omniscience","floor":23,"key":"SMITH"},{"data":"Vault","floor":32,"key":"SMITH"},{"data":"Electrodynamics","floor":41,"key":"SMITH"},{"data":"DevaForm","floor":49,"key":"SMITH"}],"circlet_count":0,"master_deck":["Hyperbeam","Machine Learning+1","Buffer","Mirror Shield","Seek+1","Echo Form+1","Reboot","Fission","Core Surge+1","Multi-Cast","Thunder Strike","Biased Cognition+1","Electrodynamics+1","ReplayRNGCard+1","ReplayTheSpireMod:Omega Cannon","Rainbow","Meteor Strike","Amplify","Creative AI","Brilliance","Devotion+1","Replay:AllIn","LessonLearned+1","Vault+1","Alpha","Establishment+1","Replay:LoomingThreat","DeusExMachina+1","Judgement","ConjureBlade","MasterReality","Blasphemy","Ragnarok","Scrawl+1","Wish","Omniscience+1","SpiritShield","DevaForm+1","SashWhip","BowlingBash","Creative AI+1","LessonLearned","Seek+1","Leap+1","Replay:DivineShield+1","Biased Cognition","JustLucky","Amplify+1","Replay:DivineShield+1","Wallop","DeceiveReality","infinitespire:Starlight","LessonLearned+1","Devotion+1","Redo","Buffer","Beam Cell","Buffer","Amplify","Decay","Survivor","DeusExMachina","Flash of Steel","infinitespire:Oblivion","Biased Cognition","Amnesia","Meteor Strike","Buffer","Thunder Strike","Mirror Shield","Parasite","SashWhip","Defragment+1","Madness","Madness+1","Reinforced Body","FlyingSleeves"],"relics":["PureWater","Smiling Mask","Kunai","infinitespire:Satchel","The Courier","Iron Hammer","Replay:Rubber Ducky","Black Star","Melange","Bronze Scales","Thread and Needle","Vajra","MawBank","TungstenRod","Mercury Hourglass","War Paint","Toy Ornithopter","InkBottle","Juzu Bracelet","ReplayTheSpireMod:SealedPack","Lantern","Damaru","Eternal Feather","Matryoshka","Strawberry","ReplayTheSpireMod:CursedCoin","Du-Vu Doll","Red Mask","ReplayTheSpireMod:Ring of Collecting","Ring of Panic","Darkstone Periapt","Boot","Prayer Wheel","Bag of Preparation","Replay:Towering Pillar of Hats","infinitespire:Lucky Rock","Art of War","Ring of Misfortune","infinitespire:Lychee Nut","Orichalcum","Shuriken","Pantograph"],"acts_visited":["Exordium","Exordium","TheBeyond"],"potions_floor_usage":[10,13,16,25,28],"damage_taken":[{"damage":0,"enemies":"Cultist","floor":1,"turns":2},{"damage":11,"enemies":"Jaw Worm","floor":2,"turns":3},{"damage":9,"enemies":"Replay:BlueRogue","floor":6,"turns":6},{"damage":24,"enemies":"3 Sentries","floor":8,"turns":5},{"damage":7,"enemies":"Gremlin Nob","floor":10,"turns":7},{"damage":0,"enemies":"Small Slimes","floor":11,"turns":2},{"damage":0,"enemies":"Exordium Wildlife","floor":12,"turns":2},{"damage":2,"enemies":"Lagavulin","floor":13,"turns":8},{"damage":0,"enemies":"Lots of Slimes","floor":14,"turns":2},{"damage":0,"enemies":"Fading Forest","floor":16,"turns":10},{"damage":0,"enemies":"theJungle:GiantWrat","floor":18,"turns":2},{"damage":0,"enemies":"theJungle:MUSHROOMGANG","floor":19,"turns":2},{"damage":18,"enemies":"Snake Plant","floor":21,"turns":7},{"damage":0,"enemies":"theJungle:MamaSnecko","floor":25,"turns":5},{"damage":24,"enemies":"theJungle:Cassacara","floor":27,"turns":8},{"damage":17,"enemies":"theJungle:2_Flameangoes","floor":28,"turns":4},{"damage":0,"enemies":"theJungle:MamaSnecko","floor":29,"turns":6},{"damage":0,"enemies":"theJungle:SlimyTreeVines","floor":30,"turns":4},{"damage":2,"enemies":"theJungle:2_Phrogs","floor":31,"turns":5},{"damage":0,"enemies":"theJungle:QueenSpyder","floor":33,"turns":8},{"damage":0,"enemies":"Orb Walker","floor":35,"turns":4},{"damage":0,"enemies":"3 Darklings","floor":37,"turns":3},{"damage":4,"enemies":"Reptomancer","floor":40,"turns":5},{"damage":0,"enemies":"Giant Head","floor":42,"turns":7},{"damage":0,"enemies":"Nemesis","floor":44,"turns":4},{"damage":0,"enemies":"Writhing Mass","floor":45,"turns":5},{"damage":0,"enemies":"Giant Head","floor":46,"turns":6},{"damage":0,"enemies":"Sphere and 2 Shapes","floor":48,"turns":4},{"damage":0,"enemies":"Replay:Hell Engine","floor":50,"turns":8}],"seed_played":"5830580211590973081","potions_obtained":[{"floor":6,"key":"Block Potion"},{"floor":8,"key":"SkillPotion"},{"floor":11,"key":"Milkshake"},{"floor":12,"key":"Strength Potion"},{"floor":16,"key":"Flashbang"},{"floor":21,"key":"Swift Potion"},{"floor":25,"key":"PowerPotion"},{"floor":27,"key":"DistilledChaos"},{"floor":37,"key":"Regen Potion"},{"floor":42,"key":"infinitespire:BlackPotion"}],"is_trial":false,"path_per_floor":["M","M","?","?","?","E","R","E","T","E","M","M","E","M","R","B",null,"M","M","?","M","AVR","R","T","E","T","E","M","E","M","E","R","B",null,"M","$","M","?","?","E","R","E","T","E","M","E","?","M","R","B",null],"character_chosen":"WATCHER","items_purchased":["Lantern","Damaru","Eternal Feather","Matryoshka","Strawberry","ReplayTheSpireMod:CursedCoin","Du-Vu Doll"],"campfire_rested":0,"item_purchase_floors":[36,36,36,36,36,36,36],"current_hp_per_floor":[72,61,61,61,58,49,49,25,25,18,18,18,16,16,16,26,72,72,72,72,54,54,54,54,54,54,50,33,48,58,66,66,66,72,72,79,79,79,79,75,79,79,79,59,65,65,58,64,65,65],"gold":150,"neow_bonus":"","is_daily":true,"chose_seed":false,"campfire_upgraded":5,"win_rate":0.0,"timestamp":1610677581,"path_taken":["M","M","?","?","?","E","R","E","T","E","M","M","E","M","R","BOSS","M","M","?","?","AVR","R","?","E","T","E","M","E","M","E","R","BOSS","M","$","M","?","?","E","R","E","T","E","M","E","?","M","R","BOSS"],"items_purchased_type":["Relic","Relic","Relic","Relic","Relic","Relic","Relic"],"build_version":"2020-12-22","purchased_purges":0,"victory":true,"max_hp_per_floor":[72,72,72,72,72,72,72,72,72,72,72,72,72,72,72,72,72,72,72,72,72,72,72,72,72,72,72,72,72,72,72,72,72,72,72,79,79,79,79,79,79,79,79,59,65,65,65,65,65,65],"relic_stats":{"Darkstone Periapt":6,"counters":[29,144],"Melange":[3],"Eternal Feather":5,"Juzu Bracelet":0,"Bag of Preparation":[12],"War Paint":["Scrawl","DeusExMachina"],"Orichalcum":[30],"Smiling Mask":0,"MawBank":120,"Boot":[25],"Mercury Hourglass":[269],"Shuriken":[3],"Bronze Scales":[187],"Pantograph":0,"Prayer Wheel":2,"Black Star":8,"Art of War":[5],"Kunai":[18],"obtain_stats":[{"Darkstone Periapt":40,"Lantern":36,"Melange":22,"Vajra":25,"Juzu Bracelet":31,"Bag of Preparation":42,"Smiling Mask":5,"Boot":40,"Replay:Rubber Ducky":13,"Matryoshka":36,"Strawberry":36,"Pantograph":46,"Prayer Wheel":42,"Iron Hammer":10,"Red Mask":38,"Kunai":6,"Ring of Panic":39,"InkBottle":31,"Replay:Towering Pillar of Hats":42,"ReplayTheSpireMod:CursedCoin":36,"Damaru":36,"Thread and Needle":25,"Eternal Feather":36,"The Courier":9,"ReplayTheSpireMod:SealedPack":34,"infinitespire:Lucky Rock":43,"War Paint":29,"Orichalcum":44,"MawBank":26,"Mercury Hourglass":27,"Du-Vu Doll":36,"infinitespire:Lychee Nut":44,"Shuriken":46,"Bronze Scales":24,"ReplayTheSpireMod:Ring of Collecting":39,"Ring of Misfortune":43,"infinitespire:Satchel":8,"Black Star":17,"Art of War":43,"PureWater":0,"TungstenRod":27,"Toy Ornithopter":29},{"Darkstone Periapt":23,"Lantern":21,"Melange":13,"Vajra":14,"Juzu Bracelet":19,"Bag of Preparation":24,"Smiling Mask":2,"Boot":23,"Replay:Rubber Ducky":8,"Matryoshka":21,"Strawberry":21,"Pantograph":27,"Prayer Wheel":24,"Iron Hammer":5,"Red Mask":22,"Kunai":3,"Ring of Panic":22,"InkBottle":19,"Replay:Towering Pillar of Hats":24,"ReplayTheSpireMod:CursedCoin":21,"Damaru":21,"Thread and Needle":14,"Eternal Feather":21,"The Courier":4,"ReplayTheSpireMod:SealedPack":20,"infinitespire:Lucky Rock":24,"War Paint":17,"Orichalcum":25,"MawBank":14,"Mercury Hourglass":15,"Du-Vu Doll":21,"infinitespire:Lychee Nut":25,"Shuriken":27,"Bronze Scales":13,"ReplayTheSpireMod:Ring of Collecting":22,"Ring of Misfortune":24,"infinitespire:Satchel":4,"Black Star":10,"Art of War":24,"PureWater":0,"TungstenRod":15,"Toy Ornithopter":17},{"Darkstone Periapt":110,"Lantern":102,"Melange":58,"Vajra":63,"Juzu Bracelet":90,"Bag of Preparation":117,"Smiling Mask":5,"Boot":110,"Replay:Rubber Ducky":35,"Matryoshka":102,"Strawberry":102,"Pantograph":132,"Prayer Wheel":111,"Iron Hammer":23,"Red Mask":105,"Kunai":11,"Ring of Panic":105,"InkBottle":90,"Replay:Towering Pillar of Hats":117,"ReplayTheSpireMod:CursedCoin":102,"Damaru":102,"Thread and Needle":63,"Eternal Feather":102,"The Courier":16,"ReplayTheSpireMod:SealedPack":98,"infinitespire:Lucky Rock":117,"War Paint":81,"Orichalcum":121,"MawBank":63,"Mercury Hourglass":71,"Du-Vu Doll":102,"infinitespire:Lychee Nut":121,"Shuriken":132,"Bronze Scales":58,"ReplayTheSpireMod:Ring of Collecting":105,"Ring of Misfortune":117,"infinitespire:Satchel":16,"Black Star":47,"Art of War":117,"PureWater":0,"TungstenRod":71,"Toy Ornithopter":81}],"TungstenRod":7,"Toy Ornithopter":0,"InkBottle":[27]},"card_choices":[{"not_picked":["Hologram","Conclude"],"picked":"SashWhip","floor":1},{"not_picked":["Redo","SashWhip"],"picked":"BowlingBash","floor":2},{"not_picked":["Blasphemy","Hyperbeam"],"picked":"Creative AI","floor":6},{"not_picked":["Core Surge","Buffer"],"picked":"LessonLearned","floor":8},{"not_picked":["Blasphemy","ReplayTheSpireMod:Omega Cannon"],"picked":"Seek","floor":10},{"not_picked":["FlyingSleeves","InnerPeace"],"picked":"Leap","floor":11},{"not_picked":["Undo","Prostrate"],"picked":"Replay:DivineShield","floor":12},{"not_picked":["Ragnarok","Replay:AllIn"],"picked":"Biased Cognition","floor":13},{"not_picked":["Tantrum","BowlingBash"],"picked":"JustLucky","floor":14},{"not_picked":["Electrodynamics","DevaForm"],"picked":"Amplify","floor":16},{"not_picked":["Darkness+1","Replay:BluntJabs"],"picked":"Replay:DivineShield+1","floor":18},{"not_picked":["Undo","BasicCrystalCard"],"picked":"Wallop","floor":19},{"not_picked":["Cold Snap","Meditate"],"picked":"DeceiveReality","floor":21},{"not_picked":["Reboot","Amplify"],"picked":"LessonLearned","floor":25},{"not_picked":["Wish","Judgement"],"picked":"Devotion","floor":27},{"not_picked":["Hologram","Collect"],"picked":"Redo","floor":28},{"not_picked":["Ragnarok","ReplayRNGCard"],"picked":"Buffer","floor":29},{"not_picked":["Steam Power","PathToVictory+1"],"picked":"Beam Cell","floor":30},{"not_picked":["ReplayRNGCard","Alpha"],"picked":"Buffer","floor":31},{"not_picked":["Replay:AllIn","Blasphemy"],"picked":"Amplify","floor":33},{"not_picked":["Vigilance","Dualcast"],"picked":"Survivor","floor":34},{"not_picked":["Meteor Strike","Omniscience"],"picked":"DeusExMachina","floor":34},{"not_picked":["Trip","Deep Breath"],"picked":"Flash of Steel","floor":34},{"not_picked":["infinitespire:SealOfDarkness+","infinitespire:FinalStrike"],"picked":"infinitespire:Oblivion","floor":34},{"not_picked":["MentalFortress","EmptyFist","EmptyBody+1"],"picked":"SKIP","floor":35},{"not_picked":["Coolheaded","BowlingBash"],"picked":"Biased Cognition","floor":37},{"not_picked":["Fission","Establishment"],"picked":"Meteor Strike","floor":40},{"not_picked":["Rainbow","Devotion"],"picked":"Thunder Strike","floor":42},{"not_picked":["ReplayTheSpireMod:Fabricate Wheel","ReplayTheSpireMod:Omega Cannon"],"picked":"Mirror Shield","floor":44},{"not_picked":["Barrage+1","Nirvana"],"picked":"SashWhip","floor":45},{"not_picked":["Replay:BluntJabs","Replay:Hum"],"picked":"Defragment+1","floor":45},{"not_picked":["LessonLearned","Wish","All For One"],"picked":"SKIP","floor":46},{"not_picked":["Replay:BluntJabs","CarveReality"],"picked":"Reinforced Body","floor":48},{"not_picked":["ThirdEye+1","Halt+1"],"picked":"FlyingSleeves","floor":48}],"player_experience":173271,"relics_obtained":[{"floor":6,"key":"Kunai"},{"floor":8,"key":"infinitespire:Satchel"},{"floor":9,"key":"The Courier"},{"floor":10,"key":"Iron Hammer"},{"floor":13,"key":"Replay:Rubber Ducky"},{"floor":24,"key":"Bronze Scales"},{"floor":25,"key":"Thread and Needle"},{"floor":25,"key":"Vajra"},{"floor":26,"key":"MawBank"},{"floor":27,"key":"TungstenRod"},{"floor":27,"key":"Mercury Hourglass"},{"floor":29,"key":"War Paint"},{"floor":29,"key":"Toy Ornithopter"},{"floor":31,"key":"InkBottle"},{"floor":31,"key":"Juzu Bracelet"},{"floor":39,"key":"ReplayTheSpireMod:Ring of Collecting"},{"floor":39,"key":"Ring of Panic"},{"floor":40,"key":"Darkstone Periapt"},{"floor":40,"key":"Boot"},{"floor":42,"key":"Bag of Preparation"},{"floor":42,"key":"Replay:Towering Pillar of Hats"},{"floor":43,"key":"infinitespire:Lucky Rock"},{"floor":43,"key":"Art of War"},{"floor":43,"key":"Ring of Misfortune"},{"floor":44,"key":"infinitespire:Lychee Nut"},{"floor":44,"key":"Orichalcum"},{"floor":46,"key":"Shuriken"},{"floor":46,"key":"Pantograph"}],"event_choices":[{"damage_healed":0,"gold_gain":0,"player_choice":"Success","damage_taken":3,"relics_obtained":["Smiling Mask"],"max_hp_gain":0,"max_hp_loss":0,"event_name":"Scrap Ooze","floor":5,"gold_loss":0},{"damage_healed":0,"gold_gain":0,"player_choice":"Ignored","damage_taken":0,"max_hp_gain":0,"max_hp_loss":0,"event_name":"Transmorgrifier","floor":20,"gold_loss":0},{"damage_healed":0,"gold_gain":0,"player_choice":"Paid","damage_taken":0,"relics_obtained":["Red Mask"],"max_hp_gain":0,"max_hp_loss":0,"event_name":"Tomb of Lord Red Mask","floor":38,"gold_loss":39},{"damage_healed":0,"gold_gain":0,"player_choice":"Embrace Madness","damage_taken":8,"max_hp_gain":0,"max_hp_loss":0,"event_name":"Winding Halls","floor":47,"gold_loss":0,"cards_obtained":["Madness","Madness"]}],"is_beta":false,"boss_relics":[{"not_picked":["Abe\u0027s Treasure","Fusion Hammer"],"picked":"Black Star"},{"not_picked":["Replay:Drink Me","Velvet Choker"],"picked":"ReplayTheSpireMod:SealedPack"}],"items_purged_floors":[],"is_endless":false,"potions_floor_spawned":[6,8,11,12,16,21,25,27,37,42,48],"ascension_level":0}}