{"host":"tqat8h9oealf2qov","time":1610726332,"event":{"mods":["Aspiration","BaseMod","Downfall","Hermit","Minty Spire (QoL Compilation)","Quick Restart","READ ME - Guardian Mod","Remilia£®¿Ÿ√◊¿Ú—«£©","Replay The Spire","StSLib","The Cursed","Youmu£®ªÍ∆«—˝√Œ£©"],"gold_per_floor":[99,99,99,99,112,127,127,161,161,161,161,174,174,205,220,318,318,318,330,330,330,348,365,365,365,397,413,443,190,221,241,258,258,258,258],"floor_reached":33,"language":"ZHS","playtime":1236,"items_purged":[],"score":331,"play_id":"1dc5f41e-0119-4811-9082-d762f399c78a","local_time":"20210115235852","is_ascension_mode":true,"campfire_choices":[{"data":"Slimebound:Split","floor":1.0,"key":"SMITH"},{"data":"Slimebound:MassRepurpose","floor":9.0,"key":"SMITH"},{"data":"Slimebound:LeechEnergy","floor":11.0,"key":"SMITH"},{"data":"Slimebound:CorrosiveSpit","floor":13.0,"key":"SMITH"},{"data":"Slimebound:OneTwoCombo","floor":25.0,"key":"SMITH"}],"circlet_count":0,"master_deck":["Slimebound:Tackle","Slimebound:Split+1","Slimebound:CorrosiveSpit+1","Slimebound:SplitBruiser","Slimebound:LeechEnergy+1","Slimebound:LevelUp","Slimebound:LeadByExample","Slimebound:MassRepurpose+1","Slimebound:SlimeTap","Slimebound:SplitBruiser","Slimebound:ProtectTheBoss","Slimebound:OneTwoCombo+1","Slimebound:FinishingTackle","Slimebound:Chomp","Slimebound:SplitAcid","Slimebound:DivideAndConquer","Slimebound:RollThrough","Slimebound:LevelUp","Slimebound:SamplingLick+1","Slimebound:SplitAcid"],"relics":["Slimebound:AbsorbEndCombat","downfall:HeartsMalice","Iron Hammer","Ancient Tea Set","Bag of Marbles","Pandora\u0027s Box","Pantograph","Blood Vial","Kunai","Toxic Egg 2","Bottled Flame"],"acts_visited":["Exordium","TheCity"],"potions_floor_usage":[],"damage_taken":[{"damage":0.0,"enemies":"Small Slimes","floor":2.0,"turns":1.0},{"damage":0.0,"enemies":"Cultist","floor":3.0,"turns":1.0},{"damage":0.0,"enemies":"2 Louse","floor":4.0,"turns":1.0},{"damage":17.0,"enemies":"Large Slime","floor":5.0,"turns":4.0},{"damage":44.0,"enemies":"Exordium Thugs","floor":6.0,"turns":4.0},{"damage":40.0,"enemies":"Lagavulin","floor":8.0,"turns":5.0},{"damage":26.0,"enemies":"Gremlin Gang","floor":12.0,"turns":5.0},{"damage":15.0,"enemies":"Gremlin Nob","floor":14.0,"turns":3.0},{"damage":20.0,"enemies":"Red Slaver","floor":15.0,"turns":3.0},{"damage":65.0,"enemies":"downfall:Ironclad","floor":16.0,"turns":9.0},{"damage":19.0,"enemies":"Shell Parasite","floor":19.0,"turns":1.0},{"damage":29.0,"enemies":"Chosen","floor":22.0,"turns":2.0},{"damage":16.0,"enemies":"Snake Plant","floor":23.0,"turns":1.0},{"damage":35.0,"enemies":"Book of Stabbing","floor":26.0,"turns":2.0},{"damage":19.0,"enemies":"Centurion and Healer","floor":27.0,"turns":3.0},{"damage":41.0,"enemies":"Gremlin Leader","floor":28.0,"turns":3.0},{"damage":31.0,"enemies":"downfall:FleeingMerchant","floor":29.0,"turns":4.0},{"damage":56.0,"enemies":"Book of Stabbing","floor":30.0,"turns":4.0},{"damage":8,"enemies":"Snecko","floor":31,"turns":2},{"damage":26,"enemies":"Snake Plant","floor":32,"turns":2},{"damage":101,"enemies":"downfall:Watcher","floor":33,"turns":4}],"seed_played":"-8997946951326182640","potions_obtained":[{"floor":6.0,"key":"Fire Potion"},{"floor":8.0,"key":"Weak Potion"},{"floor":14.0,"key":"SteroidPotion"},{"floor":16.0,"key":"Fire Potion"}],"is_trial":false,"path_per_floor":["R","M","M","M","M","M","T","E","R","?","R","M","R","E","M","B",null,"R","M","?","?","M","M","T","R","E","M","E","$","E","M","M","B"],"character_chosen":"SLIMEBOUND","items_purchased":["Toxic Egg 2"],"campfire_rested":0,"item_purchase_floors":[29],"current_hp_per_floor":[60,60,60,60,58,42,42,34,34,34,34,36,36,53,49,32,60,60,60,60,60,51,55,55,55,44,55,47,60,43,49,37,0,0,0],"gold":258,"neow_bonus":"THREE_ENEMY_KILL","is_daily":false,"chose_seed":false,"campfire_upgraded":5,"win_rate":0.0,"timestamp":1610726332,"path_taken":["R","M","M","M","M","M","T","E","R","?","R","?","R","E","M","BOSS","R","M","?","?","?","M","T","R","E","M","E","$","E","?","M","BOSS"],"items_purchased_type":["Relic"],"build_version":"2020-12-22","purchased_purges":0,"victory":false,"max_hp_per_floor":[60,60,60,60,60,60,60,60,60,60,60,60,60,60,60,60,60,60,60,60,60,60,60,60,60,60,60,60,60,60,60,60,60,60,60],"card_choices":[{"not_picked":["Slimebound:FinishingTackle","Slimebound:Prepare"],"picked":"Slimebound:SplitBruiser","floor":2.0},{"not_picked":["Slimebound:LeechingTouch","Slimebound:Schlurp","Slimebound:ViciousTackle"],"picked":"SKIP","floor":3.0},{"not_picked":["Slimebound:ServeAndProtect","Slimebound:ProtectTheBoss"],"picked":"Slimebound:LeechEnergy","floor":4.0},{"not_picked":["Slimebound:ForwardTackle","Slimebound:SplitAcid"],"picked":"Slimebound:LevelUp","floor":5.0},{"not_picked":["Slimebound:ComboTackle","Slimebound:GoopTackle"],"picked":"Slimebound:LeadByExample","floor":6.0},{"not_picked":["Slimebound:MegaLick","Slimebound:SplitMire"],"picked":"Slimebound:MassRepurpose","floor":8.0},{"not_picked":["Slimebound:LivingWall","Slimebound:SamplingLick"],"picked":"Slimebound:SlimeTap","floor":12.0},{"not_picked":["Slimebound:SlimeTap","Slimebound:SplitMire"],"picked":"Slimebound:SplitBruiser","floor":14.0},{"not_picked":["Slimebound:SplitMire","Slimebound:SlimeSpikes"],"picked":"Slimebound:ProtectTheBoss","floor":15.0},{"not_picked":["Slimebound:OozeBath","Slimebound:DuplicatedForm"],"picked":"Slimebound:OneTwoCombo","floor":16.0},{"not_picked":["Slimebound:FormOfPuddle","Slimebound:TongueLash+1","Slimebound:Schlurp"],"picked":"SKIP","floor":19.0},{"not_picked":["Slimebound:LeechingTouch","Slimebound:ViciousTackle","Slimebound:GoopSpray+1"],"picked":"SKIP","floor":22.0},{"not_picked":["Slimebound:DivideAndConquer","Slimebound:RollThrough"],"picked":"Slimebound:LevelUp","floor":23.0},{"not_picked":["Slimebound:FormOfPuddle","Slimebound:ServeAndProtect+1","Slimebound:PressTheAttack+1"],"picked":"SKIP","floor":26.0},{"not_picked":["Slimebound:PressTheAttack","Slimebound:RollThrough","Slimebound:MassFeed"],"picked":"SKIP","floor":27.0},{"not_picked":["Slimebound:FinishingTackle","Slimebound:RollThrough"],"picked":"Slimebound:SamplingLick+1","floor":28.0},{"not_picked":["Slimebound:RejuvenatingLick","Slimebound:GoopSpray"],"picked":"Slimebound:SplitAcid","floor":29.0},{"not_picked":["Slimebound:OneTwoCombo","Slimebound:RejuvenatingLick+1","Slimebound:Grow"],"picked":"SKIP","floor":30},{"not_picked":["Slimebound:ComboTackle","Slimebound:FinishingTackle","Slimebound:ViciousTackle"],"picked":"SKIP","floor":31},{"not_picked":["Slimebound:Equalize","Slimebound:LeechingTouch+1","Slimebound:GrowthPunch+1"],"picked":"SKIP","floor":32}],"player_experience":321028,"relics_obtained":[{"floor":7.0,"key":"Iron Hammer"},{"floor":8.0,"key":"Ancient Tea Set"},{"floor":14.0,"key":"Bag of Marbles"},{"floor":24.0,"key":"Pantograph"},{"floor":26.0,"key":"Blood Vial"},{"floor":28.0,"key":"Kunai"},{"floor":30,"key":"Bottled Flame"}],"event_choices":[{"cards_removed":["Slimebound:Strike_Slimebound"],"damage_healed":0.0,"max_hp_gain":0.0,"max_hp_loss":0.0,"gold_gain":0.0,"event_name":"Purifier","player_choice":"Purged","floor":10.0,"gold_loss":0.0,"damage_taken":0.0},{"damage_healed":0.0,"max_hp_gain":0.0,"max_hp_loss":0.0,"gold_gain":0.0,"event_name":"Ghosts","player_choice":"Ignored","floor":20.0,"gold_loss":0.0,"damage_taken":0.0},{"cards_removed":["Slimebound:GrowthPunch"],"damage_healed":5.0,"max_hp_gain":0.0,"max_hp_loss":0.0,"gold_gain":0.0,"event_name":"Bonfire Elementals","player_choice":"Offered Common","floor":21.0,"gold_loss":0.0,"damage_taken":0.0},{"cards_removed":["Slimebound:GrowthPunch"],"damage_healed":5.0,"max_hp_gain":0.0,"max_hp_loss":0.0,"gold_gain":0.0,"event_name":"Bonfire Elementals","player_choice":"Offered Special","floor":21.0,"gold_loss":0.0,"damage_taken":0.0}],"is_beta":false,"boss_relics":[{"not_picked":["Slimebound:AbsorbEndCombatUpgraded","aspiration:DefectSkillbook"],"picked":"Pandora\u0027s Box"}],"items_purged_floors":[],"is_endless":false,"potions_floor_spawned":[6,8,14,16,23,26,27,31],"killed_by":"downfall:Watcher","ascension_level":1}}