{"host":"3zhcrllo23fhqv4x","time":1610721977,"event":{"mods":["AchievementEnabler","BaseMod","Downfall","Hermit","Jorbs\u0027s Wanderer Trilogy","Marisa????????","Minty Spire (QoL Compilation)","Remilia??????","StSLib","The Cursed","The Disciple","The Hierophant","The Runesmith","The Servant 0.9.4"],"gold_per_floor":[99,116,134,195,195,211,238,1,1,0,0,24,24,39,56,56,56,56],"floor_reached":16,"language":"ENG","playtime":652,"items_purged":[],"score":90,"play_id":"8aff27f6-c290-4c18-9069-fb90e1c77b65","local_time":"20210115094617","is_ascension_mode":false,"campfire_choices":[{"floor":1,"key":"RECALL"},{"data":"Slimebound:DuplicatedForm","floor":11,"key":"SMITH"}],"circlet_count":0,"master_deck":["Slimebound:Strike_Slimebound","Slimebound:Strike_Slimebound","Slimebound:Strike_Slimebound","Slimebound:Tackle","Slimebound:Defend_Slimebound+1","Slimebound:Defend_Slimebound","Slimebound:Defend_Slimebound","Slimebound:Defend_Slimebound","Slimebound:Split","Slimebound:CorrosiveSpit","Slimebound:LeadByExample","Slimebound:MegaLick+1","Slimebound:SamplingLick+1","Regret","Slimebound:LevelUp","Slimebound:DuplicatedForm+1","Slimebound:Equalize","Slimebound:SplitAcid","Slimebound:Schlurp","Slimebound:GoopSpray","Slimebound:Schlurp"],"relics":["Slimebound:AbsorbEndCombat","Gambling Chip","Juzu Bracelet","Odd Mushroom","Eternal Feather"],"acts_visited":["Exordium"],"potions_floor_usage":[4,16,16],"damage_taken":[{"damage":4,"enemies":"Cultist","floor":2,"turns":3},{"damage":6,"enemies":"Small Slimes","floor":3,"turns":4},{"damage":33,"enemies":"3 Sentries","floor":4,"turns":6},{"damage":4,"enemies":"Jaw Worm","floor":6,"turns":2},{"damage":5,"enemies":"downfall:FleeingMerchant","floor":8,"turns":4},{"damage":22,"enemies":"downfall:FleeingMerchant","floor":10,"turns":4},{"damage":18,"enemies":"The Mushroom Lair","floor":12,"turns":3},{"damage":9,"enemies":"Blue Slaver","floor":14,"turns":2},{"damage":22,"enemies":"2 Fungi Beasts","floor":15,"turns":3},{"damage":46,"enemies":"downfall:Defect","floor":16,"turns":3}],"seed_played":"1602927756318978578","potions_obtained":[{"floor":3,"key":"LiquidMemories"},{"floor":4,"key":"SneckoOil"},{"floor":6,"key":"DistilledChaos"},{"floor":14,"key":"Fire Potion"}],"is_trial":false,"path_per_floor":["R","M","M","?","?","M","T","$","?","$","R","?","?","M","M","B"],"character_chosen":"SLIMEBOUND","items_purchased":["Juzu Bracelet","Slimebound:Equalize"],"campfire_rested":0,"item_purchase_floors":[8,8],"current_hp_per_floor":[66,66,64,45,45,47,47,52,57,60,60,54,47,44,34,0,0,0],"gold":56,"neow_bonus":"TEN_PERCENT_HP_BONUS","is_daily":false,"chose_seed":false,"campfire_upgraded":1,"win_rate":0.0,"timestamp":1610721977,"path_taken":["R","M","M","?","?","M","T","?","?","$","R","?","?","M","M","BOSS"],"items_purchased_type":["Relic","Card"],"build_version":"2020-12-22","purchased_purges":0,"victory":false,"max_hp_per_floor":[66,66,66,66,66,66,66,66,71,71,71,71,71,71,71,71,71,71],"card_choices":[{"not_picked":["Slimebound:LeechEnergy","Slimebound:GrowthPunch"],"picked":"Slimebound:LeadByExample","floor":2},{"not_picked":["Slimebound:RollThrough","Slimebound:Gluttony"],"picked":"Slimebound:MegaLick","floor":3},{"not_picked":["Slimebound:ForwardTackle","Slimebound:GrowthPunch"],"picked":"Slimebound:SamplingLick","floor":4},{"not_picked":["Slimebound:LeechingTouch","Slimebound:DivideAndConquer"],"picked":"Slimebound:LevelUp","floor":6},{"not_picked":["Slimebound:SlimeBarrage","Slimebound:ComboTackle"],"picked":"Slimebound:DuplicatedForm","floor":8},{"not_picked":["Slimebound:Gluttony","Slimebound:GoopSpray"],"picked":"Slimebound:SplitAcid","floor":10},{"not_picked":["Slimebound:FlameTackle","Slimebound:SplitBruiser"],"picked":"Slimebound:Schlurp","floor":12},{"not_picked":["Slimebound:SlimeTap","Slimebound:SlimeBrawl"],"picked":"Slimebound:GoopSpray","floor":14},{"not_picked":["Slimebound:GoopSpray","Slimebound:MegaLick"],"picked":"Slimebound:Schlurp","floor":15}],"player_experience":295842,"relics_obtained":[{"floor":12,"key":"Odd Mushroom"}],"event_choices":[{"damage_healed":0,"gold_gain":0,"player_choice":"Donut","damage_taken":0,"max_hp_gain":5,"max_hp_loss":0,"event_name":"Big Fish","floor":9,"gold_loss":0},{"damage_healed":0,"gold_gain":0,"player_choice":"Fought Mushrooms","damage_taken":0,"max_hp_gain":0,"max_hp_loss":0,"event_name":"Mushrooms","floor":12,"gold_loss":0},{"damage_healed":0,"gold_gain":0,"player_choice":"Success","damage_taken":7,"relics_obtained":["Eternal Feather"],"max_hp_gain":0,"max_hp_loss":0,"event_name":"Scrap Ooze","floor":13,"gold_loss":0}],"is_beta":false,"boss_relics":[],"items_purged_floors":[],"is_endless":false,"potions_floor_spawned":[3,4,6,14],"killed_by":"downfall:Defect","ascension_level":0}}