{"host":"kw4o7b3ro2ktmmbe","time":1610753003,"event":{"mods":["100% Spire Juice","BaseMod","Evolution","Minty Spire (QoL Compilation)","StSLib"],"gold_per_floor":[115,115,115,115,115,115,6,6,52,52,62,82,93,107,107,210,90,106,119,164,175,194,74,108,108,157,183,183,183,212,237,117,213,93,108,108,4,54,54,54,81,109,109,135,157,196,228,266,278,290],"floor_reached":51,"language":"ENG","playtime":4710,"items_purged":[],"score":1083,"play_id":"6fe1758d-4e2c-4611-b2d4-b571e47712e6","local_time":"20210116122323","is_ascension_mode":true,"campfire_choices":[{"data":"Moonworks:IndiscriminateFireSupport","floor":6.0,"key":"SMITH"},{"data":"Moonworks:CrystalBarrier","floor":15.0,"key":"SMITH"},{"data":"Moonworks:AccelHyper","floor":23.0,"key":"SMITH"},{"data":"Moonworks:MiracleWalker","floor":25.0,"key":"SMITH"},{"data":"Moonworks:ShieldCounter","floor":28.0,"key":"SMITH"},{"data":"Moonworks:FinalBattle","floor":32.0,"key":"SMITH"},{"data":"Moonworks:SubspaceTunnel","floor":40.0,"key":"SMITH"},{"data":"Moonworks:Defend","floor":49,"key":"SMITH"}],"circlet_count":0,"master_deck":["Moonworks:Defend+1","Moonworks:Defend","Moonworks:Defend","Moonworks:Ambush","Moonworks:LongDistanceShot","Moonworks:IndiscriminateFireSupport+1","Moonworks:MiracleWalker+1","Moonworks:CrystalBarrier+1","Bandage Up","Moonworks:ShieldCounter+1","Moonworks:AccelHyper+1","Moonworks:Dinner","Moonworks:FinalBattle+1","Bite","Bite","Bite","Bite","Bite","Moonworks:IndiscriminateFireSupport+1","Moonworks:SubspaceTunnel+1","Moonworks:MiracleRedBeanIceCream","Moonworks:ImmovableObject+1","Moonworks:DeployBits+1"],"relics":["Moonworks:Homemark","EVO:Axolotl","Coffee Dripper","Tiny Chest","Black Star","Omamori","Bronze Scales","Toy Ornithopter","Lantern","PreservedInsect","WingedGreaves","Nunchaku","StrikeDummy","Pen Nib","Busted Crown","Bird Faced Urn","Sundial","Orichalcum","Bottled Tornado","Darkstone Periapt","Dream Catcher","Frozen Egg 2","MawBank","Letter Opener","Ornamental Fan","Akabeko","Potion Belt","MealTicket"],"acts_visited":["Exordium","TheCity","TheBeyond"],"potions_floor_usage":[48,50],"damage_taken":[{"damage":1.0,"enemies":"Cultist","floor":1.0,"turns":3.0},{"damage":0.0,"enemies":"Jaw Worm","floor":7.0,"turns":2.0},{"damage":3.0,"enemies":"2 Louse","floor":11.0,"turns":2.0},{"damage":0.0,"enemies":"Looter","floor":12.0,"turns":1.0},{"damage":0.0,"enemies":"Red Slaver","floor":13.0,"turns":5.0},{"damage":8.0,"enemies":"Lots of Slimes","floor":14.0,"turns":3.0},{"damage":3.0,"enemies":"The Guardian","floor":16.0,"turns":10.0},{"damage":0.0,"enemies":"Shell Parasite","floor":18.0,"turns":5.0},{"damage":0.0,"enemies":"2 Thieves","floor":19.0,"turns":3.0},{"damage":2.0,"enemies":"Centurion and Healer","floor":21.0,"turns":4.0},{"damage":6.0,"enemies":"Snecko","floor":22.0,"turns":4.0},{"damage":24.0,"enemies":"Slavers","floor":24.0,"turns":5.0},{"damage":28.0,"enemies":"Book of Stabbing","floor":27.0,"turns":6.0},{"damage":1.0,"enemies":"Gremlin Leader","floor":30.0,"turns":4.0},{"damage":18.0,"enemies":"Collector","floor":33.0,"turns":9.0},{"damage":14.0,"enemies":"3 Shapes","floor":35.0,"turns":5.0},{"damage":0.0,"enemies":"Mind Bloom Boss Battle","floor":38.0,"turns":4.0},{"damage":18.0,"enemies":"Nemesis","floor":41.0,"turns":3.0},{"damage":0.0,"enemies":"Reptomancer","floor":42.0,"turns":4.0},{"damage":0.0,"enemies":"Giant Head","floor":44.0,"turns":4.0},{"damage":1.0,"enemies":"3 Darklings","floor":45.0,"turns":2.0},{"damage":0.0,"enemies":"Nemesis","floor":46.0,"turns":7.0},{"damage":0,"enemies":"Maw","floor":47,"turns":9},{"damage":2,"enemies":"Giant Head","floor":48,"turns":7},{"damage":0,"enemies":"Donu and Deca","floor":50,"turns":8}],"seed_played":"-1625309281591049282","potions_obtained":[{"floor":7.0,"key":"Fire Potion"},{"floor":12.0,"key":"BlessingOfTheForge"},{"floor":14.0,"key":"SpeedPotion"},{"floor":18.0,"key":"DistilledChaos"},{"floor":21.0,"key":"SteroidPotion"},{"floor":22.0,"key":"LiquidBronze"},{"floor":30.0,"key":"Moonworks:OneHundredPercentOrangeJuicePotion"},{"floor":33.0,"key":"Swift Potion"},{"floor":38.0,"key":"GamblersBrew"},{"floor":41.0,"key":"Weak Potion"},{"floor":42.0,"key":"Block Potion"},{"floor":44.0,"key":"Regen Potion"},{"floor":45.0,"key":"PowerPotion"}],"is_trial":false,"path_per_floor":["M","?","$","$","?","R","M","?","T","$","M","M","M","M","R","B",null,"M","M","T","M","M","R","E","R","T","E","R","?","E","T","R","B",null,"M","?","$","?","T","R","E","E","T","E","M","E","M","E","R","B",null],"character_chosen":"THE_STARBREAKER","items_purchased":["Fruit Juice"],"campfire_rested":0,"item_purchase_floors":[37],"current_hp_per_floor":[59,59,59,59,64,64,64,64,64,64,62,65,65,61,61,62,65,65,65,65,65,59,59,57,57,57,46,46,45,41,41,41,43,45,44,44,50,50,50,50,43,50,50,50,49,50,50,50,50,50],"gold":302,"neow_bonus":"BOSS_RELIC","is_daily":false,"chose_seed":false,"campfire_upgraded":8,"win_rate":0.0,"timestamp":1610753003,"path_taken":["M","?","?","$","?","R","M","?","T","$","M","M","M","M","R","BOSS","M","M","?","?","M","R","E","R","T","E","R","?","E","?","R","BOSS","M","?","?","?","?","R","E","E","T","E","?","E","?","E","R","BOSS"],"items_purchased_type":["Potion"],"build_version":"2020-12-22","purchased_purges":0,"victory":true,"max_hp_per_floor":[60,60,60,60,65,65,65,65,65,65,65,65,65,65,65,65,65,65,65,65,65,65,65,65,65,65,65,65,45,45,45,45,45,45,45,45,50,50,50,50,50,50,50,50,50,50,50,50,50,50],"card_choices":[{"not_picked":["Moonworks:ImOnFire","Moonworks:DeployBits"],"picked":"Moonworks:IndiscriminateFireSupport","floor":1.0},{"not_picked":["Moonworks:ReproductionOfRecords","Moonworks:LulusLuckyEgg"],"picked":"Moonworks:MiracleWalker","floor":7.0},{"not_picked":["Moonworks:BackdoorTrade","Moonworks:SakisCookie","Moonworks:CompletionReward"],"picked":"SKIP","floor":11.0},{"not_picked":["Moonworks:IndiscriminateFireSupport","Moonworks:SakisCookie","Moonworks:BackdoorTrade"],"picked":"SKIP","floor":12.0},{"not_picked":["Moonworks:DeployBits","Moonworks:LulusLuckyEgg"],"picked":"Moonworks:ShieldCounter","floor":13.0},{"not_picked":["Moonworks:DeployBits","Moonworks:SealedMemories","Moonworks:EvilSpyWorkPreparation"],"picked":"SKIP","floor":14.0},{"not_picked":["Moonworks:CrystalBarrier","Moonworks:ShieldCounter"],"picked":"Moonworks:AccelHyper","floor":16.0},{"not_picked":["Moonworks:DeployBits+1","Moonworks:SakisCookie","Moonworks:LulusLuckyEgg"],"picked":"SKIP","floor":18.0},{"not_picked":["Moonworks:SakisCookie","Moonworks:ImOnFire"],"picked":"Moonworks:Dinner","floor":19.0},{"not_picked":["Moonworks:BigMagnum","Moonworks:SweetBattle+1","Moonworks:JonathanRush"],"picked":"SKIP","floor":21.0},{"not_picked":["Moonworks:BigMagnum","Moonworks:Bloodlust"],"picked":"Moonworks:FinalBattle","floor":22.0},{"not_picked":["Moonworks:LulusLuckyEgg","Moonworks:Assault","Moonworks:IndiscriminateFireSupport"],"picked":"SKIP","floor":24.0},{"not_picked":["Moonworks:DeployBits","Moonworks:TacticalRetreat","Moonworks:RedAndBlue"],"picked":"SKIP","floor":27.0},{"not_picked":["Moonworks:NicePresent","Moonworks:JonathanRush"],"picked":"Moonworks:IndiscriminateFireSupport+1","floor":30.0},{"not_picked":["Moonworks:Gamble","Moonworks:Wanted"],"picked":"Moonworks:SubspaceTunnel","floor":33.0},{"not_picked":["Moonworks:Assault"],"picked":"SKIP","floor":35.0},{"not_picked":["Moonworks:SakisCookie+1"],"picked":"SKIP","floor":41.0},{"not_picked":["Moonworks:SakisCookie+1"],"picked":"SKIP","floor":41.0},{"not_picked":[],"picked":"Moonworks:ImmovableObject+1","floor":42.0},{"not_picked":["Moonworks:CastOff"],"picked":"SKIP","floor":44.0},{"not_picked":["Moonworks:JonathanRush"],"picked":"SKIP","floor":45.0},{"not_picked":["Moonworks:JonathanRush+1"],"picked":"SKIP","floor":46.0},{"not_picked":["Moonworks:ReproductionOfRecords"],"picked":"SKIP","floor":47},{"not_picked":[],"picked":"Moonworks:DeployBits+1","floor":48}],"player_experience":1830438,"relics_obtained":[{"floor":9.0,"key":"Tiny Chest"},{"floor":20.0,"key":"Omamori"},{"floor":24.0,"key":"Bronze Scales"},{"floor":24.0,"key":"Toy Ornithopter"},{"floor":26.0,"key":"Lantern"},{"floor":27.0,"key":"PreservedInsect"},{"floor":27.0,"key":"WingedGreaves"},{"floor":30.0,"key":"Nunchaku"},{"floor":30.0,"key":"StrikeDummy"},{"floor":31.0,"key":"Pen Nib"},{"floor":38.0,"key":"Bird Faced Urn"},{"floor":39.0,"key":"Sundial"},{"floor":41.0,"key":"Orichalcum"},{"floor":41.0,"key":"Bottled Tornado"},{"floor":42.0,"key":"Darkstone Periapt"},{"floor":42.0,"key":"Dream Catcher"},{"floor":43.0,"key":"Frozen Egg 2"},{"floor":44.0,"key":"MawBank"},{"floor":44.0,"key":"Letter Opener"},{"floor":46.0,"key":"Ornamental Fan"},{"floor":46.0,"key":"Akabeko"},{"floor":48,"key":"Potion Belt"},{"floor":48,"key":"MealTicket"}],"event_choices":[{"damage_healed":0.0,"max_hp_gain":0.0,"max_hp_loss":0.0,"gold_gain":0.0,"event_name":"The Cleric","player_choice":"Leave","floor":2.0,"gold_loss":0.0,"damage_taken":0.0},{"damage_healed":0.0,"max_hp_gain":5.0,"max_hp_loss":0.0,"gold_gain":0.0,"event_name":"Big Fish","player_choice":"Donut","floor":5.0,"gold_loss":0.0,"damage_taken":0.0},{"damage_healed":0.0,"max_hp_gain":0.0,"max_hp_loss":0.0,"gold_gain":0.0,"event_name":"Match and Keep!","player_choice":"2 cards matched","floor":8.0,"gold_loss":0.0,"damage_taken":0.0,"cards_obtained":["Moonworks:CrystalBarrier","Bandage Up"]},{"damage_healed":0.0,"max_hp_gain":0.0,"max_hp_loss":0.0,"gold_gain":0.0,"event_name":"Match and Keep!","player_choice":"2 cards matched","floor":8.0,"gold_loss":0.0,"damage_taken":0.0,"cards_obtained":["Moonworks:CrystalBarrier","Bandage Up"]},{"damage_healed":0.0,"max_hp_gain":0.0,"max_hp_loss":20.0,"gold_gain":0.0,"event_name":"Vampires","player_choice":"Became a vampire","floor":29.0,"gold_loss":0.0,"damage_taken":0.0,"cards_obtained":["Bite","Bite","Bite","Bite","Bite"]},{"damage_healed":0.0,"max_hp_gain":0.0,"max_hp_loss":0.0,"gold_gain":0.0,"cards_transformed":["Moonworks:Defend"],"event_name":"Transmorgrifier","player_choice":"Transformed","floor":36.0,"gold_loss":0.0,"damage_taken":0.0,"cards_obtained":["Moonworks:MiracleRedBeanIceCream"]},{"damage_healed":0.0,"max_hp_gain":0.0,"max_hp_loss":0.0,"gold_gain":0.0,"event_name":"MindBloom","player_choice":"Fight","floor":38.0,"gold_loss":0.0,"damage_taken":0.0}],"is_beta":false,"boss_relics":[{"not_picked":["Calling Bell","Tiny House"],"picked":"Black Star"},{"not_picked":["Astrolabe","Runic Pyramid"],"picked":"Busted Crown"}],"items_purged_floors":[],"is_endless":false,"potions_floor_spawned":[7,12,14,18,21,22,30,33,38,41,42,44,45],"ascension_level":2}}