{"host":"g1wmg2w41xhsnw8g","time":1610683929,"event":{"mods":["2.2 Compatiblity","Act Like it!","BaseMod","Better Altar","Better Match","Better Note","Better Sensory Stone","Better Skull","Better Third Choice","BetterRewards","Booster Modes","CapriCore","Colored Map","Colored Powertips","Defuse TimeMaze Blight","Displayed Cursed Tome","Evolution","Fox Events","Friendly Minions","GifTheSpireLib","Good Game Mod","Googly Eyes","Infinite Spire","Minty Spire (QoL Compilation)","Red Circlet Mod","Relic Sorter","SCP261 Mod","Shade Mod","Shop Mod","Spicy Shops","Spikes Relics","StSLib","The Dragon Tamer","The Sage","Transform Curses","Wandering Minibosses","????"],"gold_per_floor":[116,0,51,51,51,51,65,100,269,57,57,91,109,144,144,240,340,354,374,374,390,402,437,4,4,4,4],"floor_reached":25,"language":"ENG","playtime":1914,"items_purged":["DTMod:TargetDefense","Normality","Pain"],"score":512,"play_id":"90500d81-d85d-4b13-a806-e9fdb18cc8bb","local_time":"20210114231208","is_ascension_mode":true,"metric_token":2387,"campfire_choices":[{"floor":6,"key":"REST"},{"data":"Enlightenment","floor":15,"key":"SMITH"}],"dtmod_dragon_data":[0,56,0,-1,12,0],"circlet_count":0,"master_deck":["DTMod:CleansingStrike+1","DTMod:Punisher+1","DTMod:ComboAttack","DTMod:Strike","DTMod:DoubleHit","DTMod:TargetDefense","DTMod:TargetDefense","DTMod:TargetDefense","DTMod:SwitchingTactic","DTMod:Feint","DTMod:EchoTactic","DTMod:CleansingStrike","Enlightenment+1","DTMod:BreakAttack","DTMod:Threaten","DTMod:Observe","DTMod:FlameSlash","DTMod:BurningEnergy","DTMod:Harmonize","DTMod:BuildUp","DTMod:QuickFly","DTMod:HeadStart"],"relics":["DTMod:PactStone","REME:ComplimentaryCards","EVO:Axolotl","Membership Card","MerchantsRug","Eternal Feather","Vajra","Oddly Smooth Stone","FossilizedHelix","GiantMaggot","foxEvents:LuckyCharm","WizardHat","infinitespire:EmpoweringShard","infinitespire:ShieldingShard","Mummified Hand","DTMod:OddArmor","infinitespire:Lucky Rock","Ancient Tea Set","Busted Crown","Boot","TungstenRod","HandDrill","Shovel"],"acts_visited":["Exordium","TheCity"],"potions_floor_usage":[8,12,18,19,23,25],"damage_taken":[{"damage":0,"enemies":"Jaw Worm","floor":1,"turns":2},{"damage":0,"enemies":"Colosseum Slavers","floor":3,"turns":2},{"damage":0,"enemies":"2 Louse","floor":7,"turns":1},{"damage":0,"enemies":"Gremlin Nob","floor":8,"turns":3},{"damage":18,"enemies":"Lagavulin","floor":12,"turns":4},{"damage":0,"enemies":"Small Slimes","floor":13,"turns":2},{"damage":0,"enemies":"3 Sentries","floor":14,"turns":4},{"damage":0,"enemies":"Slime Boss","floor":16,"turns":10},{"damage":0,"enemies":"Spheric Guardian","floor":18,"turns":1},{"damage":0,"enemies":"2 Thieves","floor":19,"turns":6},{"damage":0,"enemies":"Chosen and Byrds","floor":21,"turns":4},{"damage":2,"enemies":"Snecko","floor":22,"turns":5},{"damage":0,"enemies":"Slavers","floor":23,"turns":3},{"damage":86,"enemies":"Nightmare","floor":25,"turns":10}],"seed_played":"6934850977926595884","potions_obtained":[{"floor":3,"key":"Weak Potion"},{"floor":8,"key":"SkillPotion"},{"floor":13,"key":"SCP261:DewritoBlazePotion"},{"floor":16,"key":"SCP261:GirlTearsPotion"},{"floor":22,"key":"SCP261:ThunderBarPotion"},{"floor":23,"key":"Fire Potion"}],"is_trial":false,"path_per_floor":["M","?","?","?","?","R","M","E","T","$","$","E","M","E","R","B",null,"M","M","?","M","M","E","R","NM"],"character_chosen":"THE_DT","items_purchased":["Membership Card","MerchantsRug","Whetstone","Eternal Feather","Vajra","Oddly Smooth Stone","GiantMaggot","Mummified Hand","DTMod:OddArmor","Pear","TungstenRod","HandDrill","Shovel","SCP261:BarrettColaPotion"],"campfire_rested":1,"item_purchase_floors":[0,0,0,0,0,0,0,10,10,10,24,24,24,24],"current_hp_per_floor":[45,51,51,56,49,56,56,56,56,66,66,48,48,48,57,57,66,66,66,66,66,64,64,66,0,0,0],"gold":4,"neow_bonus":"","is_daily":false,"chose_seed":false,"campfire_upgraded":1,"win_rate":0.0,"timestamp":1610683928,"path_taken":["M","?","?","?","?","R","M","E","T","?","$","E","?","E","R","BOSS","M","M","?","M","M","E","R","NM"],"items_purchased_type":["Relic","Relic","Relic","Relic","Relic","Relic","Relic","Relic","Relic","Relic","Relic","Relic","Relic","Potion"],"build_version":"2020-12-22","purchased_purges":3,"victory":false,"max_hp_per_floor":[45,51,51,56,56,56,56,56,56,66,66,66,66,66,66,66,66,66,66,66,66,66,66,66,66,66,66],"card_choices":[{"not_picked":["DTMod:Threaten","DTMod:BurningEnergy"],"picked":"DTMod:CleansingStrike","floor":1},{"not_picked":["DTMod:Haste","DTMod:BizarreTactic"],"picked":"DTMod:BreakAttack","floor":3},{"not_picked":["DTMod:BizarreTactic","DTMod:BurningEnergy"],"picked":"DTMod:Threaten","floor":7},{"not_picked":["DTMod:Punisher","DTMod:ComboAttack"],"picked":"DTMod:Observe","floor":8},{"not_picked":["DTMod:Haste","DTMod:BuildUp"],"picked":"DTMod:FlameSlash","floor":12},{"not_picked":["DTMod:FlameSlash","DTMod:CleansingStrike"],"picked":"DTMod:BurningEnergy","floor":13},{"not_picked":["DTMod:EchoTactic","DTMod:FlameSlash","DTMod:QuickFly"],"picked":"SKIP","floor":14},{"not_picked":["DTMod:Safeguard","DTMod:Prediction"],"picked":"DTMod:Harmonize","floor":16},{"not_picked":[],"picked":"DTMod:BuildUp","floor":18},{"not_picked":[],"picked":"DTMod:QuickFly","floor":19},{"not_picked":["DTMod:Punisher+1"],"picked":"SKIP","floor":21},{"not_picked":["DTMod:RecklessFlurry"],"picked":"SKIP","floor":22},{"not_picked":["DTMod:BuildUp"],"picked":"SKIP","floor":23}],"player_experience":932691,"relics_obtained":[{"floor":3,"key":"foxEvents:LuckyCharm"},{"floor":8,"key":"infinitespire:EmpoweringShard"},{"floor":9,"key":"infinitespire:ShieldingShard"},{"floor":12,"key":"infinitespire:Lucky Rock"},{"floor":14,"key":"Ancient Tea Set"},{"floor":23,"key":"Boot"}],"event_choices":[{"damage_healed":0,"gold_gain":0,"player_choice":"RENOUNCE","damage_taken":116,"max_hp_gain":0,"max_hp_loss":0,"event_name":"betterThird:BetterSerpent","floor":2,"gold_loss":116,"cards_obtained":["Enlightenment"]},{"damage_healed":0,"gold_gain":0,"player_choice":"Donut","damage_taken":0,"max_hp_gain":5,"max_hp_loss":0,"event_name":"Big Fish","floor":4,"gold_loss":0},{"damage_healed":0,"gold_gain":0,"player_choice":"Relic ","damage_taken":7,"max_hp_gain":0,"max_hp_loss":0,"event_name":"betterThird:BetterScrap","floor":5,"gold_loss":0,"cards_obtained":["Envenom"]},{"cards_removed":["DTMod:CleansingStrike"],"damage_healed":0,"gold_gain":0,"player_choice":"Take \u0026 Give","damage_taken":0,"max_hp_gain":0,"max_hp_loss":0,"event_name":"betterNote:BetterNote","floor":20,"gold_loss":0,"cards_obtained":["DTMod:HeadStart"]}],"is_beta":false,"boss_relics":[{"not_picked":["Velvet Choker","Sozu"],"picked":"Busted Crown"}],"items_purged_floors":[0,0,24],"is_endless":false,"potions_floor_spawned":[3,8,13,16,22,23],"killed_by":"Nightmare","ascension_level":1}}