{"host":"9kesdg97wkrx2bva","time":1610693068,"event":{"mods":["AchievementEnabler","BaseMod","Colored Map","Downfall","GifTheSpireLib","Infinite Spire","Minty Spire (QoL Compilation)","Replay The Spire","StSLib"],"gold_per_floor":[115,190,11,11,11,45,45,95,95,117,117,145,45,81,81,166,166,183,204,126,126,76,76,110,130,130,130,130,130],"floor_reached":28,"language":"ENG","playtime":655,"items_purged":["Strike_B","Languid"],"score":481,"play_id":"8f8c73cd-1dbb-4e13-9a9d-509de4ba1059","local_time":"20210115014428","is_ascension_mode":true,"campfire_choices":[{"data":"Gash","floor":7,"key":"SMITH"},{"data":"ReplayTheSpireMod:Calculation Training","floor":11,"key":"SMITH"},{"floor":15,"key":"REST"},{"floor":23,"key":"REST"},{"floor":27,"key":"REST"}],"circlet_count":0,"master_deck":["AscendersBane","Strike_B+1","Defend_B","Defend_B","Defend_B","Zap+1","Dualcast","Redo+1","Gash+1","ReplayTheSpireMod:Calculation Training+1","Crystallizer","ReplayGash","Beam Cell","Core Surge","Streamline","Crystallizer","ReplayGash","Capacitor+1"],"relics":["Cracked Core","ReplayTheSpireMod:Ring of Addiction","White Beast Statue","Chameleon Ring","CeramicFish","infinitespire:Beetle Shell","Replay:Mystery Machine","Symbiotic Virus","Replay:Drink Me","Replay:Bottled Snecko","infinitespire:FocusingShard"],"acts_visited":["Exordium","TheCity"],"potions_floor_usage":[6,6,12,14,16,16,18,19,25,25,28],"damage_taken":[{"damage":0,"enemies":"Small Slimes","floor":1,"turns":2},{"damage":0,"enemies":"Gremlin Nob","floor":6,"turns":3},{"damage":0,"enemies":"2 Louse","floor":10,"turns":2},{"damage":0,"enemies":"Cultist","floor":12,"turns":2},{"damage":15,"enemies":"Lagavulin","floor":14,"turns":5},{"damage":34,"enemies":"Fading Forest","floor":16,"turns":11},{"damage":3,"enemies":"3 Byrds","floor":18,"turns":4},{"damage":22,"enemies":"2 Thieves","floor":19,"turns":3},{"damage":24,"enemies":"Gremlin Leader","floor":24,"turns":6},{"damage":8,"enemies":"Centurion and Healer","floor":25,"turns":4},{"damage":34,"enemies":"Slavers","floor":28,"turns":1}],"seed_played":"4984144923151247808","potions_obtained":[{"floor":1,"key":"champ:CounterPotion"},{"floor":4,"key":"Block Potion"},{"floor":6,"key":"AttackPotion"},{"floor":10,"key":"SkillPotion"},{"floor":12,"key":"PowerPotion"},{"floor":14,"key":"CultistPotion"},{"floor":16,"key":"Block Potion"},{"floor":18,"key":"SkillPotion"},{"floor":19,"key":"BlessingOfTheForge"},{"floor":24,"key":"SkillPotion"},{"floor":25,"key":"BlessingOfTheForge"}],"is_trial":false,"path_per_floor":["M","?","$","?","?","E","R","T","T","M","R","M","$","E","R","B",null,"M","M","$","?","?","R","E","M","T","R","E"],"character_chosen":"DEFECT","items_purchased":["Gash","ReplayTheSpireMod:Calculation Training","Crystallizer"],"campfire_rested":3,"item_purchase_floors":[3,3,20],"current_hp_per_floor":[64,53,53,53,32,32,32,32,32,32,32,32,32,17,37,11,42,39,17,17,27,27,42,18,10,10,25,0,0],"gold":130,"neow_bonus":"UPGRADE_CARD","is_daily":false,"chose_seed":false,"campfire_upgraded":2,"win_rate":0.0,"timestamp":1610693068,"path_taken":["M","?","$","?","?","E","R","?","T","M","R","M","$","E","R","BOSS","M","M","$","?","?","R","E","M","T","R","E"],"items_purchased_type":["Card","Card","Card"],"build_version":"2020-12-22","purchased_purges":2,"victory":false,"max_hp_per_floor":[71,71,71,71,71,71,71,71,71,69,69,69,69,69,69,69,52,52,52,52,52,52,50,50,50,50,50,50,50],"card_choices":[{"not_picked":["BasicCrystalCard","Turbo"],"picked":"Redo","floor":1},{"not_picked":["Steam Power","Sunder","Stack"],"picked":"SKIP","floor":6},{"not_picked":["Hologram","Conserve Battery"],"picked":"Crystallizer","floor":10},{"not_picked":["Hologram","Chill"],"picked":"ReplayGash","floor":12},{"not_picked":["ReplayTheSpireMod:Repulse","ReplaySort"],"picked":"Beam Cell","floor":14},{"not_picked":["ReplayRNGCard","Buffer"],"picked":"Core Surge","floor":16},{"not_picked":["Steam","Chaos","Blizzard"],"picked":"SKIP","floor":18},{"not_picked":["Turbo","Coolheaded+1"],"picked":"Streamline","floor":19},{"not_picked":["Steam Power","Panic Button"],"picked":"ReplayGash","floor":24},{"not_picked":["Crystallizer","Cold Snap"],"picked":"Capacitor+1","floor":25}],"player_experience":938506,"relics_obtained":[{"floor":4,"key":"ReplayTheSpireMod:Ring of Addiction"},{"floor":4,"key":"White Beast Statue"},{"floor":4,"key":"Chameleon Ring"},{"floor":6,"key":"CeramicFish"},{"floor":8,"key":"infinitespire:Beetle Shell"},{"floor":9,"key":"Replay:Mystery Machine"},{"floor":14,"key":"Symbiotic Virus"},{"floor":24,"key":"Replay:Bottled Snecko"},{"floor":26,"key":"infinitespire:FocusingShard"}],"event_choices":[{"damage_healed":0,"gold_gain":75,"player_choice":"Gather Gold","damage_taken":11,"max_hp_gain":0,"max_hp_loss":0,"event_name":"World of Goop","floor":2,"gold_loss":0},{"damage_healed":0,"gold_gain":0,"player_choice":"Entered Light","damage_taken":21,"max_hp_gain":0,"max_hp_loss":0,"event_name":"Shining Light","floor":5,"gold_loss":0,"cards_upgraded":["Strike_B","Redo"]},{"damage_healed":10,"gold_gain":0,"player_choice":"Heal","damage_taken":0,"max_hp_gain":0,"max_hp_loss":0,"event_name":"The Library","floor":21,"gold_loss":0},{"damage_healed":0,"gold_gain":0,"player_choice":"Bet on Owner","damage_taken":0,"max_hp_gain":0,"max_hp_loss":0,"event_name":"The Joust","floor":22,"gold_loss":50}],"is_beta":false,"boss_relics":[{"not_picked":["Velvet Choker","Philosopher\u0027s Stone"],"picked":"Replay:Drink Me"}],"items_purged_floors":[3,13],"is_endless":false,"potions_floor_spawned":[1,6,10,12,14,16,18,19,24,25],"killed_by":"Slavers","ascension_level":16}}