{"host":"b9fprz8qsk1mu028","time":1610726136,"event":{"mods":["BaseMod","Colored Map","Minty Spire (QoL Compilation)"],"gold_per_floor":[113,188,188,37,56,56,85,85,108,134,134,148,148,148,0,13,13,54,54,54,95,42,56,69,69,33,33,33,69,15,15,15,15,35,70,84,84,210,210,235,255,255,28,28,28,62,91,115,40,67,77,77,110,110,213,213,229,229,2,16,34,62,72,104,130,161,171,185,35,70,70,70],"floor_reached":73,"language":"ZHS","playtime":2301,"items_purged":["Defend_G"],"score":2026,"play_id":"d340038c-dcc0-43b3-ba48-3e70a8e6ff85","local_time":"20210115235536","is_ascension_mode":true,"campfire_choices":[{"floor":6,"key":"REST"},{"data":"Terror","floor":8,"key":"SMITH"},{"data":"Adrenaline","floor":17,"key":"SMITH"},{"data":"Blade Dance","floor":19,"key":"SMITH"},{"data":"Blade Dance","floor":28,"key":"SMITH"},{"data":"Outmaneuver","floor":33,"key":"SMITH"},{"data":"Blade Dance","floor":37,"key":"SMITH"},{"data":"After Image","floor":45,"key":"SMITH"},{"data":"Finisher","floor":54,"key":"SMITH"},{"data":"Accuracy","floor":71,"key":"SMITH"}],"circlet_count":0,"master_deck":["Strike_G","Strike_G","Strike_G","Strike_G","Defend_G","Defend_G","Defend_G","Defend_G","Survivor","Neutralize","Cloak And Dagger","Blade Dance+1","Terror+1","Dagger Spray","Deflect","Caltrops","Finisher+1","Adrenaline+1","Injury","Blade Dance+1","Infinite Blades","Outmaneuver+1","Flying Knee+1","PiercingWail","Endless Agony+1","Cloak And Dagger+1","Quick Slash+1","Backstab+1","Blade Dance+1","Outmaneuver","After Image+1","CurseOfTheBell","PiercingWail","Backstab+1","Backstab+1","Blur","Shame","Blade Dance+1","Dagger Throw+1","Panacea","Enlightenment","Accuracy+1","Flying Knee+1","Dagger Spray+1","Acrobatics","Flying Knee+1","Slice+1","Backflip"],"relics":["Ring of the Snake","NeowsBlessing","White Beast Statue","Akabeko","Eternal Feather","NeowsBlessing","Bloody Idol","Lee\u0027s Waffle","WingedGreaves","Nunchaku","Molten Egg 2","NeowsBlessing","Gremlin Horn","Lizard Tail","Snake Skull","Pear","TungstenRod","Calling Bell","Toy Ornithopter","Ninja Scroll","FossilizedHelix","MealTicket","Bag of Marbles","Strawberry","Pen Nib","Unceasing Top","Ornamental Fan","Bag of Preparation","HoveringKite","Sling","Blood Vial","Centennial Puzzle","Orichalcum","Bronze Scales","Vajra","Pantograph"],"acts_visited":["Exordium","Exordium","TheCity","TheBeyond","Exordium","TheCity","TheBeyond"],"potions_floor_usage":[10,10,10,21,35,36,38,41,46,46,47,50,50,55,60,62,67,68,72],"damage_taken":[{"damage":0,"enemies":"Cultist","floor":1,"turns":1},{"damage":0,"enemies":"2 Louse","floor":5,"turns":1},{"damage":0,"enemies":"3 Sentries","floor":7,"turns":1},{"damage":35,"enemies":"Lagavulin","floor":10,"turns":6},{"damage":0,"enemies":"Small Slimes","floor":12,"turns":1},{"damage":0,"enemies":"Cultist","floor":16,"turns":1},{"damage":0,"enemies":"Gremlin Nob","floor":18,"turns":1},{"damage":8,"enemies":"3 Sentries","floor":21,"turns":6},{"damage":0,"enemies":"Small Slimes","floor":23,"turns":1},{"damage":0,"enemies":"Cultist","floor":24,"turns":1},{"damage":0,"enemies":"Gremlin Nob","floor":29,"turns":1},{"damage":0,"enemies":"2 Louse","floor":34,"turns":1},{"damage":0,"enemies":"3 Sentries","floor":35,"turns":1},{"damage":0,"enemies":"Looter","floor":36,"turns":1},{"damage":1,"enemies":"Hexaghost","floor":38,"turns":5},{"damage":0,"enemies":"Spheric Guardian","floor":40,"turns":1},{"damage":0,"enemies":"2 Thieves","floor":41,"turns":3},{"damage":0,"enemies":"Gremlin Leader","floor":46,"turns":3},{"damage":0,"enemies":"Book of Stabbing","floor":47,"turns":1},{"damage":8,"enemies":"Slavers","floor":50,"turns":5},{"damage":0,"enemies":"Snake Plant","floor":51,"turns":1},{"damage":0,"enemies":"Book of Stabbing","floor":53,"turns":2},{"damage":49,"enemies":"Champ","floor":55,"turns":9},{"damage":0,"enemies":"3 Darklings","floor":57,"turns":1},{"damage":0,"enemies":"3 Shapes","floor":60,"turns":1},{"damage":0,"enemies":"Maw","floor":61,"turns":4},{"damage":0,"enemies":"Reptomancer","floor":62,"turns":1},{"damage":0,"enemies":"3 Darklings","floor":63,"turns":2},{"damage":0,"enemies":"Giant Head","floor":64,"turns":5},{"damage":0,"enemies":"Nemesis","floor":66,"turns":3},{"damage":25,"enemies":"Transient","floor":67,"turns":5},{"damage":8,"enemies":"Writhing Mass","floor":68,"turns":3},{"damage":0,"enemies":"Giant Head","floor":70,"turns":1},{"damage":57,"enemies":"Awakened One","floor":72,"turns":8}],"seed_played":"9118847656908377122","potions_obtained":[{"floor":1,"key":"EntropicBrew"},{"floor":7,"key":"CunningPotion"},{"floor":10,"key":"SkillPotion"},{"floor":16,"key":"Fire Potion"},{"floor":21,"key":"CunningPotion"},{"floor":35,"key":"FearPotion"},{"floor":36,"key":"Strength Potion"},{"floor":38,"key":"LiquidMemories"},{"floor":41,"key":"FairyPotion"},{"floor":47,"key":"PowerPotion"},{"floor":50,"key":"FairyPotion"},{"floor":51,"key":"LiquidBronze"},{"floor":55,"key":"Fire Potion"},{"floor":60,"key":"Strength Potion"},{"floor":62,"key":"Energy Potion"},{"floor":64,"key":"Strength Potion"},{"floor":67,"key":"PowerPotion"},{"floor":68,"key":"CultistPotion"}],"is_trial":false,"path_per_floor":["M","?","?","$","M","R","E","R","T","E","$","M","?","?","$","M","R","E","R","T","E","$","M","M","T","$","?","R","E","$","T","?","R","M","E","M","R","B",null,"M","M","?","$","?","R","E","E","T","$","E","M","?","E","R","B",null,"M","?","$","M","M","E","M","E","T","E","M","M","$","E","R","B",null],"character_chosen":"THE_SILENT","items_purchased":["Blade Dance","Terror","Dagger Spray","Lee\u0027s Waffle","Outmaneuver","Endless Agony+1","Quick Slash+1","Backstab+1","MealTicket","Accuracy","Sling","Vajra"],"campfire_rested":1,"item_purchase_floors":[4,4,4,15,22,26,30,43,43,59,59,69],"current_hp_per_floor":[63,52,57,57,57,75,75,75,75,40,66,66,66,66,82,82,82,82,82,82,74,82,82,82,82,82,64,79,79,79,89,89,92,92,92,92,92,91,92,92,92,92,92,92,92,92,99,99,99,96,99,99,99,99,55,88,93,89,99,99,99,99,99,99,99,99,79,83,98,99,99,42],"gold":70,"neow_bonus":"THREE_ENEMY_KILL","is_daily":false,"chose_seed":false,"campfire_upgraded":9,"win_rate":0.0,"timestamp":1610726136,"path_taken":["M","?","?","$","M","R","E","R","T","E","$","M","?","?","$","M","R","E","R","T","E","$","BOSS","M","?","?","$","?","R","E","?","T","?","R","M","E","M","R","BOSS","M","?","?","$","?","R","E","E","T","$","E","M","?","E","R","BOSS","M","?","$","M","M","E","M","E","T","E","M","M","$","E","R","BOSS"],"items_purchased_type":["Card","Card","Card","Relic","Card","Card","Card","Card","Relic","Card","Relic","Relic"],"build_version":"2020-12-22","purchased_purges":1,"victory":true,"max_hp_per_floor":[70,70,75,75,75,75,75,75,75,75,75,75,75,75,82,82,82,82,82,82,82,82,82,82,82,82,82,82,82,82,92,92,92,92,92,92,92,92,92,92,92,92,92,92,92,92,99,99,99,99,99,99,99,99,99,99,99,99,99,99,99,99,99,99,99,99,99,99,99,99,99,99],"card_choices":[{"not_picked":["All Out Attack","Deflect"],"picked":"Cloak And Dagger","floor":1},{"not_picked":["Bane","Dagger Throw"],"picked":"Deflect","floor":5},{"not_picked":["Deadly Poison","Outmaneuver"],"picked":"Caltrops","floor":7},{"not_picked":["Quick Slash","Outmaneuver"],"picked":"Finisher","floor":10},{"not_picked":["Underhanded Strike","Sucker Punch"],"picked":"Adrenaline","floor":12},{"not_picked":["Caltrops","Noxious Fumes","Tactician"],"picked":"SKIP","floor":16},{"not_picked":["Flying Knee","Footwork"],"picked":"Blade Dance","floor":18},{"not_picked":["Slice+1","Reflex"],"picked":"Infinite Blades","floor":21},{"not_picked":["Terror","Tactician"],"picked":"Flying Knee+1","floor":23},{"not_picked":["Infinite Blades","Blur"],"picked":"PiercingWail","floor":24},{"not_picked":["Distraction","Night Terror"],"picked":"Cloak And Dagger","floor":29},{"not_picked":["Noxious Fumes","PiercingWail"],"picked":"Backstab+1","floor":34},{"not_picked":["Backflip","Well Laid Plans"],"picked":"Blade Dance","floor":35},{"not_picked":["Well Laid Plans","Sucker Punch+1"],"picked":"Outmaneuver","floor":36},{"not_picked":["Corpse Explosion","Bullet Time"],"picked":"After Image","floor":38},{"not_picked":["Predator+1","Sucker Punch+1","All Out Attack+1"],"picked":"SKIP","floor":40},{"not_picked":["Dagger Throw+1","Prepared"],"picked":"PiercingWail","floor":41},{"not_picked":["Catalyst","Glass Knife+1"],"picked":"Backstab+1","floor":46},{"not_picked":["Blade Dance+1","Flying Knee+1"],"picked":"Blur","floor":47},{"not_picked":["Masterful Stab+1","Corpse Explosion","Underhanded Strike+1"],"picked":"SKIP","floor":50},{"not_picked":["Blur+1","Underhanded Strike+1","Skewer+1"],"picked":"SKIP","floor":51},{"not_picked":["Bane+1","Deflect"],"picked":"Blade Dance+1","floor":53},{"not_picked":["Quick Slash+1","Dash+1"],"picked":"Dagger Throw+1","floor":57},{"not_picked":["Trip","Swift Strike+1"],"picked":"Panacea","floor":58},{"not_picked":["Forethought","Mind Blast+1"],"picked":"Enlightenment","floor":58},{"not_picked":["Bouncing Flask+1","Flechettes+1","Leg Sweep"],"picked":"SKIP","floor":60},{"not_picked":["Distraction+1","Deadly Poison"],"picked":"Flying Knee+1","floor":61},{"not_picked":["Endless Agony+1","Dodge and Roll"],"picked":"Dagger Spray+1","floor":62},{"not_picked":["Sucker Punch+1","Escape Plan+1"],"picked":"Acrobatics","floor":63},{"not_picked":["Skewer+1","Noxious Fumes"],"picked":"Flying Knee+1","floor":64},{"not_picked":["Sucker Punch+1","Escape Plan+1","Masterful Stab+1"],"picked":"SKIP","floor":66},{"not_picked":["Distraction","Deadly Poison+1","Escape Plan"],"picked":"SKIP","floor":67},{"not_picked":["Dash+1","Cloak And Dagger"],"picked":"Slice+1","floor":68},{"not_picked":["Choke+1","Predator+1"],"picked":"Backflip","floor":70}],"player_experience":188025,"relics_obtained":[{"floor":7,"key":"White Beast Statue"},{"floor":9,"key":"Akabeko"},{"floor":10,"key":"Eternal Feather"},{"floor":18,"key":"WingedGreaves"},{"floor":20,"key":"Nunchaku"},{"floor":21,"key":"Molten Egg 2"},{"floor":25,"key":"Gremlin Horn"},{"floor":29,"key":"Snake Skull"},{"floor":31,"key":"Pear"},{"floor":35,"key":"TungstenRod"},{"floor":39,"key":"Toy Ornithopter"},{"floor":39,"key":"Ninja Scroll"},{"floor":39,"key":"FossilizedHelix"},{"floor":46,"key":"Bag of Marbles"},{"floor":47,"key":"Strawberry"},{"floor":48,"key":"Pen Nib"},{"floor":50,"key":"Unceasing Top"},{"floor":53,"key":"Bag of Preparation"},{"floor":62,"key":"Blood Vial"},{"floor":64,"key":"Centennial Puzzle"},{"floor":65,"key":"Orichalcum"},{"floor":66,"key":"Bronze Scales"},{"floor":70,"key":"Pantograph"}],"event_choices":[{"damage_healed":0,"gold_gain":75,"player_choice":"Gather Gold","damage_taken":11,"max_hp_gain":0,"max_hp_loss":0,"event_name":"World of Goop","floor":2,"gold_loss":0},{"damage_healed":0,"gold_gain":0,"player_choice":"Donut","damage_taken":0,"max_hp_gain":5,"max_hp_loss":0,"event_name":"Big Fish","floor":3,"gold_loss":0},{"damage_healed":0,"gold_gain":0,"player_choice":"Take Wound","damage_taken":0,"relics_obtained":["Golden Idol"],"max_hp_gain":0,"max_hp_loss":0,"event_name":"Golden Idol","floor":13,"gold_loss":0,"cards_obtained":["Injury"]},{"cards_removed":["Strike_G"],"damage_healed":0,"gold_gain":0,"player_choice":"Offered Basic","damage_taken":0,"max_hp_gain":0,"max_hp_loss":0,"event_name":"Bonfire Elementals","floor":14,"gold_loss":0},{"damage_healed":0,"gold_gain":0,"player_choice":"Success","damage_taken":18,"relics_obtained":["Lizard Tail"],"max_hp_gain":0,"max_hp_loss":0,"event_name":"Scrap Ooze","floor":27,"gold_loss":0},{"damage_healed":0,"gold_gain":0,"player_choice":"Upgraded","damage_taken":0,"max_hp_gain":0,"max_hp_loss":0,"event_name":"Upgrade Shrine","floor":32,"gold_loss":0,"cards_upgraded":["Cloak And Dagger"]},{"damage_healed":0,"gold_gain":0,"player_choice":"Ignored","damage_taken":0,"max_hp_gain":0,"max_hp_loss":0,"event_name":"Ghosts","floor":42,"gold_loss":0},{"damage_healed":0,"gold_gain":0,"player_choice":"Gave Idol","damage_taken":0,"relics_obtained":["Bloody Idol"],"max_hp_gain":0,"max_hp_loss":0,"event_name":"Forgotten Altar","floor":44,"relics_lost":["Golden Idol"],"gold_loss":0},{"damage_healed":0,"gold_gain":0,"player_choice":"Stole Relic","damage_taken":0,"relics_obtained":["Ornamental Fan"],"max_hp_gain":0,"max_hp_loss":0,"event_name":"Addict","floor":52,"gold_loss":0,"cards_obtained":["Shame"]},{"damage_healed":0,"gold_gain":0,"player_choice":"Memory 2","damage_taken":5,"max_hp_gain":0,"max_hp_loss":0,"event_name":"SensoryStone","floor":58,"gold_loss":0}],"is_beta":false,"boss_relics":[{"not_picked":["SlaversCollar","Ring of the Serpent"],"picked":"Calling Bell"},{"not_picked":["Runic Pyramid","Fusion Hammer"],"picked":"HoveringKite"}],"items_purged_floors":[49],"is_endless":false,"potions_floor_spawned":[1,7,10,12,16,18,21,23,24,29,34,35,36,38,40,41,46,47,50,51,53,55,57,60,61,62,63,64,66,67,68,70],"ascension_level":9}}