{"host":"04hh9gplt9wkfmr1","time":1610729257,"event":{"mods":["AchievementEnabler","BaseMod","Colored Map","KOR Keyword Fix","Minty Spire (QoL Compilation)","Rare Cards Sparkle","SuperFastMode"],"gold_per_floor":[12,29,39,39,58,85,85,118,118,137,137,169,184,184,184,184,184],"floor_reached":16,"language":"KOR","playtime":471,"items_purged":[],"score":140,"play_id":"42e76957-2ef5-473b-8913-35aad30eaaa4","local_time":"20210116014737","is_ascension_mode":true,"campfire_choices":[{"data":"Zap","floor":7.0,"key":"SMITH"},{"floor":11.0,"key":"REST"},{"floor":15.0,"key":"REST"}],"circlet_count":0,"master_deck":["Strike_B","Strike_B","Strike_B","Defend_B","Defend_B","Defend_B","Defend_B","Zap+1","Dualcast","Melter","Lockon","Hologram","Seek","Chaos","Fusion","Self Repair","Hyperbeam"],"relics":["Cracked Core","Torii","MealTicket","Pear","Ginger","Peace Pipe","Gambling Chip"],"acts_visited":["Exordium"],"potions_floor_usage":[],"damage_taken":[{"damage":1.0,"enemies":"Jaw Worm","floor":1.0,"turns":4.0},{"damage":1.0,"enemies":"Cultist","floor":2.0,"turns":3.0},{"damage":1.0,"enemies":"Small Slimes","floor":3.0,"turns":3.0},{"damage":10.0,"enemies":"Gremlin Gang","floor":5.0,"turns":4.0},{"damage":15.0,"enemies":"Gremlin Nob","floor":6.0,"turns":3.0},{"damage":19.0,"enemies":"3 Sentries","floor":8.0,"turns":7.0},{"damage":8.0,"enemies":"Blue Slaver","floor":10.0,"turns":3.0},{"damage":15.0,"enemies":"Gremlin Nob","floor":12.0,"turns":3.0},{"damage":6.0,"enemies":"Red Slaver","floor":13.0,"turns":2.0},{"damage":18,"enemies":"The Guardian","floor":16,"turns":5}],"seed_played":"2631195667914598985","potions_obtained":[{"floor":1.0,"key":"SkillPotion"},{"floor":2.0,"key":"GamblersBrew"},{"floor":3.0,"key":"PowerPotion"},{"floor":13.0,"key":"FearPotion"}],"is_trial":false,"path_per_floor":["M","M","M","?","M","E","R","E","T","M","R","E","M","?","R","B"],"character_chosen":"DEFECT","items_purchased":[],"campfire_rested":2,"item_purchase_floors":[],"current_hp_per_floor":[74,73,72,60,50,45,45,26,26,18,43,28,22,22,47,29,29],"gold":184,"neow_bonus":"ONE_RARE_RELIC","is_daily":false,"chose_seed":false,"campfire_upgraded":1,"win_rate":0.0,"timestamp":1610729257,"path_taken":["M","M","M","?","M","E","R","E","T","M","R","E","M","?","R","BOSS"],"items_purchased_type":[],"build_version":"2020-12-22","purchased_purges":0,"victory":false,"max_hp_per_floor":[75,75,75,75,75,85,85,85,85,85,85,85,85,85,85,85,85],"card_choices":[{"not_picked":["Undo","Beam Cell","Reprogram"],"picked":"SKIP","floor":1.0},{"not_picked":["Rebound","Sunder"],"picked":"Melter","floor":2.0},{"not_picked":["Rip and Tear","Rebound"],"picked":"Lockon","floor":3.0},{"not_picked":["Sunder","White Noise"],"picked":"Hologram","floor":5.0},{"not_picked":["Force Field","Heatsinks"],"picked":"Seek","floor":6.0},{"not_picked":["Hello World","Redo"],"picked":"Chaos","floor":8.0},{"not_picked":["Steam","Storm","Blizzard"],"picked":"SKIP","floor":10.0},{"not_picked":["Scrape","Melter"],"picked":"Fusion","floor":12.0},{"not_picked":["Redo","Sweeping Beam"],"picked":"Self Repair","floor":13.0}],"player_experience":32260,"relics_obtained":[{"floor":6.0,"key":"Pear"},{"floor":8.0,"key":"Ginger"},{"floor":9.0,"key":"Peace Pipe"},{"floor":12.0,"key":"Gambling Chip"}],"event_choices":[{"damage_healed":0.0,"max_hp_gain":0.0,"max_hp_loss":0.0,"gold_gain":0.0,"event_name":"Scrap Ooze","player_choice":"Success","floor":4.0,"gold_loss":0.0,"damage_taken":12.0,"relics_obtained":["MealTicket"]},{"damage_healed":0.0,"max_hp_gain":0.0,"max_hp_loss":0.0,"gold_gain":0.0,"cards_transformed":["Strike_B"],"event_name":"Transmorgrifier","player_choice":"Transformed","floor":14.0,"gold_loss":0.0,"damage_taken":0.0,"cards_obtained":["Hyperbeam"]}],"is_beta":false,"boss_relics":[],"items_purged_floors":[],"is_endless":false,"potions_floor_spawned":[1,2,3,13],"killed_by":"The Guardian","ascension_level":3}}