{"host":"khkox7sggahain0a","time":1610686880,"event":{"mods":["Act Like it!","Arknights The Spire","BaseMod","Downfall","Gensokyo","Lobotomy","LobotomyExtend","Marisa£®ÏF”Í°°ƒß¿Ì…≥£©","Minty Spire (QoL Compilation)","StSLib","The Animator","Waifu the Spire"],"gold_per_floor":[269,11,25,25,25,57,71,103,103,138,138,155,185,185,185,280,280,290,290,290,30,30,60,60,60],"floor_reached":24,"language":"ZHS","playtime":1766,"items_purged":["ats:Defend"],"score":277,"play_id":"8dd6d3a6-90cd-4bb3-bb3f-e06a15ef3bd4","local_time":"20210115130120","is_ascension_mode":true,"campfire_choices":[{"floor":11,"key":"REST"},{"floor":15,"key":"REST"}],"circlet_count":0,"master_deck":["ats:Armor Crushing Shot","ats:Defend+1","ats:Defend+1","ats:Emotion Absorption","MeatLantern","ats:Assault Order","ats:Burning Ground+1","ats:Very Hot Blade","BigBird","OSAHOGD","FieryBird","LongBird","ats:Ignite","ats:Charging Defense","ats:Wolf Pack+1","CurseOfTheBell","ats:Mental Burst+1","Bite","Bite","Bite","Bite","Bite"],"relics":["ats:Sanity","CogitoBucket","LetterFromLob","Boot","ats:Originium","Regal Pillow","Turnip","ats:Lavender","Gambling Chip","SkinProphecy","PreservedInsect","Calling Bell","Lantern","The Courier","Mango","Moonlight_r","LaetitiaHeart","Frozen Egg 2","Bronze Scales"],"acts_visited":["Exordium","TheCity"],"potions_floor_usage":[10,23,24],"damage_taken":[{"damage":5.0,"enemies":"Jaw Worm","floor":1.0,"turns":6.0},{"damage":0.0,"enemies":"Small Slimes","floor":3.0,"turns":3.0},{"damage":4.0,"enemies":"3 Sentries","floor":6.0,"turns":8.0},{"damage":0.0,"enemies":"Cultist","floor":7.0,"turns":4.0},{"damage":10.0,"enemies":"Lagavulin","floor":8.0,"turns":8.0},{"damage":34,"enemies":"3 Sentries","floor":10,"turns":16},{"damage":31,"enemies":"Looter","floor":12,"turns":12},{"damage":25,"enemies":"Lagavulin","floor":13,"turns":8},{"damage":39,"enemies":"Slime Boss","floor":16,"turns":9},{"damage":5,"enemies":"3 Byrds","floor":18,"turns":6},{"damage":55,"enemies":"Slavers","floor":23,"turns":3},{"damage":16,"enemies":"Spheric Guardian","floor":24,"turns":3}],"seed_played":"-8826040571546656043","potions_obtained":[{"floor":3.0,"key":"LiquidMemories"},{"floor":6.0,"key":"Ancient Potion"},{"floor":12,"key":"ats:Emergency Sanity Potion"},{"floor":13,"key":"Fire Potion"},{"floor":16,"key":"Explosive Potion"},{"floor":18,"key":"DistilledChaos"},{"floor":23,"key":"SpeedPotion"}],"is_trial":false,"path_per_floor":["M","$","M","?","?","E","M","E","T","E","R","M","E","?","R","B",null,"M","?","?","$","$","E","M"],"character_chosen":"DOCTOR_CLASS","items_purchased":["ats:Burning Ground","ats:Very Hot Blade","Boot","Frozen Egg 2"],"campfire_rested":2,"item_purchase_floors":[2,2,2,21],"current_hp_per_floor":[67,67,67,53,46,42,42,32,32,13,49,29,8,8,45,11,90,86,59,59,59,59,10,0,0],"gold":60,"neow_bonus":"","is_daily":false,"chose_seed":false,"campfire_upgraded":0,"win_rate":0.0,"timestamp":1610686880,"path_taken":["M","$","M","?","?","E","M","E","T","E","R","M","E","?","R","BOSS","M","?","?","?","$","E","M"],"items_purchased_type":["Card","Card","Relic","Relic"],"build_version":"2020-12-22","purchased_purges":1,"victory":false,"max_hp_per_floor":[72,72,72,72,72,72,72,72,72,72,72,72,74,74,74,76,90,92,93,65,65,65,67,71,71],"card_choices":[{"not_picked":["CherryBlossoms","UniverseFragment","WallGazer"],"picked":"Singing Bowl","floor":1.0},{"not_picked":["BeautyBeast","Woodsman"],"picked":"MeatLantern","floor":1.0},{"not_picked":["ats:Flame Of Heaven","ats:Cat Scratch"],"picked":"ats:Assault Order","floor":1.0},{"not_picked":["CherryBlossoms","CrumblingArmor","WallGazer"],"picked":"Singing Bowl","floor":3.0},{"not_picked":["ats:Neurotoxin","ats:Shell Defense","ats:Revitalization"],"picked":"SKIP","floor":3.0},{"not_picked":["Rudolta","CherryBlossoms","Scorched"],"picked":"Singing Bowl","floor":6.0},{"not_picked":["Bloodbath","SnowQueen"],"picked":"BigBird","floor":6.0},{"not_picked":["ats:Assault Order","ats:Childhood Dance","ats:Nebulous Foxfire"],"picked":"SKIP","floor":6.0},{"not_picked":["Freischutz","VoidDream","Yin"],"picked":"Singing Bowl","floor":7.0},{"not_picked":["CherryBlossoms","FairyFestival"],"picked":"OSAHOGD","floor":7.0},{"not_picked":["ats:Thermite Blade","ats:Childhood Dance","ats:Consecutive Shot Auto"],"picked":"SKIP","floor":7.0},{"not_picked":["LaLuna","BeautyBeast","UniverseFragment"],"picked":"Singing Bowl","floor":8.0},{"not_picked":["ats:Curse Doll","ats:Consecutive Shot Auto","ats:Hammer On"],"picked":"SKIP","floor":8.0},{"not_picked":["Freischutz","LittleHelper","WallGazer"],"picked":"Singing Bowl","floor":10},{"not_picked":["Wellcheers","UniverseFragment"],"picked":"FieryBird","floor":10},{"not_picked":["ats:Consecutive Shot Auto","ats:Explosion Area Strengthen","ats:Echo Reverb"],"picked":"SKIP","floor":10},{"not_picked":["SpiderBud","FairyFestival","SnowQueen"],"picked":"Singing Bowl","floor":12},{"not_picked":["Murderer","SnowQueen"],"picked":"LongBird","floor":12},{"not_picked":["ats:Steam Pump","ats:Consecutive Shot Auto","ats:Beaten Up"],"picked":"SKIP","floor":12},{"not_picked":["CrumblingArmor","OldLady","Mercenary"],"picked":"Singing Bowl","floor":13},{"not_picked":["ats:Poison Spread","ats:Collapsing Strike"],"picked":"ats:Ignite","floor":13},{"not_picked":["UniverseFragment","NakedNest","Bloodbath"],"picked":"Singing Bowl","floor":16},{"not_picked":["ats:Nebulous Foxfire","ats:Dogmatic Field"],"picked":"ats:Wolf Pack","floor":16},{"not_picked":["BlackArmy","CherryBlossoms","SpiderBud"],"picked":"Singing Bowl","floor":18},{"not_picked":["ats:Collapsing Strike","ats:Red Shift+1"],"picked":"ats:Mental Burst+1","floor":18},{"not_picked":["WhitesApple","LittleHelper","SingingMachine"],"picked":"Singing Bowl","floor":23},{"not_picked":["ats:Curse Doll","ats:Directed Diagnosis","ats:Leaping Hammer"],"picked":"SKIP","floor":23}],"player_experience":320922,"relics_obtained":[{"floor":1.0,"key":"LetterFromLob"},{"floor":6.0,"key":"ats:Originium"},{"floor":6.0,"key":"Regal Pillow"},{"floor":8.0,"key":"ats:Originium"},{"floor":8.0,"key":"Turnip"},{"floor":9.0,"key":"ats:Lavender"},{"floor":10,"key":"ats:Originium"},{"floor":10,"key":"Gambling Chip"},{"floor":13,"key":"PreservedInsect"},{"floor":17,"key":"Lantern"},{"floor":17,"key":"The Courier"},{"floor":17,"key":"Mango"},{"floor":23,"key":"Bronze Scales"}],"event_choices":[{"damage_healed":0.0,"max_hp_gain":0.0,"max_hp_loss":0.0,"gold_gain":0.0,"event_name":"Shining Light","player_choice":"Entered Light","floor":4.0,"gold_loss":0.0,"damage_taken":14.0,"cards_upgraded":["ats:Defend","ats:Defend"]},{"cards_removed":["ats:Strike V"],"damage_healed":0.0,"max_hp_gain":0.0,"max_hp_loss":0.0,"gold_gain":0.0,"event_name":"Golden Wing","player_choice":"Card Removal","floor":5.0,"gold_loss":0.0,"damage_taken":7.0},{"damage_healed":0,"gold_gain":0,"cards_transformed":["ats:Defend"],"player_choice":"Transformed","damage_taken":0,"max_hp_gain":0,"max_hp_loss":0,"event_name":"Transmorgrifier","floor":14,"gold_loss":0,"cards_obtained":["ats:Charging Defense"]},{"damage_healed":0,"gold_gain":0,"player_choice":"Fought Bandits","damage_taken":0,"max_hp_gain":0,"max_hp_loss":0,"event_name":"Masked Bandits","floor":19,"gold_loss":0},{"damage_healed":0,"gold_gain":0,"player_choice":"Became a vampire","damage_taken":0,"max_hp_gain":0,"max_hp_loss":28,"event_name":"Vampires","floor":20,"gold_loss":0,"cards_obtained":["Bite","Bite","Bite","Bite","Bite"]}],"is_beta":false,"boss_relics":[{"not_picked":["SacredBark","Pandora\u0027s Box"],"picked":"Calling Bell"}],"items_purged_floors":[21],"is_endless":false,"potions_floor_spawned":[3,6,12,13,16,18,23],"killed_by":"Spheric Guardian","ascension_level":1}}