{"host":"x5al1swown9002c0","time":1610753475,"event":{"mods":["AchievementEnabler","AlwaysNeverKeys","Aspiration","BaseMod","Clawfect","Colored Map","Evolution","Highlight Path","Lobotomy","LobotomyExtend","Minty Spire (QoL Compilation)","Replay The Spire","Shop Mod","StSLib"],"gold_per_floor":[117,42,53,63,77,108,108,137,160,160,160,176,176,211,211,311,311,321,321,338,372,125,125,159,159,185,230,230,53,185,201,201,316,366,392,392,80,120,140,140,182,223,272,323,358,358,358,424,424,448],"floor_reached":51,"language":"ENG","playtime":4461,"items_purged":["Defend_R","Mercenary","Defend_R","Defend_R"],"score":906,"play_id":"a74b7438-024e-4ff1-a283-5b212c5f8bd8","local_time":"20210116013115","is_ascension_mode":true,"campfire_choices":[{"data":"Iron Wave","floor":7.0,"key":"SMITH"},{"data":"Iron Wave","floor":11.0,"key":"SMITH"},{"data":"Combust","floor":13.0,"key":"SMITH"},{"data":"Iron Wave","floor":15.0,"key":"SMITH"},{"data":"True Grit","floor":23.0,"key":"SMITH"},{"data":"ReplayTheSpireMod:Strike From Hell","floor":25.0,"key":"SMITH"},{"data":"Strike_R","floor":28.0,"key":"SMITH"},{"floor":32,"key":"REST"},{"data":"ReplayTheSpireMod:Strike From Hell","floor":40,"key":"SMITH"},{"data":"ReplayTheSpireMod:Necrogeddon","floor":47,"key":"SMITH"},{"floor":49,"key":"DIG"}],"circlet_count":0,"master_deck":["Iron Wave+1","Iron Wave+1","Strike_R+1","Strike_R","Strike_R","Defend_R+1","Bash","CrumblingArmor","MHz","Iron Wave+1","True Grit+1","Amnesia","Porccubus","ReplayTheSpireMod:Strike From Hell+1","SpiderBud","ReplayTheSpireMod:Strike From Hell+1","CENSORED","ReplayTheSpireMod:Necrogeddon+1","Sword Boomerang+1","ReplayTheSpireMod:Strike From Hell+1","Hemogenesis"],"relics":["Burning Blood","EVO:Axolotl","CogitoBucket","LetterFromLob","Ornamental Fan","Strawberry","ReplayTheSpireMod:TigerMarble","Anchor","Black Star","ReplayTheSpireMod:Ring of Addiction","Potion Belt","Chameleon Ring","Red Mask","Omamori","Replay:Bandana","Iron Hammer","Oddly Smooth Stone","Replay:Rubber Ducky","Ancient Tea Set","aspiration:AnachronicSnailShell","Sundial","Tiny House","AtMidnight","aspiration:Lifesprig","CeramicFish","ReplayTheSpireMod:Spearhead","Replay:Wax Seal","aspiration:ChemicalBlood","PreservedInsect","Replay:WaspNest","aspiration:StickyExplosives"],"acts_visited":["Exordium","TheCity","TheBeyond"],"potions_floor_usage":[31,35,39,41,44,48,48,48,50,50,50,50,50],"damage_taken":[{"damage":1.0,"enemies":"Jaw Worm","floor":1.0,"turns":3.0},{"damage":1.0,"enemies":"Cultist","floor":3.0,"turns":4.0},{"damage":1.0,"enemies":"2 Louse","floor":4.0,"turns":2.0},{"damage":2.0,"enemies":"Exordium Wildlife","floor":5.0,"turns":2.0},{"damage":17.0,"enemies":"Lagavulin","floor":6.0,"turns":6.0},{"damage":17.0,"enemies":"Gremlin Nob","floor":8.0,"turns":3.0},{"damage":17.0,"enemies":"2 Fungi Beasts","floor":12.0,"turns":4.0},{"damage":6.0,"enemies":"Lagavulin","floor":14.0,"turns":6.0},{"damage":34.0,"enemies":"Fading Forest","floor":16.0,"turns":11.0},{"damage":3.0,"enemies":"3 Byrds","floor":18.0,"turns":4.0},{"damage":6.0,"enemies":"Shell Parasite","floor":20.0,"turns":5.0},{"damage":6.0,"enemies":"Masked Bandits","floor":21.0,"turns":3.0},{"damage":21.0,"enemies":"Slavers","floor":24.0,"turns":5.0},{"damage":8.0,"enemies":"Gremlin Leader","floor":27.0,"turns":6.0},{"damage":0.0,"enemies":"Colosseum Slavers","floor":30.0,"turns":4.0},{"damage":15.0,"enemies":"Colosseum Nobs","floor":30.0,"turns":5.0},{"damage":42,"enemies":"Chosen and Byrds","floor":31,"turns":6},{"damage":35,"enemies":"Champ","floor":33,"turns":12},{"damage":6,"enemies":"3 Darklings","floor":35,"turns":5},{"damage":2,"enemies":"3 Shapes","floor":38,"turns":3},{"damage":38,"enemies":"Maw","floor":39,"turns":8},{"damage":53,"enemies":"Jaw Worm Horde","floor":41,"turns":5},{"damage":117,"enemies":"Nemesis","floor":42,"turns":12},{"damage":77,"enemies":"R_Hoarder","floor":44,"turns":10},{"damage":44,"enemies":"Writhing Mass","floor":45,"turns":7},{"damage":80,"enemies":"Reptomancer","floor":48,"turns":11},{"damage":109,"enemies":"Replay:Hell Engine","floor":50,"turns":14}],"seed_played":"1454421702367806499","potions_obtained":[{"floor":3.0,"key":"SkillPotion"},{"floor":4.0,"key":"PowerPotion"},{"floor":12.0,"key":"Adrenaline Potion"},{"floor":16.0,"key":"Fire Potion"},{"floor":18.0,"key":"Strength Potion"},{"floor":19.0,"key":"Swift Potion"},{"floor":19.0,"key":"Fire Potion"},{"floor":19.0,"key":"Toxic Potion"},{"floor":20.0,"key":"Weak Potion"},{"floor":27.0,"key":"SpeedPotion"},{"floor":34,"key":"HeartOfIron"},{"floor":35,"key":"Elixir"},{"floor":39,"key":"Fire Potion"},{"floor":45,"key":"Weak Potion"},{"floor":48,"key":"SpeedPotion"},{"floor":48,"key":"HeartOfIron"},{"floor":48,"key":"Swift Potion"},{"floor":50,"key":"Regen Potion"},{"floor":50,"key":"Regen Potion"}],"is_trial":false,"path_per_floor":["M","$","M","M","M","E","R","E","T","?","R","M","R","E","R","B",null,"M","?","M","?","$","R","E","R","T","E","R","$","?","M","R","B",null,"M","?","$","M","M","R","M","E","T","E","M","?","R","E","R_BF","B",null],"character_chosen":"IRONCLAD","items_purchased":["Omamori","ReplayTheSpireMod:Strike From Hell","ReplayTheSpireMod:Necrogeddon"],"campfire_rested":1,"item_purchase_floors":[22,29,37],"current_hp_per_floor":[80,80,80,80,80,69,69,65,65,65,65,54,54,54,54,42,87,87,87,87,87,87,87,87,85,85,83,83,83,74,38,62,33,88,86,86,86,86,84,84,84,83,83,75,84,84,84,82,82,82],"gold":448,"neow_bonus":"","is_daily":false,"chose_seed":false,"campfire_upgraded":9,"win_rate":0.0,"timestamp":1610753475,"path_taken":["M","$","M","M","M","E","R","E","T","?","R","M","R","E","R","BOSS","M","?","M","?","$","R","E","R","T","E","R","?","?","M","R","BOSS","M","?","$","M","M","R","M","E","T","E","M","?","R","E","R_BF","BOSS"],"items_purchased_type":["Relic","Card","Card"],"build_version":"2020-12-22","purchased_purges":4,"victory":true,"max_hp_per_floor":[80,80,80,80,80,80,80,87,87,87,87,87,87,87,87,87,87,87,87,87,87,87,87,87,85,85,85,83,83,83,83,83,83,88,86,86,86,86,84,84,84,84,84,84,84,84,84,82,82,82],"card_choices":[{"not_picked":["Scorched","MeatLantern"],"picked":"Mercenary","floor":1.0},{"not_picked":["ReplayTheSpireMod:Corrosion Curse","Massacre","Clothesline"],"picked":"SKIP","floor":1.0},{"not_picked":["Clothesline","True Grit"],"picked":"Combust","floor":3.0},{"not_picked":["Evolve","Carnage","Replay:Undeath\u0027s Touch"],"picked":"SKIP","floor":4.0},{"not_picked":["Wellcheers","CherryBlossoms"],"picked":"CrumblingArmor","floor":5.0},{"not_picked":["Twin Strike","Armaments","Thunderclap"],"picked":"SKIP","floor":5.0},{"not_picked":["ReplayTheSpireMod:Strike From Hell","Dropkick","Double Tap"],"picked":"SKIP","floor":6.0},{"not_picked":["ReplayTheSpireMod:Strike From Hell","Dropkick","Double Tap"],"picked":"SKIP","floor":6.0},{"not_picked":["DespairKnight","Rudolta"],"picked":"MHz","floor":8.0},{"not_picked":["Warcry","ReplayTheSpireMod:Corrosion Curse","Shockwave"],"picked":"SKIP","floor":8.0},{"not_picked":["Replay:Undeath\u0027s Touch","Clothesline","Twin Strike"],"picked":"SKIP","floor":12.0},{"not_picked":["ReplayTheSpireMod:Corrosion Curse","Exhume"],"picked":"Iron Wave","floor":14.0},{"not_picked":["ReplayTheSpireMod:LeadingStrike","Pommel Strike+1"],"picked":"True Grit","floor":18.0},{"not_picked":["Bloodbath","CherryBlossoms"],"picked":"Porccubus","floor":20.0},{"not_picked":["Spot Weakness","Havoc","Disarm"],"picked":"SKIP","floor":20.0},{"not_picked":["Spot Weakness","Havoc","Disarm"],"picked":"SKIP","floor":20.0},{"not_picked":["Flex","Twin Strike+1"],"picked":"ReplayTheSpireMod:Strike From Hell","floor":21.0},{"not_picked":["Dark Embrace","Havoc","Berserk"],"picked":"SKIP","floor":24.0},{"not_picked":["Wellcheers","Scarecrow"],"picked":"SpiderBud","floor":27.0},{"not_picked":["Flex","Warcry","Dual Wield"],"picked":"SKIP","floor":27.0},{"not_picked":["Body Slam","Impervious","Headbutt"],"picked":"SKIP","floor":31},{"not_picked":["Offering","Feed"],"picked":"Replay:Many Hands","floor":33},{"not_picked":["NothingThere","PlagueDoctor"],"picked":"CENSORED","floor":35},{"not_picked":["True Grit+1","Perfected Strike","Body Slam"],"picked":"SKIP","floor":35},{"not_picked":["ReplayTheSpireMod:Corrosion Curse+1","Body Slam"],"picked":"Sword Boomerang+1","floor":38},{"not_picked":["Armaments","Twin Strike"],"picked":"ReplayTheSpireMod:Strike From Hell+1","floor":39},{"not_picked":["Entrench+1","Clothesline+1","Flex+1"],"picked":"SKIP","floor":41},{"not_picked":["Thunderclap+1","Cleave","Iron Wave"],"picked":"SKIP","floor":42},{"not_picked":["Evolve+1","Rupture","True Grit+1"],"picked":"SKIP","floor":44},{"not_picked":["Dropkick+1","Flex","Shrug It Off+1"],"picked":"SKIP","floor":45},{"not_picked":["Hemokinesis","Clash"],"picked":"Hemogenesis","floor":48}],"player_experience":653323,"relics_obtained":[{"floor":1.0,"key":"LetterFromLob"},{"floor":6.0,"key":"Ornamental Fan"},{"floor":8.0,"key":"Strawberry"},{"floor":9.0,"key":"ReplayTheSpireMod:TigerMarble"},{"floor":14.0,"key":"Anchor"},{"floor":19.0,"key":"ReplayTheSpireMod:Ring of Addiction"},{"floor":19.0,"key":"Potion Belt"},{"floor":19.0,"key":"Chameleon Ring"},{"floor":21.0,"key":"Red Mask"},{"floor":24.0,"key":"Replay:Bandana"},{"floor":24.0,"key":"Iron Hammer"},{"floor":26.0,"key":"Oddly Smooth Stone"},{"floor":27.0,"key":"Replay:Rubber Ducky"},{"floor":27.0,"key":"Ancient Tea Set"},{"floor":30.0,"key":"aspiration:AnachronicSnailShell"},{"floor":30.0,"key":"Sundial"},{"floor":41,"key":"AtMidnight"},{"floor":42,"key":"aspiration:Lifesprig"},{"floor":42,"key":"CeramicFish"},{"floor":43,"key":"ReplayTheSpireMod:Spearhead"},{"floor":44,"key":"Replay:Wax Seal"},{"floor":44,"key":"aspiration:ChemicalBlood"},{"floor":48,"key":"PreservedInsect"},{"floor":48,"key":"Replay:WaspNest"},{"floor":49,"key":"aspiration:StickyExplosives"}],"event_choices":[{"damage_healed":0.0,"max_hp_gain":0.0,"max_hp_loss":0.0,"gold_gain":0.0,"event_name":"The Woman in Blue","player_choice":"Bought 0 Potions","floor":10.0,"gold_loss":0.0,"damage_taken":0.0},{"damage_healed":0.0,"max_hp_gain":0.0,"max_hp_loss":0.0,"gold_gain":0.0,"event_name":"Masked Bandits","player_choice":"Fought Bandits","floor":21.0,"gold_loss":0.0,"damage_taken":0.0},{"damage_healed":0.0,"max_hp_gain":0.0,"max_hp_loss":0.0,"gold_gain":0.0,"event_name":"Colosseum","player_choice":"Fight","floor":30.0,"gold_loss":0.0,"damage_taken":0.0},{"damage_healed":0.0,"max_hp_gain":0.0,"max_hp_loss":0.0,"gold_gain":0.0,"event_name":"Colosseum","player_choice":"Fought Nobs","floor":30.0,"gold_loss":0.0,"damage_taken":0.0},{"cards_removed":["Replay:Many Hands"],"damage_healed":0,"gold_gain":0,"player_choice":"Purged","damage_taken":0,"max_hp_gain":0,"max_hp_loss":0,"event_name":"Purifier","floor":36,"gold_loss":0},{"cards_removed":["Combust"],"damage_healed":0,"gold_gain":0,"player_choice":"Removed Power","damage_taken":0,"max_hp_gain":0,"max_hp_loss":0,"event_name":"Falling","floor":46,"gold_loss":0}],"is_beta":false,"boss_relics":[{"not_picked":["Pandora\u0027s Box","Cursed Key"],"picked":"Black Star"},{"not_picked":["aspiration:FutureDiary","Astrolabe"],"picked":"Tiny House"}],"items_purged_floors":[2,22,29,37],"is_endless":false,"potions_floor_spawned":[3,4,12,16,18,20,27,35,39,45,48],"ascension_level":1}}