{"host":"guwca93h2ke9l2g3","time":1610697357,"event":{"mods":["100% Spire Juice","2.2 Compatiblity","Act Like it!","Arknights The Spire","Aspiration","BaseMod","Better Skull","ChefMod","Colored Powertips","Conspire","Dark Map","Downfall","Fox Events","GungeonMod","Halation","Hallownest","HololiveMod","Hubris","Infinite Spire","Lobotomy","LobotomyExtend","Marked Mod","Minty Spire (QoL Compilation)","Permanent Neow","Potionbrewer","Prisma Mod","Quick Restart","Relic Sorter","Relic Stats","Replay The Spire","Robot Space Explorer","Shade Mod","Spicy Shops","StSLib","The Alterego","The Animator","The Bug Knight","The Cursed","The Marked","The Mystic","The Necromancer","The Poker Player","TheVacant","TheWitcher","Waifu the Spire","WarShipGirlsR/????R mod","Yakumo Yukari mod","Yuri Mod","vexMod"],"gold_per_floor":[119,119,132,150,150,150,168,199,199,214,247,280,294,307,307,407,407,435,30,56,78,78,78],"floor_reached":22,"language":"ENG","playtime":1580,"items_purged":["DemoMod:Strike_Huntress","DemoMod:Strike_Huntress"],"score":375,"play_id":"30bfa589-798d-4a97-a5cd-86bc0f1cd6a5","local_time":"20210115015557","is_ascension_mode":true,"campfire_choices":[{"data":"DemoMod:Casey","floor":6.0,"key":"SMITH"}],"circlet_count":0,"master_deck":["DemoMod:Strike_Huntress","DemoMod:Defend_Huntress","DemoMod:Defend_Huntress","DemoMod:Defend_Huntress","DemoMod:Defend_Huntress","DemoMod:Roll","DemoMod:ManualReload","DemoMod:RustySidearm","DemoMod:CrossBow","DemoMod:Casey+1","DemoMod:Replace","DemoMod:SuppressiveFire","DemoMod:Casey","DemoMod:FullFirepower","DemoMod:Evolver","DemoMod:FinishedGun","DemoMod:StrategicReserve"],"relics":["halation:Prosthetics","Hololive_ChaosS","hubris:Icosahedron","LetterFromLob","Torii","Art of War","halation:Thesaurus","Incense Burner","halation:LostSnail"],"acts_visited":["Exordium","TheCity"],"potions_floor_usage":[22],"damage_taken":[{"damage":9.0,"enemies":"2 Louse","floor":1.0,"turns":3.0},{"damage":0.0,"enemies":"Cultist","floor":3.0,"turns":3.0},{"damage":0.0,"enemies":"Jaw Worm","floor":4.0,"turns":4.0},{"damage":0.0,"enemies":"Large Slime","floor":7.0,"turns":4.0},{"damage":0.0,"enemies":"Gremlin Nob","floor":8.0,"turns":3.0},{"damage":0.0,"enemies":"2 Fungi Beasts","floor":10.0,"turns":3.0},{"damage":6.0,"enemies":"3 Sentries","floor":11.0,"turns":2.0},{"damage":0.0,"enemies":"Blue Slaver","floor":12.0,"turns":6.0},{"damage":0.0,"enemies":"Blue Slaver","floor":13.0,"turns":3.0},{"damage":0.0,"enemies":"Red Slaver","floor":14.0,"turns":1.0},{"damage":0.0,"enemies":"Hexaghost","floor":16.0,"turns":9.0},{"damage":0.0,"enemies":"Spheric Guardian","floor":18.0,"turns":1.0},{"damage":0.0,"enemies":"2 Thieves","floor":20.0,"turns":3.0},{"damage":0.0,"enemies":"Shelled Parasite and Fungi","floor":21.0,"turns":3.0},{"damage":1,"enemies":"Centurion and Healer","floor":22,"turns":2}],"seed_played":"-428697830969077714","potions_obtained":[{"floor":1.0,"key":"EssenceOfSteel"},{"floor":3.0,"key":"sneckomod:MuddlingPotion"},{"floor":10.0,"key":"ColorlessPotion"},{"floor":11.0,"key":"SpeedPotion"},{"floor":13.0,"key":"hexamod:EctoCoolerPotion"},{"floor":14.0,"key":"Fire Potion"},{"floor":16.0,"key":"AttackPotion"},{"floor":20.0,"key":"AttackPotion"}],"is_trial":false,"path_per_floor":["M","?","M","M","?","R","M","E","T","M","E","?","M","M","R","B",null,"M","$","M","M","M"],"character_chosen":"HUNTRESS","items_purchased":["halation:Thesaurus","halation:LostSnail"],"campfire_rested":0,"item_purchase_floors":[19,19],"current_hp_per_floor":[26,26,26,26,26,26,26,26,26,26,20,20,20,20,20,20,31,31,31,31,31,30,30],"gold":78,"neow_bonus":"BOSS_RELIC","is_daily":false,"chose_seed":false,"campfire_upgraded":1,"win_rate":0.0,"timestamp":1610697357,"path_taken":["M","?","?","M","?","R","M","E","T","M","E","?","M","M","R","BOSS","M","$","M","M","M"],"items_purchased_type":["Relic","Relic"],"build_version":"2020-12-22","purchased_purges":2,"victory":false,"max_hp_per_floor":[35,35,35,35,35,35,35,35,35,35,35,35,35,35,35,35,35,35,35,35,35,35,35],"relic_stats":{"Torii":0,"counters":[15,49],"Art of War":[1],"obtain_stats":[{"hubris:Icosahedron":5,"Calipers":11,"DemoMod:Dog":0,"Torii":8,"DemoMod:GlassGuonStoneRelic":1,"LetterFromLob":1,"Art of War":12,"Hololive_ChaosS":17,"Incense Burner":19,"halation:Thesaurus":19,"halation:Prosthetics":0,"halation:LostSnail":19},{"hubris:Icosahedron":3,"Calipers":7,"DemoMod:Dog":0,"Torii":5,"DemoMod:GlassGuonStoneRelic":1,"LetterFromLob":1,"Art of War":8,"Hololive_ChaosS":11,"Incense Burner":12,"halation:Thesaurus":12,"halation:Prosthetics":0,"halation:LostSnail":12},{"hubris:Icosahedron":10,"Calipers":22,"DemoMod:Dog":0,"Torii":17,"DemoMod:GlassGuonStoneRelic":3,"LetterFromLob":3,"Art of War":28,"Hololive_ChaosS":41,"Incense Burner":42,"halation:Thesaurus":42,"halation:Prosthetics":0,"halation:LostSnail":42}]},"card_choices":[{"not_picked":["DemoMod:RadGun","DemoMod:FastSwitch"],"picked":"DemoMod:Casey","floor":1.0},{"not_picked":["DemoMod:CursedBullets","DemoMod:ConditionalReflex"],"picked":"DemoMod:Replace","floor":3.0},{"not_picked":["DemoMod:EasyReloadBullets","DemoMod:Unmoved"],"picked":"DemoMod:SuppressiveFire","floor":4.0},{"not_picked":["DemoMod:CombinedRifle","DemoMod:Replace"],"picked":"DemoMod:Casey","floor":7.0},{"not_picked":["DemoMod:Camera","DemoMod:FastSwitch"],"picked":"DemoMod:FullFirepower","floor":8.0},{"not_picked":["DemoMod:Unity","DemoMod:CombinedRifle","DemoMod:FastSwitch"],"picked":"SKIP","floor":10.0},{"not_picked":["DemoMod:JK47","DemoMod:Unmoved","DemoMod:ThirdPartyController"],"picked":"SKIP","floor":11.0},{"not_picked":["DemoMod:HighKaliber","DemoMod:BoxingGlove","DemoMod:FastSwitch"],"picked":"SKIP","floor":12.0},{"not_picked":["DemoMod:Replace","DemoMod:ChanceBullets","DemoMod:ShadowBullets"],"picked":"SKIP","floor":13.0},{"not_picked":["DemoMod:StrategicReserve","DemoMod:Unmoved"],"picked":"DemoMod:Evolver","floor":14.0},{"not_picked":["DemoMod:SuppressiveFire","DemoMod:ThirdPartyController"],"picked":"DemoMod:FinishedGun","floor":16.0},{"not_picked":["DemoMod:Casey","DemoMod:HighKaliber","DemoMod:EasyReloadBullets"],"picked":"SKIP","floor":18.0},{"not_picked":["DemoMod:HighKaliber","DemoMod:Ejector"],"picked":"DemoMod:StrategicReserve","floor":20.0},{"not_picked":["DemoMod:DoubleSwitch+1","DemoMod:BattleInHaste+1","DemoMod:ProbeStrike"],"picked":"SKIP","floor":21.0}],"player_experience":319811,"relics_obtained":[{"floor":1.0,"key":"LetterFromLob"},{"floor":8.0,"key":"Torii"},{"floor":11.0,"key":"Calipers"},{"floor":12.0,"key":"Art of War"}],"event_choices":[{"damage_healed":0.0,"max_hp_gain":0.0,"max_hp_loss":0.0,"gold_gain":0.0,"event_name":"The Woman in Blue","player_choice":"Bought 0 Potions","floor":2.0,"gold_loss":0.0,"damage_taken":0.0}],"is_beta":false,"boss_relics":[{"not_picked":["DemoMod:Test1","ReplayTheSpireMod:SealedPack"],"picked":"Hololive_ChaosS"}],"items_purged_floors":[19,19],"is_endless":false,"potions_floor_spawned":[1,3,10,11,13,14,16,20],"killed_by":"Centurion and Healer","ascension_level":5}}