{"host":"fre309isb0zq7f4i","time":1610743401,"event":{"mods":["BaseMod","Beaked The Cultist","Downfall","Mad Scientist","Minty Spire (QoL Compilation)","Quick Restart","StSLib","The Bug Knight","The Construct","The Mystic","The Senshi","The Servant 0.9.4","The Witch"],"gold_per_floor":[118,43,43,63,63,63,63,63,109,133,152,176,211,234,234,234,234],"floor_reached":16,"language":"ENG","playtime":943,"items_purged":[],"score":102,"play_id":"669272c4-08ef-4a7f-952d-3fd9a8273e2d","local_time":"20210115134321","is_ascension_mode":false,"campfire_choices":[{"data":"HollowMod:FallenFury","floor":6,"key":"SMITH"},{"data":"HollowMod:QuickDashStart","floor":8,"key":"SMITH"},{"data":"HollowMod:theNailsmith","floor":15,"key":"SMITH"}],"circlet_count":0,"master_deck":["HollowMod:NailStrikeStart","HollowMod:NailStrikeStart","HollowMod:NailStrikeStart","HollowMod:NailStrikeStart","HollowMod:QuickDashStart+1","HollowMod:QuickDashStart","HollowMod:QuickDashStart","HollowMod:QuickDashStart","HollowMod:FocusHealStart","HollowMod:PogoStrike","HollowMod:SoulEater","HollowMod:FallenFury+1","HollowMod:ChannelNail","HollowMod:HowlingWraiths","HollowMod:theNailsmith+1"],"relics":["HollowMod:VesselMask","Golden Idol","Nunchaku","Sundial"],"acts_visited":["Exordium"],"potions_floor_usage":[11,13,13,16,16],"damage_taken":[{"damage":2,"enemies":"2 Louse","floor":1,"turns":3},{"damage":7,"enemies":"Small Slimes","floor":4,"turns":5},{"damage":1,"enemies":"Cultist","floor":10,"turns":4},{"damage":0,"enemies":"Lots of Slimes","floor":11,"turns":4},{"damage":0,"enemies":"Exordium Wildlife","floor":12,"turns":3},{"damage":55,"enemies":"Gremlin Nob","floor":13,"turns":6},{"damage":4,"enemies":"Gremlin Gang","floor":14,"turns":3},{"damage":39,"enemies":"Slime Boss","floor":16,"turns":9}],"seed_played":"-6671767856322420772","potions_obtained":[{"floor":1,"key":"Dexterity Potion"},{"floor":4,"key":"AttackPotion"},{"floor":7,"key":"hexamod:EctoCoolerPotion"},{"floor":7,"key":"PowerPotion"},{"floor":7,"key":"BlessingOfTheForge"},{"floor":11,"key":"sneckomod:MuddlingPotion"},{"floor":14,"key":"BlessingOfTheForge"}],"is_trial":false,"path_per_floor":["M","?","?","M","$","R","?","R","T","M","M","M","E","M","R","B"],"character_chosen":"THE_BUGKNIGHT","items_purchased":[],"campfire_rested":0,"item_purchase_floors":[],"current_hp_per_floor":[82,87,66,65,65,65,65,65,65,70,76,86,37,33,33,0,0],"gold":234,"neow_bonus":"TEN_PERCENT_HP_BONUS","is_daily":false,"chose_seed":false,"campfire_upgraded":3,"win_rate":0.0,"timestamp":1610743401,"path_taken":["M","?","?","M","$","R","?","R","T","M","M","M","E","M","R","BOSS"],"items_purchased_type":[],"build_version":"2020-12-22","purchased_purges":0,"victory":false,"max_hp_per_floor":[82,87,87,87,87,87,87,87,87,87,87,87,87,87,87,87,87],"card_choices":[{"not_picked":["HollowMod:RecoilStrike","HollowMod:InfectedAttack"],"picked":"HollowMod:SoulEater","floor":1},{"not_picked":["HollowMod:WraithStrike","HollowMod:ChannelNail"],"picked":"HollowMod:FallenFury","floor":4},{"not_picked":["HollowMod:SiblingsSouls","HollowMod:CoiledNail","HollowMod:GoodIntentions"],"picked":"SKIP","floor":10},{"not_picked":["HollowMod:TaintedHusks","HollowMod:CornifersMapStart","HollowMod:GoodIntentions"],"picked":"SKIP","floor":11},{"not_picked":["HollowMod:CloakDash","HollowMod:DesolateDive"],"picked":"HollowMod:ChannelNail","floor":12},{"not_picked":["HollowMod:VengefulSpirit","HollowMod:InfectedCysts"],"picked":"HollowMod:HowlingWraiths","floor":13},{"not_picked":["HollowMod:SiblingsSouls","HollowMod:FastStrike"],"picked":"HollowMod:theNailsmith","floor":14}],"player_experience":192241,"relics_obtained":[{"floor":9,"key":"Nunchaku"},{"floor":13,"key":"Sundial"}],"event_choices":[{"damage_healed":0,"gold_gain":0,"player_choice":"Take Damage","damage_taken":21,"relics_obtained":["Golden Idol"],"max_hp_gain":0,"max_hp_loss":0,"event_name":"Golden Idol","floor":3,"gold_loss":0},{"damage_healed":0,"gold_gain":0,"player_choice":"Got Potions","damage_taken":0,"max_hp_gain":0,"max_hp_loss":0,"event_name":"Lab","floor":7,"gold_loss":0}],"is_beta":false,"boss_relics":[],"items_purged_floors":[],"is_endless":false,"potions_floor_spawned":[1,4,11,14],"killed_by":"Slime Boss","ascension_level":0}}