{"host":"bw00wb7p5bw58om7","time":1610734276,"event":{"mods":["Act Like it!","BaseMod","Downfall","Gensokyo","Koishi","KomeijiMod","Luminous","Marisa????????","Minty Spire (QoL Compilation)","Onozuka Komachi Mod","Permanent Neow","Prisma Mod","Reimu??????","Remilia??????","StSLib","The Animator","The Druid","The Exalted","The Jungle","The Mystic","The Problem Sleuth","The Senshi","The Servant 0.9.4","The Wild Card","TheArtist","Wandering Minibosses"],"gold_per_floor":[99,110,123,139,139,49,49,33,60,74,74,94,124,124,137,241,241,166,166,178,194,215,140,140,145,172,184,210,246,258,290,327,445,457,469,499,529,541,553,175,187,199,236,248,260,272,302,324,354,366],"floor_reached":51,"language":"ENG","playtime":3892,"items_purged":["Pain"],"score":749,"play_id":"44ee5a62-d826-4cb1-8537-788dde7d0227","local_time":"20210115181116","is_ascension_mode":false,"campfire_choices":[{"data":"hexamod:Float","floor":1,"key":"SMITH"},{"floor":18,"key":"RECALL"},{"data":"hexamod:InspiringFlames","floor":23,"key":"SMITH"},{"data":"hexamod:RainOfEmbers","floor":27,"key":"SMITH"},{"data":"hexamod:RadiantFlame","floor":30,"key":"SMITH"},{"data":"hexamod:HexaLevel","floor":35,"key":"SMITH"},{"data":"Gensokyo:ManorOfTheDishes","floor":42,"key":"SMITH"},{"data":"Gensokyo:GreaterSplit","floor":46,"key":"SMITH"}],"circlet_count":0,"master_deck":["hexamod:Strike+1","hexamod:Strike","hexamod:Strike+1","hexamod:Strike","hexamod:Defend","hexamod:Defend","hexamod:Defend","hexamod:Defend","hexamod:Float+1","hexamod:ShieldOfDarkness+1","hexamod:RadiantFlame+1","hexamod:TimeOfNeed","hexamod:SwordOfDarkness+1","hexamod:RainOfEmbers","hexamod:RecurringNightmare","hexamod:ExtraCrispy","hexamod:SwordOfDarkness","hexamod:GhostShield","hexamod:InspiringFlames+1","hexamod:Haunt+1","hexamod:FirstSeal","hexamod:BacktrackSmack","hexamod:RainOfEmbers+1","hexamod:BacktrackSmack","hexamod:NightmareGuise+1","hexamod:NightmareGuise","hexamod:NightmareStrike+1","hexamod:NightmareStrike","hexamod:Hexaguard+1","hexamod:ShieldOfDarkness","hexamod:ThirdSeal","hexamod:GhostLash+1","hexamod:EtherealExpedition+1","hexamod:NightmareGuise","hexamod:Hexaguard+1","Gensokyo:GreaterSplit+1","Doubt","hexamod:BurningTouch+1","hexamod:SwordOfDarkness","Gensokyo:ManorOfTheDishes+1","Gensokyo:SevenSchoolMysteries","hexamod:PhantomFireball","hexamod:GhostflameBarrier+1","hexamod:SpectersWail+1","hexamod:SpectersWail","hexamod:AdvancingGuard+1","hexamod:GhostLash+1"],"relics":["hexamod:SpiritBrand","hexamod:MatchstickCase","Gensokyo:LunaticRedEyes","Letter Opener","theSenshi:SuperSailorFukuRelic","Bromod:ArcaneNullifier","Coffee Dripper","downfall:HeartBlessingGreen","downfall:HeartBlessingRed","MawBank","hexamod:TheBrokenSeal","hexamod:IceCube","Bromod:ArcaneVictory","Bromod:ArcaneConsequence"],"acts_visited":["Gensokyo:Gensokyo","TheCity","Gensokyo:Gensokyoest"],"potions_floor_usage":[20,20,20,26,33],"damage_taken":[{"damage":0,"enemies":"Gensokyo:Gryphon","floor":2,"turns":4},{"damage":0,"enemies":"Gensokyo:2_Kodama","floor":3,"turns":3},{"damage":7,"enemies":"Gensokyo:3_Fairies","floor":4,"turns":5},{"damage":1,"enemies":"downfall:FleeingMerchant","floor":6,"turns":4},{"damage":34,"enemies":"Gensokyo:Mamizou","floor":9,"turns":11},{"damage":0,"enemies":"Gensokyo:2_Rabbits","floor":10,"turns":6},{"damage":1,"enemies":"Gensokyo:3_Kodama","floor":12,"turns":6},{"damage":32,"enemies":"Gensokyo:Cirno","floor":13,"turns":8},{"damage":0,"enemies":"Gensokyo:LivingMonolith","floor":15,"turns":3},{"damage":41,"enemies":"downfall:Silent","floor":16,"turns":12},{"damage":6,"enemies":"Spheric Guardian","floor":19,"turns":6},{"damage":7,"enemies":"3 Byrds","floor":20,"turns":6},{"damage":22,"enemies":"Snecko","floor":21,"turns":5},{"damage":19,"enemies":"Shelled Parasite and Fungi","floor":22,"turns":6},{"damage":0,"enemies":"downfall:FleeingMerchant","floor":25,"turns":4},{"damage":20,"enemies":"3 Cultists","floor":26,"turns":6},{"damage":0,"enemies":"Snake Plant","floor":28,"turns":3},{"damage":6,"enemies":"Shelled Parasite and Fungi","floor":29,"turns":7},{"damage":4,"enemies":"3 Cultists","floor":31,"turns":5},{"damage":2,"enemies":"Centurion and Healer","floor":32,"turns":7},{"damage":54,"enemies":"downfall:Defect","floor":33,"turns":12},{"damage":19,"enemies":"Gensokyo:3_Boulders","floor":36,"turns":7},{"damage":0,"enemies":"Gensokyo:AncientGuardian","floor":37,"turns":6},{"damage":0,"enemies":"Gensokyo:SeedOfUnknown","floor":39,"turns":4},{"damage":0,"enemies":"Gensokyo:Doremy","floor":43,"turns":7},{"damage":16,"enemies":"Gensokyo:Rafflesia","floor":45,"turns":8},{"damage":0,"enemies":"Gensokyo:3_Boulders","floor":47,"turns":2},{"damage":0,"enemies":"Gensokyo:4_Bats","floor":48,"turns":3},{"damage":9,"enemies":"Gensokyo:AtlasGolem","floor":49,"turns":4},{"damage":0,"enemies":"downfall:Watcher","floor":50,"turns":9}],"seed_played":"-7537304916080603393","potions_obtained":[{"floor":3,"key":"SneckoOil"},{"floor":4,"key":"CalmPotion"},{"floor":6,"key":"CultistPotion"},{"floor":9,"key":"RedTea"},{"floor":12,"key":"EntropicBrew"},{"floor":20,"key":"Weak Potion"},{"floor":21,"key":"hexamod:InfernoChargePotion"},{"floor":21,"key":"PowerPotion"},{"floor":26,"key":"ZuzhouPotion:ReiMu"},{"floor":33,"key":"sneckomod:MuddlingPotion"}],"is_trial":false,"path_per_floor":["R","M","M","M","?","$","T","?","E","M","?","M","E","?","M","B",null,"R","M","M","M","M","R","T","$","M","R","M","M","R","M","M","B",null,"R","M","M","?","M","COS","T","R","E","?","M","R","M","M","M","B",null],"character_chosen":"THE_SPIRIT","items_purchased":[],"campfire_rested":0,"item_purchase_floors":[],"current_hp_per_floor":[70,70,70,63,63,62,62,70,36,43,43,49,24,45,45,11,70,70,70,70,55,36,36,36,43,37,37,44,52,52,48,60,67,80,80,68,75,75,75,75,75,75,76,76,68,68,71,74,66,74],"gold":378,"neow_bonus":"RANDOM_COMMON_RELIC","is_daily":false,"chose_seed":false,"campfire_upgraded":7,"win_rate":0.0,"timestamp":1610734276,"path_taken":["R","M","M","M","?","$","T","?","E","M","?","M","E","?","M","BOSS","R","M","M","M","M","R","T","$","M","R","M","M","R","M","M","BOSS","R","M","M","?","M","COS","T","R","E","?","M","R","?","M","M","BOSS"],"items_purchased_type":[],"build_version":"2020-12-22","purchased_purges":1,"victory":true,"max_hp_per_floor":[70,70,70,70,70,70,70,70,70,70,70,70,70,70,70,70,70,70,70,70,70,70,70,70,70,70,70,70,70,70,70,70,80,80,80,80,80,80,80,80,80,80,80,80,80,80,80,80,80,80],"card_choices":[{"not_picked":["hexamod:SpectersWail","hexamod:FastForward"],"picked":"hexamod:ShieldOfDarkness","floor":2},{"not_picked":["hexamod:RetreatToShadows","hexamod:CatchUp"],"picked":"hexamod:FourthSeal","floor":3},{"not_picked":["hexamod:BacktrackSmack","hexamod:HeatCrush"],"picked":"hexamod:RadiantFlame","floor":4},{"not_picked":["hexamod:ThermalTransfer","hexamod:StepThrough"],"picked":"hexamod:TimeOfNeed","floor":6},{"not_picked":["hexamod:SoulSteal","hexamod:SearingWound"],"picked":"hexamod:FirstSeal","floor":9},{"not_picked":["hexamod:GhostflameBarrier","hexamod:GhostOfSpirePresent"],"picked":"hexamod:SwordOfDarkness","floor":10},{"not_picked":["hexamod:HeatMetal","hexamod:SwordOfDarkness"],"picked":"hexamod:RainOfEmbers","floor":12},{"not_picked":["hexamod:Again","hexamod:SoulSteal"],"picked":"hexamod:RecurringNightmare","floor":13},{"not_picked":["hexamod:ThermalTransfer","hexamod:SearingWound"],"picked":"hexamod:ExtraCrispy","floor":15},{"not_picked":["hexamod:UnleashSpirits","hexamod:EmpoweringStance"],"picked":"hexamod:FifthSeal","floor":16},{"not_picked":["hexamod:FourthSeal","hexamod:ThirdSeal"],"picked":"hexamod:SixthSeal","floor":19},{"not_picked":["hexamod:SpectersWail","hexamod:HeatCrush"],"picked":"hexamod:SwordOfDarkness","floor":19},{"not_picked":["hexamod:ShieldOfDarkness","hexamod:AdvancingGuard+1"],"picked":"hexamod:GhostShield","floor":20},{"not_picked":["hexamod:FirstSeal","hexamod:SixthSeal"],"picked":"hexamod:SecondSeal","floor":21},{"not_picked":["hexamod:Incineration","hexamod:StepThrough"],"picked":"hexamod:InspiringFlames","floor":21},{"not_picked":["hexamod:SecondSeal","hexamod:FirstSeal"],"picked":"hexamod:ThirdSeal","floor":22},{"not_picked":["hexamod:PhantomFireball","hexamod:TimeWarp"],"picked":"hexamod:Haunt+1","floor":22},{"not_picked":["hexamod:ThirdSeal","hexamod:FourthSeal"],"picked":"hexamod:FirstSeal","floor":25},{"not_picked":["hexamod:SwordOfDarkness","hexamod:ThermalTransfer"],"picked":"hexamod:BacktrackSmack","floor":25},{"not_picked":["hexamod:Firestarter+1","hexamod:StepThrough+1"],"picked":"hexamod:RainOfEmbers","floor":25},{"not_picked":["hexamod:GhostLash","hexamod:GhostShield"],"picked":"hexamod:BacktrackSmack","floor":26},{"not_picked":["hexamod:SwordOfDarkness","hexamod:HexaLevel"],"picked":"hexamod:NightmareGuise+1","floor":26},{"not_picked":["hexamod:NightmareStrike","hexamod:ChargedBarrage"],"picked":"hexamod:NightmareGuise","floor":28},{"not_picked":["hexamod:BurningTouch","hexamod:ThermalTransfer"],"picked":"hexamod:NightmareStrike+1","floor":29},{"not_picked":["hexamod:PhantomFireball","hexamod:ShieldOfDarkness+1"],"picked":"hexamod:NightmareStrike","floor":29},{"not_picked":["hexamod:InspiringFlames","hexamod:SpectralAdrenaline"],"picked":"hexamod:Hexaguard+1","floor":31},{"not_picked":["hexamod:ChargedBarrage","hexamod:RainOfEmbers"],"picked":"hexamod:ShieldOfDarkness","floor":32},{"not_picked":["hexamod:FourthSeal","hexamod:SecondSeal"],"picked":"hexamod:ThirdSeal","floor":33},{"not_picked":["hexamod:VolcanoVisage","hexamod:SearingWound"],"picked":"hexamod:HexaLevel","floor":33},{"not_picked":["hexamod:SecondSeal","hexamod:HauntingEcho"],"picked":"hexamod:GhostLash+1","floor":36},{"not_picked":["hexamod:InspiringFlames","hexamod:ThermalTransfer+1"],"picked":"hexamod:EtherealExpedition+1","floor":36},{"not_picked":["hexamod:GhostShield+1","hexamod:TimeOfNeed"],"picked":"hexamod:NightmareGuise","floor":37},{"not_picked":["hexamod:NightmareGuise+1","hexamod:FastForward+1"],"picked":"hexamod:Hexaguard+1","floor":37},{"not_picked":["hexamod:FastForward+1","hexamod:InspiringFlames"],"picked":"hexamod:BurningTouch+1","floor":39},{"not_picked":["hexamod:HeatShield+1","hexamod:ThirdSeal"],"picked":"hexamod:SwordOfDarkness","floor":39},{"not_picked":["hexamod:FourthSeal","hexamod:Haunt"],"picked":"hexamod:PhantomFireball","floor":43},{"not_picked":["hexamod:GhostLash","hexamod:ChargedBarrage+1"],"picked":"hexamod:GhostflameBarrier+1","floor":45},{"not_picked":["hexamod:ShieldOfDarkness","hexamod:GhostOfSpirePresent"],"picked":"hexamod:SpectersWail+1","floor":45},{"not_picked":["hexamod:NightmareGuise","hexamod:GhostLash+1"],"picked":"hexamod:SpectersWail","floor":47},{"not_picked":["hexamod:SixthSeal","hexamod:NightmareGuise+1"],"picked":"hexamod:AdvancingGuard+1","floor":48},{"not_picked":["hexamod:NightmareGuise+1","hexamod:HeatMetal+1"],"picked":"hexamod:GhostLash+1","floor":49}],"player_experience":245481,"relics_obtained":[{"floor":7,"key":"Letter Opener"},{"floor":9,"key":"theSenshi:SuperSailorFukuRelic"},{"floor":13,"key":"Bromod:ArcaneNullifier"},{"floor":24,"key":"MawBank"},{"floor":41,"key":"Bromod:ArcaneVictory"},{"floor":43,"key":"Bromod:ArcaneConsequence"}],"event_choices":[],"is_beta":false,"boss_relics":[{"not_picked":["RedLine:ReiMu","Pandora\u0027s Box"],"picked":"Coffee Dripper"},{"not_picked":["Runic Dome","SlaversCollar"],"picked":"hexamod:IceCube"}],"items_purged_floors":[6],"is_endless":false,"potions_floor_spawned":[3,9,12,15,21,22,26,28,33,36,37,48],"ascension_level":0}}