{"host":"j49z5jz0n7e8vjox","time":1610735168,"event":{"mods":["AchievementEnabler","BaseMod","Bestiary","Colored Map","Colored Powertips","DeckTracker","Minty Spire (QoL Compilation)","UnlockEverythingMod"],"gold_per_floor":[117,133,96,110,122,122,155,169,169,169,185,197,197,197],"floor_reached":13,"language":"ENG","playtime":619,"items_purged":[],"score":178,"play_id":"4c4caec7-5fab-4800-a85e-9b4411e4ac2a","local_time":"20210115122608","is_ascension_mode":true,"campfire_choices":[{"floor":6,"key":"REST"},{"floor":10,"key":"REST"}],"circlet_count":0,"master_deck":["AscendersBane","Strike_B","Strike_B","Strike_B","Strike_B","Defend_B","Defend_B","Defend_B","Defend_B","Zap","Dualcast","Ball Lightning","Cold Snap","Doom and Gloom","Consume","Creative AI","Compile Driver","Genetic Algorithm","Skim"],"relics":["Cracked Core","StrikeDummy","Ornamental Fan"],"acts_visited":["Exordium"],"potions_floor_usage":[12],"damage_taken":[{"damage":0,"enemies":"Cultist","floor":1,"turns":3},{"damage":3,"enemies":"2 Louse","floor":2,"turns":3},{"damage":12,"enemies":"Small Slimes","floor":4,"turns":3},{"damage":8,"enemies":"Looter","floor":5,"turns":3},{"damage":16,"enemies":"3 Sentries","floor":7,"turns":5},{"damage":1,"enemies":"2 Fungi Beasts","floor":8,"turns":2},{"damage":34,"enemies":"Exordium Thugs","floor":11,"turns":6},{"damage":31,"enemies":"Gremlin Gang","floor":12,"turns":4},{"damage":29,"enemies":"Gremlin Nob","floor":13,"turns":3}],"seed_played":"4930975059273302840","potions_obtained":[{"floor":1,"key":"ColorlessPotion"},{"floor":4,"key":"Weak Potion"},{"floor":5,"key":"Dexterity Potion"},{"floor":7,"key":"FocusPotion"}],"is_trial":false,"path_per_floor":["M","M","$","M","M","R","E","M","T","R","M","M","E"],"character_chosen":"DEFECT","items_purchased":["Doom and Gloom"],"campfire_rested":2,"item_purchase_floors":[3],"current_hp_per_floor":[71,68,68,56,48,71,55,54,54,77,43,12,0,0],"gold":197,"neow_bonus":"TEN_PERCENT_HP_BONUS","is_daily":false,"chose_seed":false,"campfire_upgraded":0,"win_rate":0.0,"timestamp":1610735168,"path_taken":["M","M","?","M","M","R","E","M","T","R","?","M","E"],"items_purchased_type":["Card"],"build_version":"2020-12-22","purchased_purges":0,"victory":false,"max_hp_per_floor":[78,78,78,78,78,78,78,78,78,78,78,78,78,78],"card_choices":[{"not_picked":["Steam Power","Streamline"],"picked":"Ball Lightning","floor":1},{"not_picked":["Sweeping Beam","Rebound"],"picked":"Cold Snap","floor":2},{"not_picked":["Undo","Hologram","Streamline"],"picked":"SKIP","floor":4},{"not_picked":["Cold Snap","Barrage"],"picked":"Consume","floor":5},{"not_picked":["Chill","Fusion"],"picked":"Creative AI","floor":7},{"not_picked":["Rebound","Go for the Eyes"],"picked":"Compile Driver","floor":8},{"not_picked":["Hologram","Barrage"],"picked":"Genetic Algorithm","floor":11},{"not_picked":["Hologram","Streamline"],"picked":"Skim","floor":12}],"player_experience":759368,"relics_obtained":[{"floor":7,"key":"StrikeDummy"},{"floor":9,"key":"Ornamental Fan"}],"event_choices":[],"is_beta":false,"boss_relics":[],"items_purged_floors":[],"is_endless":false,"potions_floor_spawned":[1,4,5,7],"killed_by":"Gremlin Nob","ascension_level":20}}