{"host":"0vd2boh2oi7jm085","time":1610699583,"event":{"mods":["BaseMod","Colored Map","Colored Powertips","Highlight Path","Minty Spire (QoL Compilation)","Quick Restart","StSLib","The IronCluck"],"gold_per_floor":[109,32,46,66,66,66,9,9,36,69,69,79,79,106,106,181,181,192,192,467,484,501,501,501],"floor_reached":23,"language":"ENG","playtime":406,"items_purged":[],"score":369,"play_id":"a911d4a5-3f88-4cd1-974d-516f9a8aa5af","local_time":"20210115003303","is_ascension_mode":true,"campfire_choices":[{"data":"Infernal Blade","floor":6,"key":"SMITH"},{"data":"Double Tap","floor":11,"key":"SMITH"},{"floor":13,"key":"REST"},{"floor":15,"key":"REST"}],"circlet_count":0,"master_deck":["AscendersBane","Strike_R","Strike_R","Strike_R","Strike_R","Strike_R","Defend_R","Defend_R","Defend_R","Defend_R","Bash","Carnage","Infernal Blade+1","Anger","Double Tap+1","Feed","Regret"],"relics":["Runic Dome","Bronze Scales","Vajra","Odd Mushroom","Fusion Hammer"],"acts_visited":["Exordium","TheCity"],"potions_floor_usage":[16,22],"damage_taken":[{"damage":2,"enemies":"Jaw Worm","floor":1,"turns":4},{"damage":0,"enemies":"Cultist","floor":3,"turns":2},{"damage":3,"enemies":"2 Louse","floor":4,"turns":3},{"damage":25,"enemies":"3 Sentries","floor":10,"turns":4},{"damage":7,"enemies":"Exordium Thugs","floor":12,"turns":2},{"damage":28,"enemies":"The Mushroom Lair","floor":14,"turns":3},{"damage":43,"enemies":"Hexaghost","floor":16,"turns":7},{"damage":6,"enemies":"3 Byrds","floor":18,"turns":2},{"damage":32,"enemies":"Shell Parasite","floor":21,"turns":4},{"damage":15,"enemies":"Snecko","floor":22,"turns":4},{"damage":12,"enemies":"Snake Plant","floor":23,"turns":1}],"seed_played":"6588016969938732651","potions_obtained":[{"floor":1,"key":"BloodPotion"},{"floor":3,"key":"SneckoOil"},{"floor":16,"key":"Dexterity Potion"}],"is_trial":false,"path_per_floor":["M","$","M","M","?","R","$","?","T","E","R","M","R","?","R","B",null,"M","?","?","M","M","M"],"character_chosen":"IRONCLAD","items_purchased":["Infernal Blade","Anger"],"campfire_rested":2,"item_purchase_floors":[2,7],"current_hp_per_floor":[66,66,66,63,59,59,59,75,75,50,50,43,65,37,59,31,64,58,58,58,26,11,0,0],"gold":501,"neow_bonus":"BOSS_RELIC","is_daily":false,"chose_seed":false,"campfire_upgraded":2,"win_rate":0.0,"timestamp":1610699583,"path_taken":["M","$","M","M","?","R","?","?","T","E","R","?","R","?","R","BOSS","M","?","?","M","?","M"],"items_purchased_type":["Card","Card"],"build_version":"2020-12-22","purchased_purges":0,"victory":false,"max_hp_per_floor":[75,75,75,75,75,75,75,75,75,75,75,75,75,75,75,75,75,75,75,75,75,75,75,75],"card_choices":[{"not_picked":["Wild Strike","Uppercut"],"picked":"Carnage","floor":1},{"not_picked":["Clash","Perfected Strike","Rampage"],"picked":"SKIP","floor":3},{"not_picked":["Metallicize","Wild Strike"],"picked":"Bloodletting","floor":4},{"not_picked":["Wild Strike","Blood for Blood"],"picked":"Double Tap","floor":10},{"not_picked":["Rupture","True Grit","Disarm"],"picked":"SKIP","floor":12},{"not_picked":["Brutality","Barricade"],"picked":"Feed","floor":16},{"not_picked":["Warcry","Headbutt","Searing Blow+1"],"picked":"SKIP","floor":18},{"not_picked":["Perfected Strike","Power Through","Bloodletting+1"],"picked":"SKIP","floor":21},{"not_picked":["Entrench","Clash","Shrug It Off"],"picked":"SKIP","floor":22}],"player_experience":106955,"relics_obtained":[{"floor":9,"key":"Bronze Scales"},{"floor":10,"key":"Vajra"},{"floor":14,"key":"Odd Mushroom"}],"event_choices":[{"damage_healed":0,"gold_gain":0,"player_choice":"Bought 0 Potions","damage_taken":0,"max_hp_gain":0,"max_hp_loss":0,"event_name":"The Woman in Blue","floor":5,"gold_loss":0},{"cards_removed":["Bloodletting"],"damage_healed":16,"gold_gain":0,"player_choice":"Offered Uncommon","damage_taken":0,"max_hp_gain":0,"max_hp_loss":0,"event_name":"Bonfire Elementals","floor":8,"gold_loss":0},{"damage_healed":0,"gold_gain":0,"player_choice":"Fought Mushrooms","damage_taken":0,"max_hp_gain":0,"max_hp_loss":0,"event_name":"Mushrooms","floor":14,"gold_loss":0},{"damage_healed":0,"gold_gain":0,"player_choice":"Ignored","damage_taken":0,"max_hp_gain":0,"max_hp_loss":0,"event_name":"Ghosts","floor":19,"gold_loss":0},{"damage_healed":0,"gold_gain":275,"player_choice":"Desecrate","damage_taken":0,"max_hp_gain":0,"max_hp_loss":0,"event_name":"Golden Shrine","floor":20,"gold_loss":0,"cards_obtained":["Regret"]}],"is_beta":false,"boss_relics":[{"not_picked":["Calling Bell","Philosopher\u0027s Stone"],"picked":"Fusion Hammer"}],"items_purged_floors":[],"is_endless":false,"potions_floor_spawned":[1,3,12,16],"killed_by":"Snake Plant","ascension_level":19}}