{"host":"rvofswtrkybk7ok8","time":1610677308,"event":{"mods":["ATMod(°¢èªMod)","BaseMod","Card Filter","Colored Map","Minty Spire (QoL Compilation)","Quick Restart","StSLib"],"gold_per_floor":[110,123,140,156,175,203,218,231,231,406,406,426,440,177,177,279,279,319,234,251,34,49,49,49,74,98,126,126,48,48,48,48,149,199,212,434,434,191,211,240,240,269,296,307,307,307,321,371,371,371,371,371,25,53,53],"floor_reached":56,"language":"ZHS","playtime":3356,"items_purged":["Doubt","Strike_G","Strike_G","Strike_G"],"score":2218,"play_id":"fe180701-af99-43e4-a9dc-e039131c8ff3","local_time":"20210115102148","is_ascension_mode":true,"campfire_choices":[{"floor":11.0,"key":"REST"},{"data":"Phantasmal Killer","floor":15.0,"key":"SMITH"},{"data":"AT_FocusSwordFire","floor":23.0,"key":"SMITH"},{"data":"Backflip","floor":24.0,"key":"SMITH"},{"data":"AT_ArcaneSupremacy","floor":28.0,"key":"SMITH"},{"data":"Adrenaline","floor":30.0,"key":"SMITH"},{"data":"After Image","floor":32.0,"key":"SMITH"},{"data":"Blade Dance","floor":41.0,"key":"SMITH"},{"data":"AT_KneejerkReflex","floor":46,"key":"SMITH"},{"floor":49,"key":"RECALL"},{"data":"Blade Dance","floor":52,"key":"SMITH"}],"circlet_count":0,"master_deck":["AscendersBane","Strike_G","Strike_G","Defend_G","Defend_G","Defend_G","Survivor","Neutralize","AT_DivineConfetti","Dagger Spray","Phantasmal Killer+1","Blade Dance+1","Backflip+1","Backstab","AT_FocusSwordFire+1","Backflip","After Image+1","CurseOfTheBell","Prepared+1","Blade Dance+1","After Image+1","Adrenaline+1","AT_ArcaneSupremacy+1","Glass Knife","AT_WindFlip","Malaise","Blade Dance+1","Well Laid Plans","AT_ArcaneSupremacy","AT_KneejerkReflex+1","Blur+1","Acrobatics+1","Impatience+1","Backflip+1","Violence+1","Caltrops","Cloak And Dagger+1"],"relics":["Ring of the Snake","AT_ATBox","Question Card","Membership Card","Nunchaku","Calling Bell","Bag of Marbles","AT_RedNoBalance","WingedGreaves","Smiling Mask","Centennial Puzzle","DollysMirror","AT_TimeSand","Anchor","Red Mask","ClockworkSouvenir","Tiny House","Pantograph","Medical Kit","Art of War","Toxic Egg 2","AT_BellDemon","AT_Manta","Oddly Smooth Stone","Orichalcum"],"acts_visited":["Exordium","TheCity","TheBeyond","TheEnding"],"potions_floor_usage":[50,54,55],"damage_taken":[{"damage":6.0,"enemies":"Cultist","floor":1.0,"turns":3.0},{"damage":0.0,"enemies":"Small Slimes","floor":2.0,"turns":3.0},{"damage":0.0,"enemies":"2 Louse","floor":3.0,"turns":3.0},{"damage":0.0,"enemies":"Exordium Wildlife","floor":4.0,"turns":3.0},{"damage":0.0,"enemies":"Large Slime","floor":5.0,"turns":4.0},{"damage":40.0,"enemies":"Lagavulin","floor":6.0,"turns":6.0},{"damage":3.0,"enemies":"Blue Slaver","floor":7.0,"turns":3.0},{"damage":2.0,"enemies":"Red Slaver","floor":8.0,"turns":3.0},{"damage":1.0,"enemies":"3 Louse","floor":12.0,"turns":3.0},{"damage":4.0,"enemies":"Gremlin Gang","floor":13.0,"turns":3.0},{"damage":18.0,"enemies":"Slime Boss","floor":16.0,"turns":9.0},{"damage":8.0,"enemies":"2 Thieves","floor":18.0,"turns":4.0},{"damage":15.0,"enemies":"3 Byrds","floor":20.0,"turns":5.0},{"damage":9.0,"enemies":"Centurion and Healer","floor":22.0,"turns":4.0},{"damage":0.0,"enemies":"Gremlin Leader","floor":25.0,"turns":6.0},{"damage":0.0,"enemies":"Masked Bandits","floor":27.0,"turns":4.0},{"damage":0.0,"enemies":"Champ","floor":33.0,"turns":5.0},{"damage":0.0,"enemies":"Orb Walker","floor":35.0,"turns":2.0},{"damage":8.0,"enemies":"3 Darklings","floor":39.0,"turns":3.0},{"damage":0.0,"enemies":"Giant Head","floor":40.0,"turns":4.0},{"damage":0,"enemies":"Reptomancer","floor":42,"turns":2},{"damage":0,"enemies":"4 Shapes","floor":44,"turns":5},{"damage":3,"enemies":"Spire Growth","floor":47,"turns":4},{"damage":0,"enemies":"Mind Bloom Boss Battle","floor":48,"turns":6},{"damage":0,"enemies":"Awakened One","floor":50,"turns":3},{"damage":0,"enemies":"Shield and Spear","floor":54,"turns":2},{"damage":29,"enemies":"The Heart","floor":55,"turns":4}],"seed_played":"6542680090694159681","potions_obtained":[{"floor":1.0,"key":"DistilledChaos"},{"floor":2.0,"key":"Ancient Potion"},{"floor":3.0,"key":"FearPotion"},{"floor":7.0,"key":"SkillPotion"},{"floor":16.0,"key":"Energy Potion"},{"floor":22.0,"key":"GamblersBrew"},{"floor":25.0,"key":"DuplicationPotion"},{"floor":34.0,"key":"SneckoOil"},{"floor":39.0,"key":"SteroidPotion"},{"floor":48,"key":"CunningPotion"},{"floor":54,"key":"Explosive Potion"}],"is_trial":false,"path_per_floor":["M","M","M","M","M","E","M","M","T","?","R","M","M","$","R","B",null,"M","?","M","$","M","R","R","E","T","?","R","$","R","?","R","B",null,"M","?","?","$","M","E","R","E","T","M","?","R","M","?","R","B",null,"R","$","E","B",null],"character_chosen":"THE_SILENT","items_purchased":["Membership Card","Nunchaku","Blade Dance","Centennial Puzzle","DollysMirror","ClockworkSouvenir","Pantograph","Medical Kit","Oddly Smooth Stone","CunningPotion","Impatience+1","Backflip+1","Violence+1","Caltrops"],"campfire_rested":1,"item_purchase_floors":[14,14,21,21,21,29,38,38,53,53,53,53,53,53],"current_hp_per_floor":[57,57,57,57,57,17,14,12,12,12,33,32,28,28,28,10,55,27,27,20,20,26,26,26,35,35,35,35,35,35,35,35,35,66,37,37,37,37,29,37,37,37,37,37,37,37,34,62,62,62,72,72,72,72,46],"gold":53,"neow_bonus":"REMOVE_CARD","is_daily":false,"chose_seed":false,"campfire_upgraded":9,"win_rate":0.0,"timestamp":1610677308,"path_taken":["M","?","M","M","M","E","M","M","T","?","R","M","M","$","R","BOSS","M","?","M","$","M","R","R","E","T","?","R","?","R","?","R","BOSS","M","?","?","$","?","E","R","E","T","M","?","R","?","?","R","BOSS","R","$","E","BOSS"],"items_purchased_type":["Relic","Relic","Card","Relic","Relic","Relic","Relic","Relic","Relic","Potion","Card","Card","Card","Card"],"build_version":"2020-12-22","purchased_purges":4,"victory":true,"max_hp_per_floor":[70,70,70,70,70,70,70,70,70,70,70,70,70,70,70,70,70,70,70,70,70,70,70,70,70,70,70,70,70,70,70,70,70,75,75,75,75,75,75,75,75,75,75,75,75,75,75,75,75,75,75,75,75,75,75],"card_choices":[{"not_picked":["Outmaneuver","Bane"],"picked":"Dagger Spray","floor":1.0},{"not_picked":["Terror","Poisoned Stab"],"picked":"Phantasmal Killer","floor":2.0},{"not_picked":["Endless Agony","Sucker Punch"],"picked":"Blade Dance","floor":3.0},{"not_picked":["AT_Desolate","Quick Slash"],"picked":"Backflip","floor":4.0},{"not_picked":["Prepared","AT_Desolate","Underhanded Strike"],"picked":"SKIP","floor":5.0},{"not_picked":["Slice","Flechettes"],"picked":"Backstab","floor":6.0},{"not_picked":["Dagger Throw","Quick Slash","Eviscerate"],"picked":"AT_FocusSwordFire","floor":7.0},{"not_picked":["Dagger Spray","Slice","Cloak And Dagger","Reflex"],"picked":"SKIP","floor":8.0},{"not_picked":["Expertise","Flechettes","Dagger Throw"],"picked":"Backflip","floor":12.0},{"not_picked":["Flying Knee","Dagger Throw","Unload","Quick Slash"],"picked":"SKIP","floor":13.0},{"not_picked":["Grand Finale","Envenom","A Thousand Cuts"],"picked":"After Image","floor":16.0},{"not_picked":["Dodge and Roll+1","Terror","Deadly Poison"],"picked":"Prepared","floor":18.0},{"not_picked":["Poisoned Stab","Flying Knee","Terror","Dagger Throw"],"picked":"SKIP","floor":20.0},{"not_picked":["Flying Knee","Quick Slash","Deflect","Deadly Poison"],"picked":"SKIP","floor":22.0},{"not_picked":["Backflip","Bane","Wraith Form v2"],"picked":"Adrenaline","floor":25.0},{"not_picked":["Sucker Punch+1","Poisoned Stab","Well Laid Plans+1"],"picked":"AT_ArcaneSupremacy","floor":27.0},{"not_picked":["AT_KingSlayer","Wraith Form v2","Unload"],"picked":"Glass Knife","floor":33.0},{"not_picked":["Outmaneuver","Sucker Punch","Riddle With Holes"],"picked":"AT_WindFlip","floor":34.0},{"not_picked":["Concentrate","Bane","Poisoned Stab"],"picked":"Malaise","floor":35.0},{"not_picked":["Skewer+1","Underhanded Strike","Quick Slash"],"picked":"Blade Dance+1","floor":39.0},{"not_picked":["Underhanded Strike","Masterful Stab+1","Bouncing Flask"],"picked":"Well Laid Plans","floor":40.0},{"not_picked":["After Image","Leg Sweep+1","Dagger Spray+1"],"picked":"AT_ArcaneSupremacy","floor":42},{"not_picked":["Bouncing Flask+1","Flechettes+1","Concentrate+1"],"picked":"AT_KneejerkReflex","floor":44},{"not_picked":["Underhanded Strike+1","Concentrate+1","AT_WomanClash+1"],"picked":"Blur+1","floor":47},{"not_picked":["Slice","Backstab+1","Heel Hook"],"picked":"Acrobatics+1","floor":48},{"not_picked":["Well Laid Plans","Noxious Fumes","Underhanded Strike"],"picked":"Cloak And Dagger+1","floor":54}],"player_experience":598260,"relics_obtained":[{"floor":6.0,"key":"Question Card"},{"floor":17.0,"key":"Bag of Marbles"},{"floor":17.0,"key":"AT_SilverBalance"},{"floor":17.0,"key":"WingedGreaves"},{"floor":25.0,"key":"AT_TimeSand"},{"floor":26.0,"key":"Anchor"},{"floor":27.0,"key":"Red Mask"},{"floor":40.0,"key":"Art of War"},{"floor":42,"key":"Toxic Egg 2"},{"floor":43,"key":"AT_BellDemon"},{"floor":48,"key":"AT_Manta"},{"floor":54,"key":"Orichalcum"}],"event_choices":[{"damage_healed":0.0,"max_hp_gain":0.0,"max_hp_loss":0.0,"gold_gain":175.0,"event_name":"Liars Game","player_choice":"AGREE","floor":10.0,"gold_loss":0.0,"damage_taken":0.0,"cards_obtained":["Doubt"]},{"damage_healed":0.0,"max_hp_gain":0.0,"max_hp_loss":0.0,"gold_gain":0.0,"event_name":"Addict","player_choice":"Obtained Relic","floor":19.0,"gold_loss":85.0,"damage_taken":0.0,"relics_obtained":["Smiling Mask"]},{"damage_healed":0.0,"max_hp_gain":0.0,"max_hp_loss":0.0,"gold_gain":0.0,"event_name":"Masked Bandits","player_choice":"Fought Bandits","floor":27.0,"gold_loss":0.0,"damage_taken":0.0},{"damage_healed":0.0,"max_hp_gain":0.0,"max_hp_loss":0.0,"gold_gain":0.0,"event_name":"Ghosts","player_choice":"Ignored","floor":31.0,"gold_loss":0.0,"damage_taken":0.0},{"damage_healed":0.0,"max_hp_gain":0.0,"max_hp_loss":0.0,"gold_gain":222.0,"event_name":"Tomb of Lord Red Mask","player_choice":"Wore Mask","floor":36.0,"gold_loss":0.0,"damage_taken":0.0},{"damage_healed":0.0,"max_hp_gain":0.0,"max_hp_loss":0.0,"gold_gain":0.0,"event_name":"Upgrade Shrine","player_choice":"Upgraded","floor":37.0,"gold_loss":0.0,"damage_taken":0.0,"cards_upgraded":["Prepared"]},{"cards_removed":["Defend_G"],"damage_healed":0,"gold_gain":0,"player_choice":"Purged","damage_taken":0,"max_hp_gain":0,"max_hp_loss":0,"event_name":"Purifier","floor":45,"gold_loss":0},{"damage_healed":0,"gold_gain":0,"player_choice":"Fight","damage_taken":0,"max_hp_gain":0,"max_hp_loss":0,"event_name":"MindBloom","floor":48,"gold_loss":0}],"is_beta":false,"boss_relics":[{"not_picked":["Pandora\u0027s Box","Ring of the Serpent"],"picked":"Calling Bell"},{"not_picked":["Snecko Eye","Empty Cage"],"picked":"Tiny House"}],"items_purged_floors":[14,21,38,53],"is_endless":false,"potions_floor_spawned":[1,2,3,7,16,22,25,35,39,40,48,54],"ascension_level":12}}