{"host":"uonldg9uriwfhjjx","time":1610686923,"event":{"mods":["AchievementEnabler","BaseMod","Minty Spire (QoL Compilation)","Relic Stats","StSLib","The Cursed"],"gold_per_floor":[110,129,149,12,29,29,29,29],"floor_reached":7,"language":"ENG","playtime":1296,"items_purged":[],"score":56,"play_id":"c8e2c41a-e72a-4888-9cc7-7940d9609cb0","local_time":"20210115000203","is_ascension_mode":true,"campfire_choices":[{"data":"TheCursedMod:CleanUpWorkshop","floor":6,"key":"SMITH"}],"circlet_count":0,"master_deck":["TheCursedMod:Strike_TheCursed","TheCursedMod:Strike_TheCursed","TheCursedMod:Strike_TheCursed","TheCursedMod:Strike_TheCursed","TheCursedMod:Defend_TheCursed","TheCursedMod:Defend_TheCursed","TheCursedMod:Defend_TheCursed","TheCursedMod:Defend_TheCursed","TheCursedMod:CursedWand","TheCursedMod:CleanUpWorkshop+1","TheCursedMod:Dregs","TheCursedMod:SurpriseAttack","TheCursedMod:CursedAmulet","TheCursedMod:CursedAmulet","Flash of Steel","TheCursedMod:RapidMovement","TheCursedMod:SpitefulStrike"],"relics":["TheCursedMod:BlackMagic101","NeowsBlessing"],"acts_visited":["Exordium"],"potions_floor_usage":[],"damage_taken":[{"damage":0,"enemies":"Cultist","floor":1,"turns":1},{"damage":0,"enemies":"Small Slimes","floor":2,"turns":1},{"damage":0,"enemies":"2 Louse","floor":3,"turns":1},{"damage":5,"enemies":"Gremlin Gang","floor":5,"turns":6},{"damage":73,"enemies":"Lagavulin","floor":7,"turns":14}],"seed_played":"7428999576702880029","potions_obtained":[{"floor":2,"key":"Dexterity Potion"}],"is_trial":false,"path_per_floor":["M","M","M","$","M","R","E"],"character_chosen":"THE_CURSED","items_purchased":["Flash of Steel","TheCursedMod:RapidMovement"],"campfire_rested":0,"item_purchase_floors":[4,4],"current_hp_per_floor":[68,68,68,68,63,63,0,0],"gold":29,"neow_bonus":"THREE_ENEMY_KILL","is_daily":false,"chose_seed":false,"campfire_upgraded":1,"win_rate":0.0,"timestamp":1610686923,"path_taken":["M","?","M","$","M","R","E"],"items_purchased_type":["Card","Card"],"build_version":"2020-12-22","purchased_purges":0,"victory":false,"max_hp_per_floor":[75,75,75,75,75,75,75,75],"relic_stats":{"counters":[5,23],"obtain_stats":[{"TheCursedMod:BlackMagic101":0,"NeowsBlessing":0},{"TheCursedMod:BlackMagic101":0,"NeowsBlessing":0},{"TheCursedMod:BlackMagic101":0,"NeowsBlessing":0}]},"card_choices":[{"not_picked":["TheCursedMod:RavingStaff","TheCursedMod:CircleOfAmplification"],"picked":"TheCursedMod:SurpriseAttack","floor":1},{"not_picked":["TheCursedMod:Stretching","TheCursedMod:CircleOfFlame"],"picked":"TheCursedMod:CursedAmulet","floor":2},{"not_picked":["TheCursedMod:TacticalStrike","TheCursedMod:BloodBarrier"],"picked":"TheCursedMod:CursedAmulet","floor":3},{"not_picked":["TheCursedMod:CursedBlade","TheCursedMod:Obscuration"],"picked":"TheCursedMod:SpitefulStrike","floor":5}],"player_experience":807912,"relics_obtained":[],"event_choices":[],"is_beta":false,"boss_relics":[],"items_purged_floors":[],"is_endless":false,"potions_floor_spawned":[2],"killed_by":"Lagavulin","ascension_level":6}}