{"host":"9tdk3zzhmpo6o3dg","time":1610698320,"event":{"mods":["AchievementEnabler","BaseMod","Downfall","Marisa£®ÏF”Í°°ƒß¿Ì…≥£©","Minty Spire (QoL Compilation)","Shop Mod","StSLib","The Cursed","The Marked","The Servant 0.9.4"],"gold_per_floor":[114,129,129,313,322,322,346,376,376,376,376],"floor_reached":10,"language":"ZHS","playtime":422,"items_purged":[],"score":66,"play_id":"ac31a504-c8fc-411e-ac1c-5c4c1bfeacc4","local_time":"20210115161200","daily_mods":["Shiny","Purple Cards","DeadlyEvents"],"is_ascension_mode":false,"campfire_choices":[{"data":"theMarked:Abjuration","floor":6,"key":"SMITH"}],"circlet_count":0,"master_deck":["theMarked:BindingBlade","theMarked:TurnInvisible","theMarked:Defy","theMarked:TakeOffHeels","theMarked:Abjuration+1","theMarked:SoldierForm","theMarked:MuscleMemory","theMarked:Levitate+1","theMarked:Challenge","theMarked:DispelDoubt","theMarked:MagicAdept","theMarked:ChannelForce+1","theMarked:FavorableWinds","theMarked:ThrowWeapon","theMarked:Vacuum","theMarked:EternalStudent","theMarked:SuspiciousRaven","theMarked:UnarmedFury","theMarked:Snap","theMarked:SummonStrength","theMarked:Parry","Doubt","Regret","theMarked:Indomitable"],"relics":["theMarked:ArtifactOfAir","CeramicFish","War Paint","Smiling Mask","StrikeDummy"],"acts_visited":["Exordium"],"potions_floor_usage":[],"damage_taken":[{"damage":0,"enemies":"Cultist","floor":1,"turns":2},{"damage":11,"enemies":"Jaw Worm","floor":2,"turns":2},{"damage":10,"enemies":"Small Slimes","floor":7,"turns":2},{"damage":11,"enemies":"Gremlin Nob","floor":8,"turns":3},{"damage":36,"enemies":"3 Sentries","floor":10,"turns":4}],"seed_played":"5830580211590973081","potions_obtained":[{"floor":7,"key":"champ:CounterPotion"},{"floor":8,"key":"BlessingOfTheForge"}],"is_trial":false,"path_per_floor":["M","M","?","?","?","R","M","E","T","E"],"character_chosen":"THE_DEFAULT","items_purchased":[],"campfire_rested":0,"item_purchase_floors":[],"current_hp_per_floor":[70,59,52,52,52,52,42,31,31,0,0],"gold":376,"neow_bonus":"","is_daily":true,"chose_seed":false,"campfire_upgraded":1,"win_rate":0.0,"timestamp":1610698320,"path_taken":["M","M","?","?","?","R","M","?","T","?"],"items_purchased_type":[],"build_version":"2020-12-22","purchased_purges":0,"victory":false,"max_hp_per_floor":[70,70,70,70,70,70,70,70,70,70,70],"card_choices":[{"not_picked":["theMarked:ResourceFulStrike","theMarked:HeritageOfTheMarked"],"picked":"theMarked:Parry","floor":1},{"not_picked":["theMarked:GodGivenPower","theMarked:EmpowerWeapon","theMarked:Polarize"],"picked":"SKIP","floor":2},{"not_picked":["theMarked:Parkour","theMarked:ResourceFulStrike"],"picked":"theMarked:Indomitable","floor":7},{"not_picked":["theMarked:SummonStrength","theMarked:ElectricStrings","theMarked:TwofoldDefense"],"picked":"SKIP","floor":8}],"player_experience":118060,"relics_obtained":[{"floor":8,"key":"Smiling Mask"},{"floor":9,"key":"StrikeDummy"}],"event_choices":[{"damage_healed":0,"gold_gain":0,"player_choice":"Success","damage_taken":7,"relics_obtained":["CeramicFish"],"max_hp_gain":0,"max_hp_loss":0,"event_name":"Scrap Ooze","floor":3,"gold_loss":0},{"damage_healed":0,"gold_gain":175,"player_choice":"AGREE","damage_taken":0,"max_hp_gain":0,"max_hp_loss":0,"event_name":"Liars Game","floor":4,"gold_loss":0,"cards_obtained":["Doubt"]},{"damage_healed":0,"gold_gain":0,"player_choice":"Box","damage_taken":0,"relics_obtained":["War Paint"],"max_hp_gain":0,"max_hp_loss":0,"event_name":"Big Fish","floor":5,"gold_loss":0,"cards_obtained":["Regret"]}],"is_beta":false,"boss_relics":[],"items_purged_floors":[],"is_endless":false,"potions_floor_spawned":[7,8],"killed_by":"3 Sentries","ascension_level":0}}