{"host":"ufl0k2so27eic2iy","time":1610698335,"event":{"mods":["BaseMod","Minty Spire (QoL Compilation)","StSLib","The Animator"],"gold_per_floor":[116,128,151,116,116,116,154,154,179,104,130,130,46,64,64,138,138,148,148,148],"floor_reached":19,"language":"ENG","playtime":721,"items_purged":["animator:Strike"],"score":306,"play_id":"c4ec8350-3859-4c37-af5a-0609f6bf28fa","local_time":"20210115081215","is_ascension_mode":true,"campfire_choices":[{"data":"animator:DwarfShaman","floor":6.0,"key":"SMITH"},{"data":"animator:Spearman","floor":8.0,"key":"SMITH"},{"data":"animator:SuzuneAmano","floor":12.0,"key":"SMITH"},{"data":"animator:ReineMurasame","floor":15.0,"key":"SMITH"}],"circlet_count":0,"master_deck":["AscendersBane","animator:LizardPriest","animator:DwarfShaman+1","animator:ReineMurasame+1","animator:LizardPriest","animator:SuzuneAmano+1","animator:Spearman+1","animator:TohkaYatogami","animator:MasamiIwasawa","animator:GoblinSlayer","animator:LizardPriest","animator:Mitsuba","animator:ShidoItsuka","animator:Witch","animator:MikuIzayoi","animator:SuzuneAmano","animator:SayakaMiki","animator:JunSakurada"],"relics":["animator:LivingPicture","animator:TheMissingPiece","Red Skull","Ornamental Fan","Whetstone","Dream Catcher","Gremlin Horn","Pandora\u0027s Box"],"acts_visited":["Exordium","TheCity"],"potions_floor_usage":[19],"damage_taken":[{"damage":6.0,"enemies":"Jaw Worm","floor":1.0,"turns":5.0},{"damage":2.0,"enemies":"2 Louse","floor":2.0,"turns":5.0},{"damage":1.0,"enemies":"Cultist","floor":3.0,"turns":5.0},{"damage":18.0,"enemies":"Lagavulin","floor":7.0,"turns":8.0},{"damage":11.0,"enemies":"Gremlin Nob","floor":11.0,"turns":4.0},{"damage":4.0,"enemies":"Looter","floor":14.0,"turns":4.0},{"damage":14.0,"enemies":"The Guardian","floor":16.0,"turns":12.0},{"damage":7,"enemies":"3 Byrds","floor":18,"turns":5},{"damage":0,"enemies":"Masked Bandits","floor":19,"turns":2}],"seed_played":"29900191368248791","potions_obtained":[{"floor":2.0,"key":"Block Potion"},{"floor":3.0,"key":"Weak Potion"},{"floor":16.0,"key":"LiquidBronze"}],"is_trial":false,"path_per_floor":["M","M","M","?","?","R","E","R","T","$","E","R","?","M","R","B",null,"M","?"],"character_chosen":"THE_ANIMATOR","items_purchased":[],"campfire_rested":0,"item_purchase_floors":[],"current_hp_per_floor":[48,46,45,60,60,60,42,42,42,42,31,31,31,27,27,14,49,42,42,42],"gold":148,"neow_bonus":"RANDOM_COMMON_RELIC","is_daily":false,"chose_seed":true,"campfire_upgraded":4,"win_rate":0.0,"timestamp":1610698335,"path_taken":["M","M","M","?","?","R","E","R","T","$","E","R","?","?","R","BOSS","M","?"],"items_purchased_type":[],"build_version":"2020-12-22","purchased_purges":1,"victory":false,"max_hp_per_floor":[60,60,60,60,60,60,60,60,60,60,60,60,60,60,60,61,61,61,61,61],"card_choices":[{"not_picked":["animator:Cocytus","animator:YachiyoNanami"],"picked":"animator:ReineMurasame","floor":1.0},{"not_picked":["animator:Yoichi","animator:Yusa"],"picked":"animator:LizardPriest","floor":2.0},{"not_picked":["animator:ReineMurasame","animator:SayakaMiki"],"picked":"animator:SuzuneAmano","floor":3.0},{"not_picked":["animator:HighElfArcher","animator:Priestess"],"picked":"animator:Spearman","floor":7.0},{"not_picked":["animator:Noda","animator:Hinaichigo"],"picked":"animator:TohkaYatogami","floor":11.0},{"not_picked":["animator:Shigure","animator:Cocytus"],"picked":"animator:MasamiIwasawa","floor":14.0},{"not_picked":["animator:MukuroHoshimiya","animator:SwordMaiden"],"picked":"animator:GoblinSlayer","floor":16.0},{"not_picked":["animator:Shigure","animator:Mitsuba+1"],"picked":"animator:JunSakurada","floor":18}],"player_experience":2448966,"relics_obtained":[{"floor":7.0,"key":"Ornamental Fan"},{"floor":9.0,"key":"Whetstone"},{"floor":11.0,"key":"Dream Catcher"}],"event_choices":[{"damage_healed":15.0,"max_hp_gain":0.0,"max_hp_loss":0.0,"gold_gain":0.0,"event_name":"The Cleric","player_choice":"Healed","floor":4.0,"gold_loss":35.0,"damage_taken":0.0},{"damage_healed":0.0,"max_hp_gain":0.0,"max_hp_loss":0.0,"gold_gain":0.0,"event_name":"Liars Game","player_choice":"Ignored","floor":5.0,"gold_loss":0.0,"damage_taken":0.0},{"damage_healed":0.0,"max_hp_gain":0.0,"max_hp_loss":0.0,"gold_gain":0.0,"event_name":"WeMeetAgain","player_choice":"Paid Gold","floor":13.0,"gold_loss":84.0,"damage_taken":0.0,"relics_obtained":["Gremlin Horn"]},{"damage_healed":0,"gold_gain":0,"player_choice":"Fought Bandits","damage_taken":0,"max_hp_gain":0,"max_hp_loss":0,"event_name":"Masked Bandits","floor":19,"gold_loss":0}],"is_beta":false,"boss_relics":[{"not_picked":["Empty Cage","Black Star"],"picked":"Pandora\u0027s Box"}],"items_purged_floors":[10],"is_endless":false,"potions_floor_spawned":[2,3,16],"killed_by":"Masked Bandits","ascension_level":15}}