{"host":"g01l53quoe6lrer0","time":1610675649,"event":{"mods":["2.2 Compatiblity","AchievementEnabler","BaseMod","Colored Map","Highlight Path","Keyboard Shortcuts","Minty Spire (QoL Compilation)","Permanent Neow","StSLib","SuperFastMode","everything is the same but u backflip on backflip"],"gold_per_floor":[114,133,152,166,182,207,207,222,275,285,285,285,361,80,80,80,80],"floor_reached":16,"language":"KOR","playtime":319,"items_purged":["Strike_B"],"score":198,"play_id":"ce182bf1-093e-40da-9046-37bd92c7a360","local_time":"20210115105409","is_ascension_mode":true,"campfire_choices":[{"floor":7.0,"key":"REST"},{"floor":12.0,"key":"DIG"},{"floor":15.0,"key":"DIG"}],"circlet_count":0,"master_deck":["AscendersBane","Strike_B","Strike_B","Defend_B","Defend_B","Defend_B","Defend_B","Zap","Dualcast","Sweeping Beam","Defragment","Aggregate","Coolheaded","Turbo","Auto Shields","Conserve Battery","Turbo","Hologram","Meteor Strike"],"relics":["Cracked Core","NeowsBlessing","Shovel","PreservedInsect","Smiling Mask","Pear","Matryoshka"],"acts_visited":["Exordium"],"potions_floor_usage":[16],"damage_taken":[{"damage":0.0,"enemies":"Cultist","floor":1.0,"turns":1.0},{"damage":0.0,"enemies":"Small Slimes","floor":2.0,"turns":1.0},{"damage":0.0,"enemies":"Jaw Worm","floor":3.0,"turns":1.0},{"damage":14.0,"enemies":"Blue Slaver","floor":4.0,"turns":4.0},{"damage":19.0,"enemies":"Exordium Wildlife","floor":5.0,"turns":6.0},{"damage":10.0,"enemies":"3 Sentries","floor":6.0,"turns":8.0},{"damage":3.0,"enemies":"Looter","floor":8.0,"turns":4.0},{"damage":6.0,"enemies":"2 Fungi Beasts","floor":10.0,"turns":4.0},{"damage":21,"enemies":"The Guardian","floor":16,"turns":7}],"seed_played":"4205455397399801473","potions_obtained":[{"floor":1.0,"key":"Explosive Potion"},{"floor":3.0,"key":"GamblersBrew"},{"floor":5.0,"key":"FocusPotion"},{"floor":6.0,"key":"Strength Potion"}],"is_trial":false,"path_per_floor":["M","M","M","M","M","E","R","M","T","M","?","R","T","$","R","B"],"character_chosen":"DEFECT","items_purchased":["Hologram","Meteor Strike"],"campfire_rested":1,"item_purchase_floors":[14,14],"current_hp_per_floor":[64,64,64,50,31,21,42,39,39,33,26,26,36,36,36,15,15],"gold":80,"neow_bonus":"THREE_ENEMY_KILL","is_daily":false,"chose_seed":false,"campfire_upgraded":0,"win_rate":0.0,"timestamp":1610675649,"path_taken":["M","M","M","M","?","E","R","M","T","M","?","R","?","?","R","BOSS"],"items_purchased_type":["Card","Card"],"build_version":"2020-12-22","purchased_purges":1,"victory":false,"max_hp_per_floor":[71,71,71,71,71,71,71,71,71,71,71,71,81,81,81,81,81],"card_choices":[{"not_picked":["Doom and Gloom","Beam Cell"],"picked":"Sweeping Beam","floor":1.0},{"not_picked":["Go for the Eyes","Rebound"],"picked":"Defragment","floor":2.0},{"not_picked":["Melter","Go for the Eyes"],"picked":"Aggregate","floor":3.0},{"not_picked":["Melter","Stack"],"picked":"Coolheaded","floor":4.0},{"not_picked":["Redo","Force Field"],"picked":"Turbo","floor":5.0},{"not_picked":["Coolheaded","Recycle"],"picked":"Auto Shields","floor":6.0},{"not_picked":["Beam Cell","Hello World"],"picked":"Conserve Battery","floor":8.0},{"not_picked":["Multi-Cast","Streamline"],"picked":"Turbo","floor":10.0}],"player_experience":201090,"relics_obtained":[{"floor":6.0,"key":"Shovel"},{"floor":9.0,"key":"PreservedInsect"},{"floor":12.0,"key":"Smiling Mask"},{"floor":13.0,"key":"Pear"},{"floor":15.0,"key":"Matryoshka"}],"event_choices":[{"cards_removed":["Strike_B"],"damage_healed":0.0,"max_hp_gain":0.0,"max_hp_loss":0.0,"gold_gain":0.0,"event_name":"Golden Wing","player_choice":"Card Removal","floor":11.0,"gold_loss":0.0,"damage_taken":7.0}],"is_beta":false,"boss_relics":[],"items_purged_floors":[14],"is_endless":false,"potions_floor_spawned":[1,3,5,6],"killed_by":"The Guardian","ascension_level":18}}