{"host":"5qewjvycy34u7aeo","time":1610712137,"event":{"mods":["Act Like it!","Aspiration","BaseMod","Conspire","Downfall","GifTheSpireLib","Hubris","Infinite Spire","Minty Spire (QoL Compilation)","Permanent Neow","Replay The Spire","Shop Mod","StSLib","Stuff the Spire"],"gold_per_floor":[99,110,129,129,39,56,56,76,76,93,109,123,48,58,69,69,69],"floor_reached":16,"language":"ENG","playtime":1138,"items_purged":["champ:Strike"],"score":98,"play_id":"052fd048-d037-492e-8f40-311f8c1e44b5","local_time":"20210115060217","is_ascension_mode":false,"campfire_choices":[{"floor":1.0,"key":"RECALL"},{"data":"champ:ShieldThrow","floor":13.0,"key":"SMITH"}],"circlet_count":0,"master_deck":["hexamod:SixthSeal","champ:Strike+1","champ:Strike+1","champ:Strike+1","champ:Defend+1","champ:Defend+1","champ:Defend+1","champ:Defend+1","champ:Execute+1","champ:Taunt","champ:FocusedDefense+1","Injury","Ghostly Armor+1","Shrug It Off+1","StuffTheSpire:BloodClot+1","champ:Encircle+1","champ:EnGarde+1","champ:ShieldThrow+1","Metallicize"],"relics":["aspiration:IroncladSkillbook","Toxic Egg 2","Kunai","downfall:HeartBlessingRed"],"acts_visited":["Exordium"],"potions_floor_usage":[16],"damage_taken":[{"damage":34.0,"enemies":"infinitespire:Voidling","floor":2.0,"turns":5.0},{"damage":16.0,"enemies":"Small Slimes","floor":3.0,"turns":3.0},{"damage":15.0,"enemies":"downfall:FleeingMerchant","floor":5.0,"turns":4.0},{"damage":5.0,"enemies":"Jaw Worm","floor":6.0,"turns":5.0},{"damage":8.0,"enemies":"3 Louse","floor":8.0,"turns":5.0},{"damage":22.0,"enemies":"Exordium Wildlife","floor":10.0,"turns":9.0},{"damage":5.0,"enemies":"2 Fungi Beasts","floor":11.0,"turns":5.0},{"damage":8.0,"enemies":"3 Louse","floor":12.0,"turns":3.0},{"damage":24,"enemies":"Large Slime","floor":14,"turns":6},{"damage":10,"enemies":"Red Slaver","floor":15,"turns":5},{"damage":38,"enemies":"downfall:Defect","floor":16,"turns":8}],"seed_played":"-1080961157254112393","potions_obtained":[{"floor":2.0,"key":"Ancient Potion"},{"floor":3.0,"key":"Fire Potion"},{"floor":8.0,"key":"Ancient Potion"},{"floor":14,"key":"sneckomod:MuddlingPotion"}],"is_trial":false,"path_per_floor":["R","M","M","?","$","M","T","M","?","M","M","M","R","M","M","B"],"character_chosen":"THE_CHAMP","items_purchased":[],"campfire_rested":0,"item_purchase_floors":[],"current_hp_per_floor":[90,68,61,61,60,64,64,60,65,52,58,58,58,38,37,0,0,0],"gold":69,"neow_bonus":"BOSS_RELIC","is_daily":false,"chose_seed":false,"campfire_upgraded":1,"win_rate":0.0,"timestamp":1610712137,"path_taken":["R","M","?","?","?","M","T","?","?","M","M","M","R","M","M","BOSS"],"items_purchased_type":[],"build_version":"2020-12-22","purchased_purges":1,"victory":false,"max_hp_per_floor":[90,90,90,90,90,90,90,90,95,95,95,95,95,95,95,95,95,95],"card_choices":[{"not_picked":["Reckless Charge","Spot Weakness","Iron Wave","StuffTheSpire:RockThrow"],"picked":"SKIP","floor":2.0},{"not_picked":["ReplayTheSpireMod:Strike From Hell","champ:CrookedStrike","Armaments"],"picked":"champ:FocusedDefense","floor":3.0},{"not_picked":["Havoc+1","Dark Embrace","Rage+1"],"picked":"Ghostly Armor+1","floor":5.0},{"not_picked":["StuffTheSpire:Slingshot","StuffTheSpire:RagingBull","champ:PreciseThrust"],"picked":"Shrug It Off+1","floor":6.0},{"not_picked":["StuffTheSpire:Pyroclast","champ:Circumvent+1","hubris:SharpeningStone+1"],"picked":"StuffTheSpire:BloodClot+1","floor":8.0},{"not_picked":["Bloodletting+1","champ:HeartStrike","Clash"],"picked":"champ:Encircle","floor":10.0},{"not_picked":["Armaments+1","champ:PerfectedStrike","champ:Backstep+1"],"picked":"champ:EnGarde+1","floor":11.0},{"not_picked":["champ:FaceSlap","Pummel","Carnage"],"picked":"champ:ShieldThrow","floor":12.0},{"not_picked":["conspire:Charge","champ:AdrenalArmor+1","champ:GladiatorsShout+1"],"picked":"Metallicize","floor":14},{"not_picked":["Havoc+1","Shrug It Off+1","StuffTheSpire:Resist","champ:BerserkersShout+1"],"picked":"SKIP","floor":15}],"player_experience":426940,"relics_obtained":[{"floor":7.0,"key":"Kunai"}],"event_choices":[{"damage_healed":0.0,"max_hp_gain":5.0,"max_hp_loss":0.0,"gold_gain":0.0,"event_name":"Big Fish","player_choice":"Donut","floor":9.0,"gold_loss":0.0,"damage_taken":0.0}],"is_beta":false,"boss_relics":[],"items_purged_floors":[5],"is_endless":false,"potions_floor_spawned":[2,3,8,11,14],"killed_by":"downfall:Defect","ascension_level":0}}