{"host":"cjhtzh7tp54jdfyv","time":1610733052,"event":{"mods":["AchievementEnabler","BaseMod","Colored Map","Colored Powertips","Curses Come First","DeckTracker","Filter the Spire","Minty Spire (QoL Compilation)","RNG Fix","Relic Sorter","Relic Stats","StSLib","UnlockEverythingMod","ojb\u0027s Better Paths Mod","ojb\u0027s Info Mod"],"gold_per_floor":[216,234,249,45,45,45,73,92,92,106,120,130,130,158,158,158,158],"floor_reached":16,"language":"ENG","playtime":964,"items_purged":["Strike_G"],"score":208,"play_id":"0cd36363-0b3f-4f81-81d2-eb7faaeb4825","local_time":"20210115125052","is_ascension_mode":true,"campfire_choices":[{"data":"Catalyst","floor":6,"key":"SMITH"},{"floor":13,"key":"REST"},{"data":"Noxious Fumes","floor":15,"key":"SMITH"}],"circlet_count":0,"master_deck":["AscendersBane","Strike_G","Strike_G","Strike_G","Defend_G","Defend_G","Defend_G","Defend_G","Defend_G","Survivor","Neutralize","Endless Agony","Deadly Poison","Catalyst+1","Well Laid Plans","Noxious Fumes+1","Bouncing Flask","Backflip","Escape Plan","Concentrate","Grand Finale","Backstab"],"relics":["Ring of the Snake","Prayer Wheel","Odd Mushroom"],"acts_visited":["Exordium"],"potions_floor_usage":[7,12,14],"damage_taken":[{"damage":12,"enemies":"Cultist","floor":1,"turns":6},{"damage":0,"enemies":"2 Louse","floor":2,"turns":4},{"damage":9,"enemies":"Jaw Worm","floor":3,"turns":5},{"damage":10,"enemies":"Lagavulin","floor":7,"turns":5},{"damage":1,"enemies":"Looter","floor":8,"turns":3},{"damage":3,"enemies":"Exordium Wildlife","floor":10,"turns":5},{"damage":0,"enemies":"Blue Slaver","floor":11,"turns":5},{"damage":11,"enemies":"Gremlin Gang","floor":12,"turns":8},{"damage":8,"enemies":"The Mushroom Lair","floor":14,"turns":4},{"damage":17,"enemies":"The Guardian","floor":16,"turns":2}],"seed_played":"875120356034789266","potions_obtained":[{"floor":2,"key":"SteroidPotion"},{"floor":8,"key":"SkillPotion"}],"is_trial":false,"path_per_floor":["M","M","M","$","?","R","E","M","T","M","M","M","R","?","R","B"],"character_chosen":"THE_SILENT","items_purchased":["Well Laid Plans","Fire Potion"],"campfire_rested":1,"item_purchase_floors":[4,4],"current_hp_per_floor":[47,47,38,38,31,31,21,20,20,17,17,6,25,17,17,0,0],"gold":158,"neow_bonus":"HUNDRED_GOLD","is_daily":false,"chose_seed":false,"campfire_upgraded":2,"win_rate":0.0,"timestamp":1610733052,"path_taken":["M","M","M","$","?","R","E","M","T","?","M","M","R","?","R","BOSS"],"items_purchased_type":["Card","Potion"],"build_version":"2020-12-22","purchased_purges":1,"victory":false,"max_hp_per_floor":[66,66,66,66,66,66,66,66,66,66,66,66,66,66,66,66,66],"relic_stats":{"counters":[10,47],"Prayer Wheel":4,"obtain_stats":[{"Prayer Wheel":7,"Odd Mushroom":14,"Ring of the Snake":0},{"Prayer Wheel":4,"Odd Mushroom":9,"Ring of the Snake":0},{"Prayer Wheel":20,"Odd Mushroom":45,"Ring of the Snake":0}],"Ring of the Snake":[22]},"card_choices":[{"not_picked":["Quick Slash","Flying Knee"],"picked":"Endless Agony","floor":1},{"not_picked":["PiercingWail","Deflect"],"picked":"Deadly Poison","floor":2},{"not_picked":["Poisoned Stab","Blade Dance"],"picked":"Catalyst","floor":3},{"not_picked":["Endless Agony","Flechettes"],"picked":"Noxious Fumes","floor":7},{"not_picked":["Riddle With Holes","Terror"],"picked":"Bouncing Flask","floor":8},{"not_picked":["Concentrate","Eviscerate"],"picked":"Backflip","floor":8},{"not_picked":["Well Laid Plans","Endless Agony"],"picked":"Escape Plan","floor":10},{"not_picked":["Outmaneuver","Deflect","Slice"],"picked":"SKIP","floor":10},{"not_picked":["Cloak And Dagger","Outmaneuver"],"picked":"Concentrate","floor":11},{"not_picked":["Prepared","Sucker Punch","Well Laid Plans"],"picked":"SKIP","floor":11},{"not_picked":["Bane","Calculated Gamble"],"picked":"Grand Finale","floor":12},{"not_picked":["Outmaneuver","Slice","Deflect"],"picked":"SKIP","floor":12},{"not_picked":["Outmaneuver","Slice","Deflect"],"picked":"SKIP","floor":12},{"not_picked":["Deadly Poison","Outmaneuver"],"picked":"Backstab","floor":14}],"player_experience":4554045,"relics_obtained":[{"floor":7,"key":"Prayer Wheel"},{"floor":14,"key":"Odd Mushroom"}],"event_choices":[{"cards_removed":["Strike_G"],"damage_healed":0,"gold_gain":0,"player_choice":"Card Removal","damage_taken":7,"max_hp_gain":0,"max_hp_loss":0,"event_name":"Golden Wing","floor":5,"gold_loss":0},{"damage_healed":0,"gold_gain":0,"player_choice":"Fought Mushrooms","damage_taken":0,"max_hp_gain":0,"max_hp_loss":0,"event_name":"Mushrooms","floor":14,"gold_loss":0}],"is_beta":false,"boss_relics":[],"items_purged_floors":[4],"is_endless":false,"potions_floor_spawned":[2,8,10],"killed_by":"The Guardian","ascension_level":20}}