{"host":"7bzprrpqr2usgpra","time":1610691515,"event":{"mods":["ATMod(阿瑾Mod)","BaseMod","BetterRewards","Dota2Spire","HololiveMod","Lobotomy","Minty Spire (QoL Compilation)","MostiFishMod","Quick Restart","Spicy Shops","StSLib","TestMod","TheWitcher","[IsaacMod]以撒尖塔","【遗物卡牌】REMEMod"],"gold_per_floor":[112,112,122,138,488,519,533,559,559,578,593,593,613,643,643,714,714,725,735,785,805,817,848,848,868,868,878,911,911,938,950,950,1024,1024,1039,240,258,258,258,284,304,122,146,173,173,218,243,258,258,258,258,258,86,113,113],"floor_reached":56,"language":"ZHS","playtime":1889,"items_purged":[],"score":2317,"play_id":"e01b570f-2f72-4a7f-9bef-b68a1d1b5211","local_time":"20210115141835","is_ascension_mode":true,"campfire_choices":[{"data":"AT_FamilyPortrait","floor":12.0,"key":"SMITH"},{"data":"MostiFishMod:WingOfPhoenix","floor":15.0,"key":"SMITH"},{"data":"MostiFishMod:FireWorks","floor":24.0,"key":"SMITH"},{"data":"REME_Fury","floor":29.0,"key":"SMITH"},{"data":"MostiFishMod:Chiaki","floor":32.0,"key":"SMITH"},{"floor":49.0,"key":"RECALL"},{"data":"Corruption","floor":52.0,"key":"SMITH"}],"circlet_count":0,"master_deck":["AscendersBane","Strike_R","Strike_R","Strike_R","Strike_R","Strike_R","Defend_R","Defend_R","Defend_R","Defend_R","Bash","AT_FamilyPortrait+1","AT_FamilyPortrait+1","MostiFishMod:#F4004","Heavy Blade","Doubt","Bludgeon","Sword Boomerang","Warcry","Twin Strike","MostiFishMod:WingOfPhoenix+1","MostiFishMod:Chiaki+1","Warcry","Inflame","MostiFishMod:FireWorks+1","Blood for Blood","REME_Fury+1","AT_DiedThrough","Seeing Red","AT_CaressingTears","Cleave","Uppercut","AT_ManFootWork","Corruption+1","AT_IchimonjiDouble","MostiFishMod:Kaleido","Second Wind+1","Whirlwind","REME_Scribble+1","MostiFishMod:Mottled","AT_DrawKnifeCut","AT_PowerWithin","Mayhem","Pummel","Clash+1","Heavy Blade"],"relics":["AT_ATBox","testmod-TestBox","HushsDoor","REME_ComplimentaryCards","REME_DemonsWealth","RhineSuit","YumHeart","testmod-Fanaticism","SynthV:TestCard","Bag of Preparation","GnawedLeaf","Leech","Philosopher\u0027s Stone","testmod-ArcanaOfDestiny","Dota2Spire:MaskOfMadness","Shuriken","Pantograph","AT_BladeRuinedKing","Hololive_LightStick","testmod-IncinerationGenerator","BookofShadows","Dota2Spire:PowerTreads","Strange Spoon","DaveBox","PatriotShield","REME_HourglassOfDeath","SynthV:C4","AT_ChloranthyRing","CaptainsWheel","testmod-IndustrialRevolution","BrkXgEgg","testmod-Hope"],"acts_visited":["Exordium","TheCity","TheBeyond","TheEnding"],"potions_floor_usage":[55,55],"damage_taken":[{"damage":0.0,"enemies":"Small Slimes","floor":1.0,"turns":2.0},{"damage":0.0,"enemies":"2 Louse","floor":3.0,"turns":2.0},{"damage":0.0,"enemies":"Cultist","floor":4.0,"turns":2.0},{"damage":0.0,"enemies":"3 Sentries","floor":6.0,"turns":4.0},{"damage":0.0,"enemies":"3 Louse","floor":7.0,"turns":1.0},{"damage":0.0,"enemies":"Large Slime","floor":10.0,"turns":2.0},{"damage":0.0,"enemies":"Blue Slaver","floor":11.0,"turns":1.0},{"damage":0.0,"enemies":"Exordium Thugs","floor":13.0,"turns":2.0},{"damage":30.0,"enemies":"Lagavulin","floor":14.0,"turns":6.0},{"damage":42.0,"enemies":"Hexaghost","floor":16.0,"turns":3.0},{"damage":0.0,"enemies":"Chosen","floor":18.0,"turns":2.0},{"damage":60.0,"enemies":"2 Thieves","floor":19.0,"turns":4.0},{"damage":0.0,"enemies":"Hiden Room Battle","floor":20.0,"turns":2.0},{"damage":0.0,"enemies":"Centurion and Healer","floor":21.0,"turns":2.0},{"damage":4.0,"enemies":"Cultist and Chosen","floor":22.0,"turns":2.0},{"damage":4.0,"enemies":"REME_1_Revenger","floor":23.0,"turns":2.0},{"damage":4.0,"enemies":"Snecko","floor":25.0,"turns":2.0},{"damage":54.0,"enemies":"Snake Plant","floor":27.0,"turns":2.0},{"damage":23.0,"enemies":"Slavers","floor":28.0,"turns":3.0},{"damage":0.0,"enemies":"Gremlin Leader","floor":30.0,"turns":2.0},{"damage":0.0,"enemies":"3 Cultists","floor":31.0,"turns":2.0},{"damage":0.0,"enemies":"Automaton","floor":33.0,"turns":2.0},{"damage":0.0,"enemies":"Orb Walker","floor":35.0,"turns":1.0},{"damage":25.0,"enemies":"3 Shapes","floor":37.0,"turns":2.0},{"damage":0.0,"enemies":"Nemesis","floor":40.0,"turns":1.0},{"damage":0.0,"enemies":"Maw","floor":41.0,"turns":2.0},{"damage":8.0,"enemies":"Reptomancer","floor":44.0,"turns":2.0},{"damage":0.0,"enemies":"2 Orb Walkers","floor":46.0,"turns":1.0},{"damage":0.0,"enemies":"Nemesis","floor":47.0,"turns":1.0},{"damage":0.0,"enemies":"3 Darklings","floor":48.0,"turns":2.0},{"damage":7.0,"enemies":"Awakened One","floor":50.0,"turns":4.0},{"damage":0.0,"enemies":"Shield and Spear","floor":54.0,"turns":1.0},{"damage":191,"enemies":"Delirium","floor":55,"turns":5}],"seed_played":"-6444150853828270958","potions_obtained":[{"floor":1.0,"key":"ElixirPotion"},{"floor":4.0,"key":"BlessingOfTheForge"},{"floor":21.0,"key":"ColorlessPotion"},{"floor":28.0,"key":"Ancient Potion"},{"floor":33.0,"key":"REME_GoldPotion"},{"floor":37.0,"key":"LiquidBronze"},{"floor":54.0,"key":"AttackPotion"}],"is_trial":false,"path_per_floor":["M","?","M","M","?","E","M","T","T","M","M","R","M","E","R","B",null,"M","M","?","M","M","E","R","M","T","M","E","R","E","M","R","B",null,"M","$","M","?","?","E","M","$","T","E","?","?","E","M","R","B",null,"R","$","E","B",null],"character_chosen":"IRONCLAD","items_purchased":["BookofShadows","Dota2Spire:PowerTreads","Strange Spoon","MostiFishMod:Kaleido","MostiFishMod:Mottled","BrkXgEgg"],"campfire_rested":0,"item_purchase_floors":[36,36,36,36,42,53],"current_hp_per_floor":[68,68,68,68,68,70,71,71,71,71,71,71,71,75,75,38,66,68,48,50,59,75,75,75,73,73,28,33,33,61,63,63,72,72,72,72,52,52,37,62,63,63,63,78,68,68,68,69,69,81,81,81,81,81,87],"gold":113,"neow_bonus":"BOSS_RELIC","is_daily":false,"chose_seed":false,"campfire_upgraded":6,"win_rate":0.0,"timestamp":1610691515,"path_taken":["M","?","M","?","?","E","M","?","T","M","M","R","?","E","R","BOSS","M","M","?","?","M","E","R","M","T","?","E","R","E","M","R","BOSS","M","$","M","?","?","E","M","$","T","E","?","?","E","M","R","BOSS","R","$","E","BOSS"],"items_purchased_type":["Relic","Relic","Relic","Card","Card","Relic"],"build_version":"2020-12-22","purchased_purges":0,"victory":true,"max_hp_per_floor":[75,75,75,75,75,75,75,75,75,75,75,75,75,75,75,75,75,75,75,75,75,75,75,75,75,75,72,72,72,72,72,72,72,72,72,72,72,72,72,72,72,72,72,78,78,78,78,78,78,81,81,81,81,81,87],"card_choices":[{"not_picked":["True Grit","Power Through","AT_BodySlamDance","SnafuTest:CurseHeatDeath"],"picked":"SKIP","floor":1.0},{"not_picked":["Iron Wave","Body Slam","Pommel Strike","Corruption","SnafuTest:CurseRandom"],"picked":"MostiFishMod:#F4004","floor":3.0},{"not_picked":["Rampage","Headbutt","Clothesline","REME_Cut","SnafuTest:CurseImprisonment"],"picked":"Heavy Blade","floor":4.0},{"not_picked":["Pommel Strike","Clash","Headbutt","Rampage","Injury"],"picked":"Bludgeon","floor":6.0},{"not_picked":["Body Slam","Warcry","Burning Pact","Hemokinesis","Normality"],"picked":"Bomb","floor":7.0},{"not_picked":["Searing Blow","Flex","Twin Strike","Headbutt","Writhe"],"picked":"Sword Boomerang","floor":10.0},{"not_picked":["AT_GerminateFire","Bloodletting","Clash","Wild Strike","Normality"],"picked":"Warcry","floor":11.0},{"not_picked":["Shockwave","True Grit","Havoc","Burning Pact","Normality"],"picked":"Twin Strike","floor":13.0},{"not_picked":["Twin Strike","Burning Pact","Dual Wield","AT_IchimonjiDouble","Normality"],"picked":"MostiFishMod:WingOfPhoenix","floor":14.0},{"not_picked":["REME_ACTH","Impervious","MostiFishMod:Mania","REME_Fury","SnafuTest:CurseDisclosure"],"picked":"MostiFishMod:Chiaki","floor":16.0},{"not_picked":["Headbutt","Flex","AT_DiedThrough","Body Slam","SnafuTest:CursePact"],"picked":"Warcry","floor":18.0},{"not_picked":["Havoc+1","Thunderclap","Warcry","Heavy Blade","SnafuTest:CurseSurrender"],"picked":"Inflame","floor":19.0},{"not_picked":["Perfected Strike","Wild Strike","Thunderclap","Disarm","Decay"],"picked":"MostiFishMod:FireWorks","floor":20.0},{"not_picked":["Shrug It Off","Intimidate","Twin Strike","Carnage+1","Decay"],"picked":"Blood for Blood","floor":21.0},{"not_picked":["Perfected Strike","Shrug It Off","Sentinel","Battle Trance","SnafuTest:CurseWeakArmy"],"picked":"REME_Fury","floor":22.0},{"not_picked":["Havoc","AT_GerminateFire","Iron Wave","Perfected Strike","Normality"],"picked":"AT_DiedThrough","floor":23.0},{"not_picked":["Entrench","Twin Strike+1","Sever Soul+1","Dual Wield","SnafuTest:CurseRiot"],"picked":"Seeing Red","floor":25.0},{"not_picked":["Armaments","Sever Soul","Heavy Blade","AT_IchimonjiDouble+1","SnafuTest:CurseRandom"],"picked":"AT_CaressingTears","floor":27.0},{"not_picked":["Dual Wield","Sword Boomerang","True Grit","REME_Cut","SnafuTest:CurseHeatDeath"],"picked":"Cleave","floor":28.0},{"not_picked":["Perfected Strike","True Grit+1","Evolve","Sword Boomerang","Decay"],"picked":"Uppercut","floor":30.0},{"not_picked":["Rampage","Twin Strike","Cleave","Entrench","SnafuTest:CurseImprisonment"],"picked":"AT_ManFootWork","floor":31.0},{"not_picked":["MostiFishMod:DarkDeal","MostiFishMod:HellRitual","MostiFishMod:WingOfPhoenix","REME_TheLastStrike","Regret"],"picked":"Corruption","floor":33.0},{"not_picked":["Headbutt","Intimidate","Fire Breathing+1","Anger","Pain"],"picked":"AT_IchimonjiDouble","floor":35.0},{"not_picked":["Power Through","Hemokinesis","Flex","Infernal Blade+1","SnafuTest:CurseRandom"],"picked":"Second Wind+1","floor":37.0},{"not_picked":["Burning Pact+1","Headbutt","Blood for Blood","Warcry","Parasite"],"picked":"Whirlwind","floor":40.0},{"not_picked":["MostiFishMod:Chiaki","Heavy Blade","Carnage","Pommel Strike","SnafuTest:CurseDisclosure"],"picked":"REME_Scribble+1","floor":41.0},{"not_picked":["Rampage","AT_IchimonjiDouble+1","Second Wind","Clash","Parasite"],"picked":"AT_DrawKnifeCut","floor":44.0},{"not_picked":["Bomb","testmod-HeadAttack","REME_MagicPocketWatch","Trip"],"picked":"AT_PowerWithin","floor":45.0},{"not_picked":["MostiFishMod:ButterFly","MostiFishMod:SupremeArchaeology","BettingIsNotGood","Jack Of All Trades"],"picked":"Mayhem","floor":45.0},{"not_picked":["REME_BuildACard","testmod-Provocation","testmod-Reflect","Deep Breath"],"picked":"ChaosCard","floor":45.0},{"not_picked":["Armaments","Clash","True Grit+1","REME_Cut","Hololive_RevenueRecovery"],"picked":"Pummel","floor":46.0},{"not_picked":["Juggernaut","Twin Strike","Warcry+1","REME_Scribble+1","Pain"],"picked":"Clash+1","floor":47.0},{"not_picked":["Evolve","Headbutt","Anger","Shrug It Off","AT_IchimonjiDouble","SnafuTest:CursePact"],"picked":"SKIP","floor":48.0},{"not_picked":["Perfected Strike","Combust","Warcry","Cleave","SnafuTest:CurseDisclosure"],"picked":"Heavy Blade","floor":54.0}],"player_experience":254104,"relics_obtained":[{"floor":1.0,"key":"SynthV:TestCard"},{"floor":6.0,"key":"Bag of Preparation"},{"floor":9.0,"key":"GnawedLeaf"},{"floor":14.0,"key":"Leech"},{"floor":20.0,"key":"testmod-ArcanaOfDestiny"},{"floor":20.0,"key":"Dota2Spire:MaskOfMadness"},{"floor":23.0,"key":"Shuriken"},{"floor":26.0,"key":"Pantograph"},{"floor":28.0,"key":"AT_BladeRuinedKing"},{"floor":30.0,"key":"Hololive_LightStick"},{"floor":40.0,"key":"REME_HourglassOfDeath"},{"floor":43.0,"key":"SynthV:C4"},{"floor":44.0,"key":"AT_ChloranthyRing"},{"floor":46.0,"key":"CaptainsWheel"},{"floor":47.0,"key":"testmod-IndustrialRevolution"},{"floor":54.0,"key":"testmod-Hope"}],"event_choices":[{"damage_healed":0.0,"max_hp_gain":0.0,"max_hp_loss":0.0,"gold_gain":150.0,"event_name":"Liars Game","player_choice":"AGREE","floor":5.0,"gold_loss":0.0,"damage_taken":0.0,"cards_obtained":["Doubt"]},{"damage_healed":0.0,"max_hp_gain":0.0,"max_hp_loss":0.0,"gold_gain":0.0,"event_name":"HidenRoomEvent","player_choice":"Fight","floor":20.0,"gold_loss":0.0,"damage_taken":0.0},{"damage_healed":0.0,"max_hp_gain":0.0,"max_hp_loss":0.0,"gold_gain":0.0,"event_name":"给自己的盒子","player_choice":"Swap Relic","floor":38.0,"relics_lost":["DaveBox"],"gold_loss":0.0,"damage_taken":0.0,"relics_obtained":["DaveBox"]},{"damage_healed":0.0,"max_hp_gain":0.0,"max_hp_loss":0.0,"gold_gain":0.0,"event_name":"SensoryStone","player_choice":"Memory 3","floor":45.0,"gold_loss":0.0,"damage_taken":10.0},{"damage_healed":0.0,"max_hp_gain":0.0,"max_hp_loss":0.0,"gold_gain":0.0,"event_name":"Mysterious Sphere","player_choice":"Fight","floor":46.0,"gold_loss":0.0,"damage_taken":0.0}],"is_beta":false,"boss_relics":[{"not_picked":["Astrolabe","Runic Cube"],"picked":"Philosopher\u0027s Stone"},{"not_picked":[]},{"not_picked":["GuanYuAspect","Hololive_TopUpMoneyS"],"picked":"testmod-IncinerationGenerator"},{"not_picked":[]}],"items_purged_floors":[],"is_endless":false,"potions_floor_spawned":[1,4,10,13,19,20,21,22,28,31,33,37,44,47,48,54],"ascension_level":17}}