{"host":"x7btokbb0w2jhl7e","time":1610701621,"event":{"mods":["ATMod(°¢èªMod)","Act Like it!","BaseMod","Bestiary","Gensokyo","Minty Spire (QoL Compilation)","Quick Restart","StSLib"],"gold_per_floor":[118,43,43,60,160,188,188,88,112,147,47,47,60,78,78,153,153,169,187,52,62,62,62,87,87,87,87,87,112,124,136,136,212,212,227,227,227,102,102,135,148,182,206,225,225,225,260,270,270,270,270,270,270,120,146,146],"floor_reached":57,"language":"ZHS","playtime":2788,"items_purged":["Strike_G","Strike_G","Defend_G","Survivor+1"],"score":3297,"play_id":"20c40001-763e-4931-83ed-89ad25a18822","local_time":"20210115170701","is_ascension_mode":true,"campfire_choices":[{"data":"Accuracy","floor":7.0,"key":"SMITH"},{"floor":12.0,"key":"RECALL"},{"data":"Blade Dance","floor":15.0,"key":"SMITH"},{"data":"Prepared","floor":23.0,"key":"SMITH"},{"data":"Acrobatics","floor":27.0,"key":"SMITH"},{"data":"Adrenaline","floor":32.0,"key":"SMITH"},{"data":"Tactician","floor":46.0,"key":"SMITH"},{"data":"Escape Plan","floor":49.0,"key":"SMITH"},{"data":"Survivor","floor":53,"key":"SMITH"}],"circlet_count":0,"master_deck":["AscendersBane","Defend_G","Defend_G","Defend_G+1","Neutralize+1","AT_FamilyPortrait","Accuracy+1","Infinite Blades","Blade Dance+1","After Image","Prepared+1","Acrobatics+1","Escape Plan+1","Adrenaline+1","Gensokyo:LifeSpringInfinity+1","Tactician+1"],"relics":["Ring of the Snake","AT_ATBox","NeowsBlessing","Orichalcum","Gremlin Horn","Happy Flower","Pantograph","HoveringKite","Medical Kit","AT_BellowingDragoncrestRing","AT_RedTearstoneRing","AT_TrinityForce","Bag of Preparation","AT_SilvercatRing","Molten Egg 2","Bag of Marbles","Shuriken"],"acts_visited":["Gensokyo:Gensokyo","Gensokyo:Gensokyoer","Gensokyo:Gensokyoest","TheEnding"],"potions_floor_usage":[56,56],"damage_taken":[{"damage":0.0,"enemies":"Gensokyo:3_Fairies","floor":1.0,"turns":1.0},{"damage":0.0,"enemies":"Gensokyo:Python","floor":4.0,"turns":1.0},{"damage":0.0,"enemies":"Gensokyo:Cirno","floor":6.0,"turns":2.0},{"damage":7.0,"enemies":"Gensokyo:Aya","floor":10.0,"turns":6.0},{"damage":1.0,"enemies":"Gensokyo:Gryphon","floor":13.0,"turns":4.0},{"damage":0.0,"enemies":"Gensokyo:Python_and_Kodama","floor":14.0,"turns":2.0},{"damage":14.0,"enemies":"Gensokyo:Kokoro","floor":16.0,"turns":13.0},{"damage":0.0,"enemies":"Gensokyo:Chomper","floor":18.0,"turns":3.0},{"damage":5.0,"enemies":"Gensokyo:CosmicMonolith","floor":19.0,"turns":3.0},{"damage":14.0,"enemies":"Gensokyo:Wraith","floor":21.0,"turns":4.0},{"damage":7.0,"enemies":"Gensokyo:Tenshi","floor":24.0,"turns":6.0},{"damage":16.0,"enemies":"Gensokyo:Reisen","floor":29.0,"turns":4.0},{"damage":10.0,"enemies":"Gensokyo:Slime_Group","floor":30.0,"turns":2.0},{"damage":0.0,"enemies":"Gensokyo:Monolith_and_Dog","floor":31.0,"turns":2.0},{"damage":0.0,"enemies":"Gensokyo:Eternal_Rivals","floor":33.0,"turns":8.0},{"damage":0.0,"enemies":"Gensokyo:AncientGuardian","floor":35.0,"turns":3.0},{"damage":0.0,"enemies":"Gensokyo:Kasen","floor":40.0,"turns":3.0},{"damage":0.0,"enemies":"Gensokyo:3_Boulders","floor":41.0,"turns":1.0},{"damage":1.0,"enemies":"Gensokyo:Marisa","floor":42.0,"turns":3.0},{"damage":0.0,"enemies":"Gensokyo:Rafflesia","floor":44.0,"turns":3.0},{"damage":0.0,"enemies":"Gensokyo:Doremy","floor":47.0,"turns":1.0},{"damage":0.0,"enemies":"Gensokyo:Sharpion","floor":48.0,"turns":1.0},{"damage":0,"enemies":"Gensokyo:Shinki","floor":50,"turns":3},{"damage":0,"enemies":"Gensokyo:Scarlet_Devils","floor":51,"turns":1},{"damage":0,"enemies":"Shield and Spear","floor":55,"turns":1},{"damage":0,"enemies":"The Heart","floor":56,"turns":4}],"seed_played":"-1534558210930387996","potions_obtained":[{"floor":4.0,"key":"EssenceOfSteel"},{"floor":6.0,"key":"Ancient Potion"},{"floor":13.0,"key":"PowerPotion"},{"floor":16.0,"key":"Swift Potion"},{"floor":19.0,"key":"SkillPotion"},{"floor":21.0,"key":"CultistPotion"},{"floor":35.0,"key":"LiquidMemories"}],"is_trial":false,"path_per_floor":["M","$","?","M","?","E","R","?","T","E","$","R","M","M","R","B",null,"M","M","COS","M","?","R","E","?","T","R","?","E","M","M","R","B",null,"M","?","?","$","$","E","M","E","T","M","?","R","E","M","R","B","B",null,"R","$","E","B",null],"character_chosen":"THE_SILENT","items_purchased":[],"campfire_rested":0,"item_purchase_floors":[],"current_hp_per_floor":[59,59,59,59,59,59,59,59,59,52,52,52,51,51,51,52,63,63,58,58,44,44,44,37,37,37,37,37,21,11,11,11,36,59,59,59,59,59,59,59,59,58,58,58,58,58,58,58,58,66,66,66,66,66,66,66],"gold":146,"neow_bonus":"THREE_ENEMY_KILL","is_daily":false,"chose_seed":false,"campfire_upgraded":8,"win_rate":0.0,"timestamp":1610701621,"path_taken":["M","$","?","M","?","E","R","?","T","E","?","R","?","M","R","BOSS","M","M","COS","M","?","R","E","?","T","R","?","E","M","M","R","BOSS","M","?","?","?","$","E","M","E","T","?","?","R","E","M","R","BOSS","BOSS","R","$","E","BOSS"],"items_purchased_type":[],"build_version":"2020-12-22","purchased_purges":4,"victory":true,"max_hp_per_floor":[66,66,66,66,66,66,66,66,66,66,66,66,66,66,66,66,66,66,66,66,66,66,66,66,66,66,66,66,66,66,66,66,66,66,66,66,66,66,66,66,66,66,66,66,66,66,66,66,66,66,66,66,66,66,66,66],"card_choices":[{"not_picked":["AT_WindFlip","Poisoned Stab"],"picked":"Accuracy","floor":1.0},{"not_picked":["Choke","Eviscerate","Outmaneuver"],"picked":"SKIP","floor":4.0},{"not_picked":["Quick Slash","Heel Hook"],"picked":"Infinite Blades","floor":6.0},{"not_picked":["Heel Hook","Flying Knee","Dodge and Roll"],"picked":"SKIP","floor":10.0},{"not_picked":["Backstab","AT_ShadowStep"],"picked":"Blade Dance","floor":13.0},{"not_picked":["Dodge and Roll","All Out Attack"],"picked":"After Image","floor":14.0},{"not_picked":["Cloak And Dagger","PiercingWail","Leg Sweep"],"picked":"SKIP","floor":18.0},{"not_picked":["Dodge and Roll","Quick Slash"],"picked":"Prepared","floor":19.0},{"not_picked":["Expertise","Quick Slash","Bane"],"picked":"SKIP","floor":21.0},{"not_picked":["Finisher","Outmaneuver"],"picked":"Escape Plan","floor":24.0},{"not_picked":["AT_Desolate","Leg Sweep","AT_TwilightShroud"],"picked":"SKIP","floor":29.0},{"not_picked":["Quick Slash","Eviscerate"],"picked":"Adrenaline","floor":30.0},{"not_picked":["Deflect","Cloak And Dagger","Heel Hook+1"],"picked":"SKIP","floor":31.0},{"not_picked":["Blade Dance","Accuracy","Prepared"],"picked":"SKIP","floor":35.0},{"not_picked":["Gensokyo:NewMoon","Gensokyo:SalamanderShield"],"picked":"Gensokyo:LifeSpringInfinity","floor":36.0},{"not_picked":["Underhanded Strike","Poisoned Stab+1","Flying Knee"],"picked":"SKIP","floor":40.0},{"not_picked":["Masterful Stab","Sucker Punch+1","Flechettes+1"],"picked":"SKIP","floor":41.0},{"not_picked":["PiercingWail","Underhanded Strike+1"],"picked":"Tactician","floor":42.0},{"not_picked":["Skewer+1","Footwork+1","Prepared+1"],"picked":"SKIP","floor":44.0},{"not_picked":["AT_KingSlayer+1","Outmaneuver","AT_FocusSwordFire"],"picked":"SKIP","floor":47.0},{"not_picked":["Acrobatics","AT_ArcaneSupremacy","PiercingWail"],"picked":"SKIP","floor":48.0},{"not_picked":["Bane+1","Cloak And Dagger+1","Flying Knee+1"],"picked":"SKIP","floor":55}],"player_experience":225392,"relics_obtained":[{"floor":6.0,"key":"Orichalcum"},{"floor":9.0,"key":"Happy Flower"},{"floor":10.0,"key":"Pantograph"},{"floor":24.0,"key":"Darkstone Periapt"},{"floor":26.0,"key":"AT_BellowingDragoncrestRing"},{"floor":29.0,"key":"AT_RedTearstoneRing"},{"floor":40.0,"key":"AT_SilvercatRing"},{"floor":42.0,"key":"Molten Egg 2"},{"floor":47.0,"key":"Bag of Marbles"},{"floor":55,"key":"Shuriken"}],"event_choices":[],"is_beta":false,"boss_relics":[{"not_picked":["Astrolabe","SlaversCollar"],"picked":"HoveringKite"},{"not_picked":["Velvet Choker","AT_MortalBlade"],"picked":"AT_TrinityForce"}],"items_purged_floors":[2,11,38,54],"is_endless":false,"potions_floor_spawned":[4,6,13,14,16,19,21,24,33,35,40,47,48],"ascension_level":20}}