{"host":"px2oznrenyeljk7o","time":1610741587,"event":{"mods":["A Magickal Journey","AchievementEnabler","Arknights The Spire","BaseMod","Better Altar","Better Match","Better Note","Better Sensory Stone","Better Third Choice","Conspire","Curses Come First","GifTheSpireLib","GungeonMod","Hermit","Koishi","Lobotomy","LobotomyExtend","Minty Spire (QoL Compilation)","Nova Terra(??·??)","Potionbrewer","Reimu??????","Replay The Spire","Robot Space Explorer","Small Relic Pack","Somnambulant","Spicy Shops","StSLib","Stuff the Spire","The Administrix","The Alterego","The Blackbeard","The Blue Laboratory","The Bug Knight","The Construct","The Cursed","The Disciple","The Gatherer","The Hayseed","The Hierophant","The Jungle","The Marked","The Poker Player","The Runesmith","Yakumo Yukari mod","Yuri Mod","everything is the same but u backflip on backflip","slay the spire mod where everything is the same but ironclad has a cowboy hat"],"gold_per_floor":[110,110,110,17,30,30,50,50,50,50,50,77,22,39,39,135,135,135,135],"floor_reached":18,"language":"ENG","playtime":1383,"items_purged":[],"score":158,"play_id":"28be12ae-025c-431f-a122-51c292ccb75d","local_time":"20210115211307","is_ascension_mode":false,"campfire_choices":[{"floor":6,"key":"REST"},{"data":"Self Repair","floor":8,"key":"SMITH"},{"data":"Mirror Shield","floor":11,"key":"SMITH"},{"floor":15,"key":"REST"}],"circlet_count":0,"master_deck":["Strike_B","Strike_B","Strike_B","Strike_B","Defend_B","Defend_B","Defend_B","Defend_B","Zap","Dualcast","MHz","Ball Lightning","ReplaySort","StuffTheSpire:CleanHardDrive","Crystallizer","Beam Cell","Tempest","Replay:Sssssssssstrike","SnowQueen","Self Repair+1","GreedKing","Mirror Shield+1","BootSequence","LittleHelper","Impatience","Ball Lightning","Ball Lightning","Stack","All For One"],"relics":["Cracked Core","CogitoBucket","LetterFromLob","Cables","DemoMod:ClearGuonStone"],"acts_visited":["Exordium","TheCity"],"potions_floor_usage":[14,18],"damage_taken":[{"damage":0,"enemies":"Small Slimes","floor":1,"turns":4},{"damage":7,"enemies":"2 Louse","floor":5,"turns":2},{"damage":8,"enemies":"Jaw Worm","floor":7,"turns":3},{"damage":25,"enemies":"3 Sentries","floor":12,"turns":7},{"damage":5,"enemies":"2 Fungi Beasts","floor":14,"turns":3},{"damage":21,"enemies":"Slime Boss","floor":16,"turns":7},{"damage":79,"enemies":"Shell Parasite","floor":18,"turns":2}],"seed_played":"-1426439504189948055","potions_obtained":[{"floor":12,"key":"potionbrewer:NoxiousPotion"},{"floor":16,"key":"potionbrewer:NoxiousPotion"}],"is_trial":false,"path_per_floor":["M","?","?","$","M","R","M","R","T","?","R","E","$","M","R","B",null,"M"],"character_chosen":"DEFECT","items_purchased":["Replay:Sssssssssstrike","Impatience","Ball Lightning"],"campfire_rested":2,"item_purchase_floors":[4,13,13],"current_hp_per_floor":[75,75,75,75,68,75,74,74,74,74,74,59,59,54,75,64,75,0,0],"gold":135,"neow_bonus":"","is_daily":false,"chose_seed":false,"campfire_upgraded":2,"win_rate":0.0,"timestamp":1610741587,"path_taken":["M","?","?","$","M","R","M","R","T","?","R","E","?","M","R","BOSS","M"],"items_purchased_type":["Card","Card","Card"],"build_version":"2020-12-22","purchased_purges":0,"victory":false,"max_hp_per_floor":[75,75,75,75,75,75,75,75,75,75,75,75,75,75,75,75,75,75,75],"card_choices":[{"not_picked":["SpiderBud","Funeral"],"picked":"MHz","floor":1},{"not_picked":["Undo","BasicCrystalCard"],"picked":"Ball Lightning","floor":1},{"not_picked":["OSAHOGD","ShyLook"],"picked":"SnowQueen","floor":5},{"not_picked":["Sweeping Beam","Conserve Battery"],"picked":"Self Repair","floor":5},{"not_picked":["Scorched","Murderer"],"picked":"GreedKing","floor":7},{"not_picked":["StuffTheSpire:CleanHardDrive","Aggregate"],"picked":"Mirror Shield","floor":7},{"not_picked":["Compile Driver","Streamline"],"picked":"BootSequence","floor":12},{"not_picked":["Laetitia","CherryBlossoms"],"picked":"LittleHelper","floor":12},{"not_picked":["Reprogram","Ball Lightning"],"picked":"Stack","floor":14},{"not_picked":["StuffTheSpire:EventHorizon","StuffTheSpire:Purify"],"picked":"All For One","floor":16}],"player_experience":464419,"relics_obtained":[{"floor":1,"key":"LetterFromLob"},{"floor":9,"key":"Cables"},{"floor":12,"key":"DemoMod:ClearGuonStone"}],"event_choices":[{"damage_healed":0,"gold_gain":0,"player_choice":"Disagree","damage_taken":0,"max_hp_gain":0,"max_hp_loss":0,"event_name":"conspire:LoneGhost","floor":10,"gold_loss":0}],"is_beta":false,"boss_relics":[{"not_picked":["Runic Dome","Fusion Hammer","Sozu"]}],"items_purged_floors":[],"is_endless":false,"potions_floor_spawned":[12,16],"killed_by":"Shell Parasite","ascension_level":0}}