{"host":"opg65mucj6ra7dr1","time":1610704872,"event":{"mods":["BaseMod","DeckTracker","Keyboard Shortcuts","Minty Spire (QoL Compilation)","Permanent Neow","Quick Restart","everything is the same but u backflip on backflip"],"gold_per_floor":[364,364,364,186,205,205,233,256,322,346,358,400,377,399,411,520,532,554,566,99,111,111,111],"floor_reached":22,"language":"KOR","playtime":655,"items_purged":["Strike_G","Strike_G"],"score":262,"play_id":"62f92e97-d17c-4734-82b0-384ca3ca7d3d","local_time":"20210115190112","is_ascension_mode":true,"campfire_choices":[{"data":"Dash","floor":6.0,"key":"SMITH"},{"data":"Accuracy","floor":11.0,"key":"SMITH"},{"floor":15.0,"key":"REST"}],"circlet_count":0,"master_deck":["Strike_G","Strike_G","Strike_G","Defend_G","Defend_G","Defend_G","Defend_G","Defend_G","Survivor","Neutralize","Calculated Gamble","Neutralize","Dash+1","Dodge and Roll","Accuracy+1","Prepared","Blade Dance","Blade Dance","Flying Knee","Slice","Cloak And Dagger+1","Terror","Footwork","Slice+1"],"relics":["Ring of the Snake","MawBank","Orichalcum","Du-Vu Doll","HoveringKite","PreservedInsect","Lantern"],"acts_visited":["Exordium","TheCity"],"potions_floor_usage":[21],"damage_taken":[{"damage":3.0,"enemies":"2 Louse","floor":1.0,"turns":4.0},{"damage":9.0,"enemies":"Small Slimes","floor":5.0,"turns":5.0},{"damage":17.0,"enemies":"Gremlin Nob","floor":7.0,"turns":6.0},{"damage":0.0,"enemies":"Cultist","floor":8.0,"turns":3.0},{"damage":0.0,"enemies":"Gremlin Gang","floor":10.0,"turns":5.0},{"damage":8.0,"enemies":"3 Sentries","floor":12.0,"turns":6.0},{"damage":3.0,"enemies":"3 Louse","floor":14.0,"turns":3.0},{"damage":32.0,"enemies":"The Guardian","floor":16.0,"turns":13.0},{"damage":25,"enemies":"Chosen","floor":18,"turns":6},{"damage":11,"enemies":"2 Thieves","floor":21,"turns":3},{"damage":2,"enemies":"Cultist and Chosen","floor":22,"turns":4}],"seed_played":"-5738790368183831541","potions_obtained":[{"floor":1.0,"key":"Block Potion"},{"floor":8.0,"key":"SneckoOil"},{"floor":10.0,"key":"DistilledChaos"},{"floor":16.0,"key":"SteroidPotion"},{"floor":18,"key":"LiquidMemories"},{"floor":21,"key":"Fire Potion"}],"is_trial":false,"path_per_floor":["M","?","?","$","M","R","E","M","T","M","R","E","?","M","R","B",null,"M","?","$","M","M"],"character_chosen":"THE_SILENT","items_purchased":["Dodge and Roll","Accuracy","Footwork","PreservedInsect","Lantern"],"campfire_rested":1,"item_purchase_floors":[4,4,20,20,20],"current_hp_per_floor":[42,47,47,47,38,38,21,21,21,21,21,13,31,28,50,18,61,36,36,36,25,23,23],"gold":111,"neow_bonus":"TWO_FIFTY_GOLD","is_daily":false,"chose_seed":false,"campfire_upgraded":2,"win_rate":0.0,"timestamp":1610704872,"path_taken":["M","?","?","$","?","R","E","M","T","?","R","E","?","M","R","BOSS","M","?","$","M","M"],"items_purchased_type":["Card","Card","Card","Relic","Relic"],"build_version":"2020-12-22","purchased_purges":2,"victory":false,"max_hp_per_floor":[70,75,75,75,75,75,75,75,75,75,75,75,75,75,75,75,75,75,75,75,75,75,75],"card_choices":[{"not_picked":["Reflex","Cloak And Dagger"],"picked":"Calculated Gamble","floor":1.0},{"not_picked":["Deadly Poison","Quick Slash"],"picked":"Prepared","floor":5.0},{"not_picked":["Dagger Spray","Sucker Punch"],"picked":"Blade Dance","floor":7.0},{"not_picked":["Dodge and Roll","Poisoned Stab"],"picked":"Blade Dance","floor":8.0},{"not_picked":["Poisoned Stab","Calculated Gamble"],"picked":"Flying Knee","floor":10.0},{"not_picked":["Skewer","Night Terror"],"picked":"Slice","floor":12.0},{"not_picked":["Underhanded Strike","Bane","Flechettes"],"picked":"SKIP","floor":14.0},{"not_picked":["Dodge and Roll","Quick Slash"],"picked":"Cloak And Dagger+1","floor":18},{"not_picked":["Skewer","Night Terror"],"picked":"Slice+1","floor":21}],"player_experience":119247,"relics_obtained":[{"floor":7.0,"key":"MawBank"},{"floor":9.0,"key":"Orichalcum"},{"floor":12.0,"key":"Du-Vu Doll"}],"event_choices":[{"damage_healed":0.0,"max_hp_gain":5.0,"max_hp_loss":0.0,"gold_gain":0.0,"event_name":"Big Fish","player_choice":"Donut","floor":2.0,"gold_loss":0.0,"damage_taken":0.0},{"damage_healed":0.0,"max_hp_gain":0.0,"max_hp_loss":0.0,"gold_gain":0.0,"event_name":"Match and Keep!","player_choice":"2 cards matched","floor":3.0,"gold_loss":0.0,"damage_taken":0.0,"cards_obtained":["Neutralize","Dash"]},{"damage_healed":18.0,"max_hp_gain":0.0,"max_hp_loss":0.0,"gold_gain":0.0,"event_name":"The Cleric","player_choice":"Healed","floor":13.0,"gold_loss":35.0,"damage_taken":0.0},{"damage_healed":0,"gold_gain":0,"player_choice":"Read","damage_taken":0,"max_hp_gain":0,"max_hp_loss":0,"event_name":"The Library","floor":19,"gold_loss":0,"cards_obtained":["Terror"]}],"is_beta":false,"boss_relics":[{"not_picked":["Busted Crown","SlaversCollar"],"picked":"HoveringKite"}],"items_purged_floors":[4,20],"is_endless":false,"potions_floor_spawned":[1,8,10,16,18,21],"killed_by":"Cultist and Chosen","ascension_level":7}}