{"host":"y76clbnovzmw9ubx","time":1610668873,"event":{"mods":["AchievementEnabler","BaseMod","Minty Spire (QoL Compilation)","Permanent Neow","Relic Stats"],"gold_per_floor":[110,128,140,160,16,16,44,108,108,108,108,136,154,184,184,184,184],"floor_reached":16,"language":"ENG","playtime":1331,"items_purged":[],"score":240,"play_id":"44065cc3-27aa-4f96-821b-1b6946dada26","local_time":"20210114190113","is_ascension_mode":true,"campfire_choices":[{"data":"Dagger Spray","floor":6,"key":"SMITH"},{"floor":10,"key":"REST"},{"data":"Footwork","floor":15,"key":"SMITH"}],"circlet_count":0,"master_deck":["AscendersBane","Strike_G","Strike_G","Strike_G","Strike_G","Strike_G","Defend_G","Defend_G","Defend_G","Defend_G","Defend_G","Survivor","Neutralize+1","Deflect","Deflect","Endless Agony","Dagger Spray+1","Infinite Blades","Backflip","Well Laid Plans","Blur","Footwork+1"],"relics":["Ring of the Snake","WingedGreaves","Paper Crane","Singing Bowl","Ancient Tea Set","Ninja Scroll"],"acts_visited":["Exordium"],"potions_floor_usage":[7,8,16],"damage_taken":[{"damage":0,"enemies":"2 Louse","floor":1,"turns":3},{"damage":3,"enemies":"Cultist","floor":2,"turns":6},{"damage":0,"enemies":"Jaw Worm","floor":3,"turns":7},{"damage":4,"enemies":"2 Fungi Beasts","floor":4,"turns":5},{"damage":22,"enemies":"Gremlin Nob","floor":7,"turns":4},{"damage":29,"enemies":"Gremlin Nob","floor":8,"turns":5},{"damage":7,"enemies":"3 Sentries","floor":12,"turns":8},{"damage":0,"enemies":"Gremlin Gang","floor":13,"turns":3},{"damage":34,"enemies":"Gremlin Nob","floor":14,"turns":6},{"damage":27,"enemies":"Hexaghost","floor":16,"turns":14}],"seed_played":"8591659667201722737","potions_obtained":[{"floor":4,"key":"CultistPotion"},{"floor":7,"key":"GamblersBrew"},{"floor":14,"key":"SkillPotion"}],"is_trial":false,"path_per_floor":["M","M","M","M","$","R","E","?","T","R","?","E","M","E","R","B"],"character_chosen":"THE_SILENT","items_purchased":["Dagger Spray","Infinite Blades"],"campfire_rested":1,"item_purchase_floors":[5,5],"current_hp_per_floor":[59,56,56,52,52,52,30,1,1,20,66,59,59,25,25,0,0],"gold":184,"neow_bonus":"UPGRADE_CARD","is_daily":false,"chose_seed":false,"campfire_upgraded":2,"win_rate":0.0,"timestamp":1610668873,"path_taken":["M","M","M","M","$","R","E","?","T","R","?","E","M","E","R","BOSS"],"items_purchased_type":["Card","Card"],"build_version":"2020-12-22","purchased_purges":0,"victory":false,"max_hp_per_floor":[66,66,66,66,66,66,66,66,66,66,66,66,66,66,66,66,66],"relic_stats":{"Singing Bowl":0,"counters":[10,61],"obtain_stats":[{"Singing Bowl":9,"Ninja Scroll":14,"WingedGreaves":7,"Paper Crane":8,"Ancient Tea Set":12,"Ring of the Snake":0},{"Singing Bowl":6,"Ninja Scroll":9,"WingedGreaves":5,"Paper Crane":5,"Ancient Tea Set":7,"Ring of the Snake":0},{"Singing Bowl":30,"Ninja Scroll":47,"WingedGreaves":25,"Paper Crane":25,"Ancient Tea Set":38,"Ring of the Snake":0}],"Ring of the Snake":[20]},"card_choices":[{"not_picked":["Bane","Slice"],"picked":"Deflect","floor":1},{"not_picked":["Expertise","Choke","Eviscerate"],"picked":"SKIP","floor":2},{"not_picked":["Dagger Throw","Heel Hook"],"picked":"Deflect","floor":3},{"not_picked":["Sucker Punch","Deflect"],"picked":"Endless Agony","floor":4},{"not_picked":["Accuracy","Bane"],"picked":"Backflip","floor":7},{"not_picked":["PiercingWail","Glass Knife"],"picked":"Dash","floor":8},{"not_picked":["Poisoned Stab","PiercingWail"],"picked":"Well Laid Plans","floor":12},{"not_picked":["Prepared","Sucker Punch"],"picked":"Blur","floor":13},{"not_picked":["Finisher","PiercingWail"],"picked":"Footwork","floor":14}],"player_experience":3055501,"relics_obtained":[{"floor":7,"key":"WingedGreaves"},{"floor":9,"key":"Singing Bowl"},{"floor":12,"key":"Ancient Tea Set"},{"floor":14,"key":"Ninja Scroll"}],"event_choices":[{"damage_healed":0,"gold_gain":0,"player_choice":"Searched \u00272\u0027 times","damage_taken":0,"relics_obtained":["Paper Crane"],"max_hp_gain":0,"max_hp_loss":0,"event_name":"Dead Adventurer","floor":8,"gold_loss":0},{"cards_removed":["Dash"],"damage_healed":46,"gold_gain":0,"player_choice":"Offered Uncommon","damage_taken":0,"max_hp_gain":0,"max_hp_loss":0,"event_name":"Bonfire Elementals","floor":11,"gold_loss":0}],"is_beta":false,"boss_relics":[],"items_purged_floors":[],"is_endless":false,"potions_floor_spawned":[4,7,14],"killed_by":"Hexaghost","ascension_level":20}}