{"host":"9jj9tzo2iym4bpat","time":1610690545,"event":{"mods":["Act Like it!","BaseMod","CapriCore","Colored Map","Dark Map","Luminous","Marisa????????","Minty Spire (QoL Compilation)","Permanent Neow","StSLib","Td1madao Mod","The Animator","The Immortal","The Marked","The Servant 0.9.4","Yakumo Yukari mod"],"gold_per_floor":[15,33,53,53,64,64,80,80,148,148,25,45,75,1,1,103,103,120,120,132,5,20,20,20,20],"floor_reached":24,"language":"ENG","playtime":686,"items_purged":["Clumsy"],"score":218,"play_id":"2752adaf-6e3e-4d36-b0c7-4d78d3ccd070","local_time":"20210115000225","is_ascension_mode":true,"campfire_choices":[{"data":"Shallow_ocean_purpleEX","floor":6,"key":"SMITH"},{"data":"Shallow_ocean_purpleEX","floor":10,"key":"SMITH"},{"floor":15,"key":"REST"},{"floor":23,"key":"REST"}],"circlet_count":0,"master_deck":["AT_purpleEX","AT_purpleEX","AT_purpleEX","AT_purpleEX","Defend_purpleEX","Defend_purpleEX","Defend_purpleEX","Defend_purpleEX","Observe_purple_1+1","Observe_purple_2","Fancifulhole_purple","Shallow_ocean_purpleEX+1","Shallow_ocean_purpleEX+1","Charmbait_purple","Boundary_of_Extermination_purpleEX+1","StateErode_purple","GluttonyofRealm_purpleEX","Shallow_ocean_purpleEX","EighthInstrument_OneDividesIntoTwo_purple","DimensionStaggered_purple","Worldmountain_purple","ProofOfUnderstanding_purple","Observe_purple_1","Yakumo_Ran_purple","StateErode_purple","Charmbait_purple"],"relics":["Boundary_crack","Memoryfragments_purpleEX","Ornamental Fan","Du-Vu Doll","Seventeenyearold_girl_Forever"],"acts_visited":["Exordium","TheCity"],"potions_floor_usage":[16,16,24],"damage_taken":[{"damage":0,"enemies":"2 Louse","floor":1,"turns":2},{"damage":7,"enemies":"Jaw Worm","floor":2,"turns":4},{"damage":0,"enemies":"Small Slimes","floor":3,"turns":3},{"damage":13,"enemies":"Exordium Wildlife","floor":5,"turns":5},{"damage":7,"enemies":"Gremlin Gang","floor":7,"turns":3},{"damage":0,"enemies":"Lots of Slimes","floor":12,"turns":1},{"damage":15,"enemies":"3 Sentries","floor":13,"turns":2},{"damage":17,"enemies":"Hexaghost","floor":16,"turns":6},{"damage":34,"enemies":"3 Byrds","floor":18,"turns":5},{"damage":8,"enemies":"Chosen","floor":20,"turns":3},{"damage":35,"enemies":"Centurion and Healer","floor":22,"turns":4},{"damage":34,"enemies":"Book of Stabbing","floor":24,"turns":4}],"seed_played":"-6099332704761550234","potions_obtained":[{"floor":2,"key":"EssenceOfSteel"},{"floor":5,"key":"Strength Potion"},{"floor":13,"key":"Energy Potion"},{"floor":18,"key":"Block Potion"},{"floor":22,"key":"Explosive Potion"}],"is_trial":false,"path_per_floor":["M","M","M","?","M","R","M","?","T","R","$","M","E","$","R","B",null,"M","?","M","$","M","R","E"],"character_chosen":"Youkari","items_purchased":["GluttonyofRealm_purpleEX","Energy Potion","DimensionStaggered_purple","Worldmountain_purple","StateErode_purple"],"campfire_rested":2,"item_purchase_floors":[11,11,14,14,21],"current_hp_per_floor":[70,65,66,66,54,54,48,34,34,34,34,34,22,22,43,26,73,44,44,39,39,7,30,0,0],"gold":20,"neow_bonus":"THREE_RARE_CARDS","is_daily":false,"chose_seed":false,"campfire_upgraded":2,"win_rate":0.0,"timestamp":1610690545,"path_taken":["M","M","M","?","M","R","M","?","T","R","?","?","E","$","R","BOSS","M","?","M","$","?","R","E"],"items_purchased_type":["Card","Potion","Card","Card","Card"],"build_version":"2020-12-22","purchased_purges":1,"victory":false,"max_hp_per_floor":[70,70,70,70,70,70,70,70,70,70,70,70,73,73,73,73,73,76,76,79,79,79,79,79,79],"card_choices":[{"not_picked":["Price_of_realm_purpleEX","WangLiang_OokamiKakushi_purple"],"picked":"Fancifulhole_purple","floor":0},{"not_picked":["SfantasyHide_purple","ButterflyHabitatTemple_purple"],"picked":"Shallow_ocean_purpleEX","floor":1},{"not_picked":["Bait_HighSpeedFlying_purple","ExternalForce_HighSpeedFlying_purple"],"picked":"Shallow_ocean_purpleEX","floor":2},{"not_picked":["Mirror_FormAndEmptin_purple","SfantasyHide_purple"],"picked":"Charmbait_purple","floor":3},{"not_picked":["Worldmountain_purple","Boundary_LightAndDark_purple"],"picked":"Boundary_of_Extermination_purpleEX","floor":5},{"not_picked":["RealityDreamConfluencek_purple","OmniscientAndOmnipotent_Monster_purple"],"picked":"StateErode_purple","floor":7},{"not_picked":["Mirror_WaveAndshot_purple","WatchEChange_purple"],"picked":"Shallow_ocean_purpleEX","floor":12},{"not_picked":["ExistenceContinue_purple","SfantasyHide_purple"],"picked":"EighthInstrument_OneDividesIntoTwo_purple","floor":13},{"not_picked":["UniverseChoice_purple","WasteWire_Metro_purple"],"picked":"ProofOfUnderstanding_purple","floor":16},{"not_picked":["RuleDissolution_purple+1","Worldmountain_purple","StateDuplicate_purple"],"picked":"SKIP","floor":18},{"not_picked":["SfantasyHide_purple","MeetDecomposer_purple"],"picked":"Yakumo_Ran_purple","floor":20},{"not_picked":["RealityDreamConfluencek_purple","Mirror_WaveAndshot_purple+1"],"picked":"Charmbait_purple","floor":22}],"player_experience":256088,"relics_obtained":[{"floor":9,"key":"Ornamental Fan"},{"floor":13,"key":"Du-Vu Doll"}],"event_choices":[{"damage_healed":0,"gold_gain":0,"player_choice":"Leave","damage_taken":0,"max_hp_gain":0,"max_hp_loss":0,"event_name":"The Cleric","floor":4,"gold_loss":0},{"damage_healed":0,"gold_gain":0,"player_choice":"Entered Light","damage_taken":14,"max_hp_gain":0,"max_hp_loss":0,"event_name":"Shining Light","floor":8,"gold_loss":0,"cards_upgraded":["Observe_purple_1","Boundary_of_Extermination_purpleEX"]},{"damage_healed":0,"gold_gain":0,"player_choice":"2 cards matched","damage_taken":0,"max_hp_gain":0,"max_hp_loss":0,"event_name":"Match and Keep!","floor":19,"gold_loss":0,"cards_obtained":["Clumsy","Observe_purple_1"]}],"is_beta":false,"boss_relics":[{"not_picked":["Runic Dome","Fusion Hammer"],"picked":"Seventeenyearold_girl_Forever"}],"items_purged_floors":[21],"is_endless":false,"potions_floor_spawned":[2,5,13,18,22],"killed_by":"Book of Stabbing","ascension_level":2}}