{"host":"pq8o62wp0h1hflf3","time":1610740678,"event":{"mods":["BaseMod","Minty Spire (QoL Compilation)","Relic Stats","ojb\u0027s Info Mod"],"gold_per_floor":[114,131,131,2,22,22,53,70,70,70,95,95,105,133,133,211,211,169,169,84,84,94,94,122,36,59,17,17,47,76,95,95,168,168,180,180,198,420,431,431,461,461,512,179,204,222,222,222,222,222,222,222,222,8,36,36],"floor_reached":57,"language":"ENG","playtime":4971,"items_purged":["Regret"],"score":2728,"play_id":"162054ce-674a-4a8a-ae44-c477c4b3e245","local_time":"20210115145758","is_ascension_mode":true,"campfire_choices":[{"data":"Spot Weakness","floor":6,"key":"SMITH"},{"data":"Bash","floor":10,"key":"SMITH"},{"data":"Twin Strike","floor":15,"key":"SMITH"},{"data":"Barricade","floor":23,"key":"SMITH"},{"data":"1","floor":32,"key":"LIFT"},{"data":"2","floor":40,"key":"LIFT"},{"data":"3","floor":42,"key":"LIFT"},{"floor":49,"key":"RECALL"},{"floor":53,"key":"REST"}],"circlet_count":0,"master_deck":["AscendersBane","Bash+1","Spot Weakness+1","Headbutt","Flame Barrier","Twin Strike+1","True Grit","Shockwave","Reaper","Shrug It Off","Feed","Barricade+1","Thunderclap","Impervious","True Grit","Impervious","Sentinel","Ghostly Armor","Power Through","Armaments+1","Burning Pact+1","Feel No Pain","Disarm+1","Shrug It Off+1","Fiend Fire","Body Slam","Limit Break+1","Pummel","Limit Break+1","Evolve","Bloodletting+1","Havoc+1","Heavy Blade","Juggernaut"],"relics":["Burning Blood","Toy Ornithopter","Pen Nib","Gremlin Horn","Ancient Tea Set","Vajra","White Beast Statue","Pandora\u0027s Box","Toxic Egg 2","Girya","PreservedInsect","The Courier","Juzu Bracelet","Red Mask","Fusion Hammer","Nunchaku","ClockworkSouvenir","Happy Flower","Centennial Puzzle","Frozen Eye","Ornamental Fan"],"acts_visited":["Exordium","TheCity","TheBeyond","TheEnding"],"potions_floor_usage":[7,13,16,16,21,24,29,30,31,33,35,37,45,55,56,56],"damage_taken":[{"damage":7,"enemies":"Cultist","floor":1,"turns":4},{"damage":7,"enemies":"Small Slimes","floor":2,"turns":4},{"damage":9,"enemies":"Jaw Worm","floor":5,"turns":4},{"damage":20,"enemies":"3 Sentries","floor":7,"turns":8},{"damage":5,"enemies":"Gremlin Gang","floor":8,"turns":4},{"damage":33,"enemies":"Lagavulin","floor":11,"turns":7},{"damage":6,"enemies":"Blue Slaver","floor":13,"turns":2},{"damage":27,"enemies":"Gremlin Nob","floor":14,"turns":4},{"damage":8,"enemies":"Slime Boss","floor":16,"turns":7},{"damage":16,"enemies":"2 Thieves","floor":18,"turns":5},{"damage":14,"enemies":"Shell Parasite","floor":22,"turns":7},{"damage":45,"enemies":"Book of Stabbing","floor":24,"turns":7},{"damage":22,"enemies":"Slavers","floor":29,"turns":6},{"damage":50,"enemies":"Masked Bandits","floor":30,"turns":5},{"damage":6,"enemies":"Cultist and Chosen","floor":31,"turns":14},{"damage":76,"enemies":"Collector","floor":33,"turns":12},{"damage":0,"enemies":"3 Shapes","floor":35,"turns":8},{"damage":34,"enemies":"3 Darklings","floor":37,"turns":9},{"damage":5,"enemies":"4 Shapes","floor":39,"turns":8},{"damage":5,"enemies":"Nemesis","floor":41,"turns":8},{"damage":24,"enemies":"Reptomancer","floor":45,"turns":5},{"damage":1,"enemies":"Sphere and 2 Shapes","floor":46,"turns":3},{"damage":40,"enemies":"Time Eater","floor":50,"turns":12},{"damage":23,"enemies":"Awakened One","floor":51,"turns":9},{"damage":97,"enemies":"Shield and Spear","floor":55,"turns":7},{"damage":101,"enemies":"The Heart","floor":56,"turns":8}],"seed_played":"-1020030211066377596","potions_obtained":[{"floor":8,"key":"SteroidPotion"},{"floor":11,"key":"PowerPotion"},{"floor":13,"key":"Block Potion"},{"floor":16,"key":"Strength Potion"},{"floor":18,"key":"Regen Potion"},{"floor":21,"key":"Fruit Juice"},{"floor":21,"key":"Ancient Potion"},{"floor":24,"key":"Fire Potion"},{"floor":29,"key":"ColorlessPotion"},{"floor":30,"key":"Block Potion"},{"floor":31,"key":"DistilledChaos"},{"floor":33,"key":"Fire Potion"},{"floor":35,"key":"EssenceOfSteel"},{"floor":37,"key":"SteroidPotion"},{"floor":39,"key":"Explosive Potion"},{"floor":45,"key":"Strength Potion"},{"floor":55,"key":"Swift Potion"}],"is_trial":false,"path_per_floor":["M","M","?","$","M","R","E","M","T","R","E","?","M","E","R","B",null,"M","?","?","?","M","R","E","$","T","$","?","E","?","M","R","B",null,"M","?","M","?","M","R","E","R","T","$","E","M","$","?","R","B","B",null,"R","$","E","B",null],"character_chosen":"IRONCLAD","items_purchased":["Explosive Potion","Feel No Pain","Disarm+1","ClockworkSouvenir","Happy Flower","Evolve","Frozen Eye","Havoc+1","Heavy Blade"],"campfire_rested":1,"item_purchase_floors":[4,25,27,44,44,44,54,54,54],"current_hp_per_floor":[67,66,66,66,63,63,54,55,55,55,28,28,47,39,39,47,68,58,58,58,68,76,76,59,59,59,59,59,63,42,62,62,37,76,93,88,92,92,95,95,98,98,98,98,101,101,101,101,101,104,107,107,107,107,107,96],"gold":36,"neow_bonus":"RANDOM_COMMON_RELIC","is_daily":false,"chose_seed":false,"campfire_upgraded":4,"win_rate":0.0,"timestamp":1610740678,"path_taken":["M","?","?","$","M","R","E","M","T","R","E","?","?","E","R","BOSS","M","?","?","?","?","R","E","?","T","$","?","E","?","M","R","BOSS","M","?","M","?","M","R","E","R","T","$","E","M","?","?","R","BOSS","BOSS","R","$","E","BOSS"],"items_purchased_type":["Potion","Card","Card","Relic","Relic","Card","Relic","Card","Card"],"build_version":"2020-12-22","purchased_purges":1,"victory":true,"max_hp_per_floor":[75,75,75,75,75,75,75,75,75,75,75,75,75,75,75,75,75,75,75,75,80,83,83,86,86,86,86,86,86,86,89,89,89,89,93,88,92,92,95,95,98,98,98,98,101,101,101,101,101,104,107,107,107,107,107,107],"relic_stats":{"Gremlin Horn":[33,33],"Happy Flower":[14],"counters":[26,177],"Pen Nib":[16],"PreservedInsect":229,"Juzu Bracelet":2,"Burning Blood":108,"Nunchaku":[4],"Centennial Puzzle":[15],"Ornamental Fan":[0],"Pandora\u0027s Box":["Barricade","Thunderclap","Impervious","True Grit","Impervious","Sentinel","Metallicize","Ghostly Armor","Barricade"],"obtain_stats":[{"Girya":24,"Gremlin Horn":7,"Happy Flower":44,"Vajra":11,"Pen Nib":3,"PreservedInsect":26,"The Courier":28,"Juzu Bracelet":29,"Ancient Tea Set":9,"Burning Blood":0,"White Beast Statue":14,"ClockworkSouvenir":44,"Frozen Eye":54,"Nunchaku":41,"Centennial Puzzle":45,"Ornamental Fan":55,"Pandora\u0027s Box":17,"Fusion Hammer":34,"Red Mask":30,"Toxic Egg 2":20,"Toy Ornithopter":0},{"Girya":12,"Gremlin Horn":4,"Happy Flower":20,"Vajra":6,"Pen Nib":2,"PreservedInsect":12,"The Courier":12,"Juzu Bracelet":13,"Ancient Tea Set":5,"Burning Blood":0,"White Beast Statue":8,"ClockworkSouvenir":20,"Frozen Eye":24,"Nunchaku":20,"Centennial Puzzle":21,"Ornamental Fan":25,"Pandora\u0027s Box":9,"Fusion Hammer":16,"Red Mask":14,"Toxic Egg 2":10,"Toy Ornithopter":0},{"Girya":63,"Gremlin Horn":20,"Happy Flower":133,"Vajra":31,"Pen Nib":8,"PreservedInsect":63,"The Courier":63,"Juzu Bracelet":69,"Ancient Tea Set":24,"Burning Blood":0,"White Beast Statue":37,"ClockworkSouvenir":133,"Frozen Eye":162,"Nunchaku":133,"Centennial Puzzle":138,"Ornamental Fan":169,"Pandora\u0027s Box":44,"Fusion Hammer":100,"Red Mask":74,"Toxic Egg 2":49,"Toy Ornithopter":0}],"Toy Ornithopter":80},"card_choices":[{"not_picked":["Cleave","Sever Soul"],"picked":"Spot Weakness","floor":1},{"not_picked":["Armaments","Metallicize"],"picked":"Headbutt","floor":2},{"not_picked":["Thunderclap","Rampage"],"picked":"Flame Barrier","floor":5},{"not_picked":["Anger","Armaments"],"picked":"Twin Strike","floor":7},{"not_picked":["Rampage","Clash"],"picked":"True Grit","floor":8},{"not_picked":["Dark Embrace","Pommel Strike"],"picked":"Shockwave","floor":11},{"not_picked":["True Grit","Brutality"],"picked":"Shrug It Off","floor":13},{"not_picked":["Metallicize","Body Slam","Sever Soul"],"picked":"SKIP","floor":14},{"not_picked":["Brutality","Bludgeon"],"picked":"Feed","floor":16},{"not_picked":["Sword Boomerang","Cleave"],"picked":"Power Through","floor":18},{"not_picked":["Sentinel+1","Evolve"],"picked":"Armaments+1","floor":22},{"not_picked":["Anger","Thunderclap"],"picked":"Burning Pact+1","floor":24},{"not_picked":["True Grit+1","Armaments+1"],"picked":"Shrug It Off+1","floor":29},{"not_picked":["Clothesline","Metallicize"],"picked":"Fiend Fire","floor":30},{"not_picked":["Wild Strike","Whirlwind"],"picked":"Body Slam","floor":31},{"not_picked":["Fiend Fire","Barricade"],"picked":"Limit Break+1","floor":33},{"not_picked":["Cleave","True Grit+1","Anger"],"picked":"SKIP","floor":35},{"not_picked":["Reckless Charge","Perfected Strike+1","Intimidate+1"],"picked":"SKIP","floor":37},{"not_picked":["Perfected Strike","Clothesline"],"picked":"Pummel","floor":39},{"not_picked":["Flame Barrier+1","Shrug It Off+1"],"picked":"Limit Break+1","floor":41},{"not_picked":["Thunderclap","Hemokinesis+1"],"picked":"Bloodletting+1","floor":45},{"not_picked":["True Grit+1","Shockwave+1","Spot Weakness+1"],"picked":"SKIP","floor":46},{"not_picked":["Anger+1","Headbutt"],"picked":"Juggernaut","floor":55}],"player_experience":1146979,"relics_obtained":[{"floor":7,"key":"Gremlin Horn"},{"floor":9,"key":"Ancient Tea Set"},{"floor":11,"key":"Vajra"},{"floor":14,"key":"White Beast Statue"},{"floor":24,"key":"Girya"},{"floor":26,"key":"PreservedInsect"},{"floor":29,"key":"Juzu Bracelet"},{"floor":30,"key":"Red Mask"},{"floor":41,"key":"Nunchaku"},{"floor":45,"key":"Centennial Puzzle"},{"floor":55,"key":"Ornamental Fan"}],"event_choices":[{"damage_healed":0,"gold_gain":0,"player_choice":"Box","damage_taken":0,"relics_obtained":["Pen Nib"],"max_hp_gain":0,"max_hp_loss":0,"event_name":"Big Fish","floor":3,"gold_loss":0,"cards_obtained":["Regret"]},{"damage_healed":0,"gold_gain":0,"player_choice":"1 cards matched","damage_taken":0,"max_hp_gain":0,"max_hp_loss":0,"event_name":"Match and Keep!","floor":12,"gold_loss":0,"cards_obtained":["Reaper"]},{"cards_removed":["Barricade"],"damage_healed":0,"gold_gain":0,"player_choice":"Elegance","damage_taken":0,"max_hp_gain":0,"max_hp_loss":0,"event_name":"Back to Basics","floor":19,"gold_loss":0},{"damage_healed":0,"gold_gain":0,"player_choice":"Obtained Relic","damage_taken":0,"relics_obtained":["Toxic Egg 2"],"max_hp_gain":0,"max_hp_loss":0,"event_name":"Addict","floor":20,"gold_loss":85},{"damage_healed":0,"gold_gain":0,"player_choice":"Got Potions","damage_taken":0,"max_hp_gain":0,"max_hp_loss":0,"event_name":"Lab","floor":21,"gold_loss":0},{"cards_removed":["Metallicize"],"damage_healed":0,"gold_gain":0,"player_choice":"Gave Card","damage_taken":0,"relics_obtained":["The Courier"],"max_hp_gain":0,"max_hp_loss":0,"event_name":"WeMeetAgain","floor":28,"gold_loss":0},{"damage_healed":0,"gold_gain":0,"player_choice":"Fought Bandits","damage_taken":0,"max_hp_gain":0,"max_hp_loss":0,"event_name":"Masked Bandits","floor":30,"gold_loss":0},{"damage_healed":0,"gold_gain":0,"player_choice":"Max HP","damage_taken":0,"max_hp_gain":0,"max_hp_loss":5,"event_name":"Winding Halls","floor":36,"gold_loss":0},{"damage_healed":0,"gold_gain":222,"player_choice":"Wore Mask","damage_taken":0,"max_hp_gain":0,"max_hp_loss":0,"event_name":"Tomb of Lord Red Mask","floor":38,"gold_loss":0},{"damage_healed":0,"gold_gain":0,"player_choice":"0 cards matched","damage_taken":0,"max_hp_gain":0,"max_hp_loss":0,"event_name":"Match and Keep!","floor":48,"gold_loss":0,"cards_obtained":[]}],"is_beta":false,"boss_relics":[{"not_picked":["Runic Cube","Black Blood"],"picked":"Pandora\u0027s Box"},{"not_picked":["Runic Dome","Cursed Key"],"picked":"Fusion Hammer"}],"items_purged_floors":[4],"is_endless":false,"potions_floor_spawned":[8,11,13,14,16,18,22,24,29,30,31,33,35,37,39,41,45,46,55],"ascension_level":20}}