{"host":"p5sw8xc69y7g1l0d","time":1610689345,"event":{"mods":["2.2 Compatiblity","BaseMod","Better Third Choice","BetterRewards","Card Forge","Colored Map","Custom Start","Energized Spire","GifTheSpireLib","Halation","Minty Spire (QoL Compilation)","MostiFishMod","Permanent Neow","Quick Restart","Shop Mod","Spicy Shops","StSLib","Stuff the Spire","SuperFastMode"],"gold_per_floor":[118,118,129,140,159,192,192,225,279,279,279,294,310,338,338,413,463,476,476,492,502,513,540,559,587,587,601,876,876,889,889,889,962,962,974,974,992,1008,1024,1053,1053,1053,1053],"floor_reached":42,"language":"ENG","playtime":4096,"items_purged":[],"score":967,"play_id":"59dd4078-7108-4a61-bf27-4a3841b14a83","local_time":"20210114214225","is_ascension_mode":true,"campfire_choices":[{"floor":7,"key":"REST"},{"data":"Loop","floor":10,"key":"SMITH"},{"floor":15,"key":"REST"},{"floor":29,"key":"REST"},{"floor":32,"key":"REST"}],"circlet_count":0,"master_deck":["AscendersBane","Strike_B+1","Strike_B+1","Strike_B+1","Strike_B+1","Defend_B+1","Defend_B+1","Defend_B+1","Defend_B+1","Zap+1","Dualcast+1","Coolheaded+1","Sweeping Beam+1","Go for the Eyes+1","Loop+1","Cold Snap+1","StuffTheSpire:Snapshot+1","StuffTheSpire:Snapshot+1","Stack+1","Reboot+1","StuffTheSpire:NuclearReactor+1","Capacitor+1","Stack+1","Self Repair+1","Cold Snap+1","Consume+1","Echo Form+1","Thunder Strike+1","Loop+1","Aggregate+1","Panache+1"],"relics":["StuffTheSpire:OccultApparatus","Hammer of Thor","Seething Fire","Anvil of the Gods","DaveBox","SynthV:TestCard","Pen Nib","Bottled Flame","Bag of Preparation","StuffTheSpire:OldFever","StuffTheSpire:PointBlank","Tiny House","CombinedTypeHook","Singing Bowl","Torii","RhineFirstAidKit","StuffTheSpire:Barrel"],"acts_visited":["Exordium","TheCity","TheBeyond"],"potions_floor_usage":[23,23,25],"damage_taken":[{"damage":0,"enemies":"Cultist","floor":1,"turns":3},{"damage":4,"enemies":"2 Louse","floor":3,"turns":3},{"damage":2,"enemies":"Jaw Worm","floor":4,"turns":3},{"damage":3,"enemies":"Exordium Thugs","floor":5,"turns":4},{"damage":16,"enemies":"Lagavulin","floor":6,"turns":8},{"damage":19,"enemies":"3 Sentries","floor":8,"turns":7},{"damage":0,"enemies":"Large Slime","floor":12,"turns":4},{"damage":4,"enemies":"2 Fungi Beasts","floor":13,"turns":3},{"damage":20,"enemies":"Lagavulin","floor":14,"turns":7},{"damage":0,"enemies":"Slime Boss","floor":16,"turns":9},{"damage":17,"enemies":"3 Byrds","floor":18,"turns":4},{"damage":3,"enemies":"Spheric Guardian","floor":20,"turns":4},{"damage":6,"enemies":"Centurion and Healer","floor":21,"turns":3},{"damage":3,"enemies":"Sentry and Sphere","floor":22,"turns":6},{"damage":9,"enemies":"Book of Stabbing","floor":23,"turns":4},{"damage":0,"enemies":"Snake Plant","floor":24,"turns":3},{"damage":18,"enemies":"Slavers","floor":25,"turns":2},{"damage":0,"enemies":"3 Cultists","floor":27,"turns":2},{"damage":10,"enemies":"Sentry and Sphere","floor":30,"turns":7},{"damage":40,"enemies":"Champ","floor":33,"turns":7},{"damage":9,"enemies":"3 Shapes","floor":35,"turns":2},{"damage":13,"enemies":"3 Darklings","floor":37,"turns":2},{"damage":30,"enemies":"Sphere and 2 Shapes","floor":38,"turns":6},{"damage":18,"enemies":"Spire Growth","floor":39,"turns":3},{"damage":0,"enemies":"Reptomancer","floor":40,"turns":3},{"damage":50,"enemies":"Nemesis","floor":42,"turns":2}],"seed_played":"-4359635236481245625","potions_obtained":[{"floor":3,"key":"Strength Potion"},{"floor":6,"key":"EssenceOfSteel"},{"floor":13,"key":"EssenceOfSteel"},{"floor":23,"key":"FocusPotion"},{"floor":33,"key":"FearPotion"},{"floor":35,"key":"Strength Potion"},{"floor":38,"key":"Strength Potion"}],"is_trial":false,"path_per_floor":["M","?","M","M","M","E","R","E","T","R","?","M","M","E","R","B",null,"M","?","M","M","M","E","M","E","T","M","?","R","M","?","R","B",null,"M","?","M","M","M","E","?","E"],"character_chosen":"DEFECT","items_purchased":[],"campfire_rested":4,"item_purchase_floors":[],"current_hp_per_floor":[64,52,48,46,43,27,48,29,29,29,29,29,25,5,26,26,65,48,48,45,39,36,37,39,21,21,23,23,47,49,49,73,33,70,61,82,71,63,47,47,47,0,0],"gold":1053,"neow_bonus":"UPGRADE_CARD","is_daily":false,"chose_seed":false,"campfire_upgraded":1,"win_rate":0.0,"timestamp":1610689345,"path_taken":["M","?","M","M","M","E","R","E","T","R","?","M","?","E","R","BOSS","M","?","M","M","M","E","M","E","T","M","?","R","?","?","R","BOSS","M","?","M","M","M","E","?","E"],"items_purchased_type":[],"build_version":"2020-12-22","purchased_purges":0,"victory":false,"max_hp_per_floor":[71,71,71,71,71,71,71,71,71,71,71,71,71,71,71,71,76,76,76,76,76,76,76,78,78,78,80,80,80,82,82,82,82,82,82,82,84,86,88,88,88,88,88],"card_choices":[{"not_picked":["MostiFishMod:PushDownKick","Fusion"],"picked":"Coolheaded","floor":1},{"not_picked":["Beam Cell","Stack","Skim","Turbo","StuffTheSpire:Plugnplay"],"picked":"SKIP","floor":3},{"not_picked":["Gash","Chill","Redo","Rebound"],"picked":"Sweeping Beam","floor":4},{"not_picked":["StuffTheSpire:Purify","Coolheaded","Steam","Auto Shields"],"picked":"Go for the Eyes","floor":5},{"not_picked":["Go for the Eyes","MostiFishMod:Culaccino","Glacier","Steam Power"],"picked":"Loop","floor":6},{"not_picked":["Sunder","Rebound","Auto Shields","Beam Cell"],"picked":"Cold Snap","floor":8},{"not_picked":["Stack","Sweeping Beam","Compile Driver","Beam Cell"],"picked":"StuffTheSpire:SnapShoot","floor":12},{"not_picked":["StuffTheSpire:LoadUp","Coolheaded","MostiFishMod:GatherIntelligence","Echo Form"],"picked":"StuffTheSpire:SnapShoot","floor":13},{"not_picked":["Undo","Darkness","Steam","Go for the Eyes"],"picked":"Stack","floor":14},{"not_picked":["Seek","StuffTheSpire:ForEach","MostiFishMod:Tomorrow","MostiFishMod:DeathFromBelow"],"picked":"Reboot","floor":16},{"not_picked":["Gash","MostiFishMod:GatherIntelligence","StuffTheSpire:Coldhearted","MostiFishMod:PushDownKick"],"picked":"StuffTheSpire:NuclearReactor","floor":17},{"not_picked":["Barrage","Storm","Leap","Streamline"],"picked":"Capacitor+1","floor":18},{"not_picked":["FTL","MostiFishMod:LinkProtocol","Barrage","Hologram"],"picked":"Stack","floor":20},{"not_picked":["Turbo","Coolheaded","MostiFishMod:StarOceanB","Beam Cell"],"picked":"Self Repair","floor":21},{"not_picked":["StuffTheSpire:Plugnplay","Storm","Stack","StuffTheSpire:LoadUp+1"],"picked":"Cold Snap+1","floor":22},{"not_picked":["Coolheaded","Barrage","Cold Snap","Doom and Gloom"],"picked":"Consume+1","floor":23},{"not_picked":["Beam Cell","Barrage","Static Discharge","Redo","MostiFishMod:PushDownKick"],"picked":"Singing Bowl","floor":24},{"not_picked":["Stack+1","Undo","Melter","Cold Snap"],"picked":"Echo Form","floor":25},{"not_picked":["Sweeping Beam","Storm","Aggregate","Doom and Gloom","BootSequence"],"picked":"Singing Bowl","floor":27},{"not_picked":["Ball Lightning","MostiFishMod:PushDownKick","StuffTheSpire:LoadUp","Barrage","Leap"],"picked":"Singing Bowl","floor":30},{"not_picked":["MostiFishMod:GoodWordForIt","Seek","MostiFishMod:Prepare","Amplify"],"picked":"Thunder Strike","floor":33},{"not_picked":["Hologram","StuffTheSpire:LoadUp+1","Undo","Turbo"],"picked":"Loop+1","floor":35},{"not_picked":["StuffTheSpire:GlassShard","Recycle","Sunder+1","Stack","Barrage+1"],"picked":"Singing Bowl","floor":37},{"not_picked":["Streamline","Go for the Eyes","Hologram","Reinforced Body","StuffTheSpire:GlassShard"],"picked":"Singing Bowl","floor":38},{"not_picked":["Beam Cell","StuffTheSpire:Plugnplay","Static Discharge","Consume","FTL"],"picked":"Singing Bowl","floor":39},{"not_picked":["Genetic Algorithm","MostiFishMod:Nova","Hello World","StuffTheSpire:Plugnplay+1"],"picked":"Aggregate+1","floor":40},{"not_picked":["Flash of Steel","Trip","MostiFishMod:MusicBox","Enlightenment"],"picked":"Panache","floor":41}],"player_experience":689030,"relics_obtained":[{"floor":1,"key":"SynthV:TestCard"},{"floor":6,"key":"Bottled Flame"},{"floor":8,"key":"Bag of Preparation"},{"floor":9,"key":"StuffTheSpire:OldFever"},{"floor":14,"key":"StuffTheSpire:PointBlank"},{"floor":23,"key":"Singing Bowl"},{"floor":25,"key":"Torii"},{"floor":40,"key":"StuffTheSpire:Barrel"}],"event_choices":[{"damage_healed":0,"gold_gain":0,"player_choice":"Relic ","damage_taken":12,"max_hp_gain":0,"max_hp_loss":0,"event_name":"betterThird:BetterScrap","floor":2,"gold_loss":0,"cards_obtained":["Second Wind"]},{"damage_healed":0,"gold_gain":0,"player_choice":"Grow","damage_taken":0,"max_hp_gain":0,"max_hp_loss":0,"event_name":"Living Wall","floor":11,"gold_loss":0,"cards_upgraded":["Go for the Eyes"]},{"damage_healed":0,"gold_gain":0,"player_choice":"Ignored","damage_taken":0,"max_hp_gain":0,"max_hp_loss":0,"event_name":"Ghosts","floor":19,"gold_loss":0},{"damage_healed":0,"gold_gain":275,"player_choice":"Desecrate","damage_taken":0,"max_hp_gain":0,"max_hp_loss":0,"event_name":"Golden Shrine","floor":28,"gold_loss":0,"cards_obtained":["Regret"]},{"damage_healed":21,"gold_gain":0,"player_choice":"Writhe","damage_taken":0,"max_hp_gain":0,"max_hp_loss":0,"event_name":"Winding Halls","floor":36,"gold_loss":0,"cards_obtained":["Writhe"]},{"damage_healed":0,"gold_gain":0,"player_choice":"Memory 1","damage_taken":0,"max_hp_gain":0,"max_hp_loss":0,"event_name":"SensoryStone","floor":41,"gold_loss":0}],"is_beta":false,"boss_relics":[{"not_picked":["energizedSpire:StickyHand","TakeMeEscape"],"picked":"Tiny House"},{"not_picked":["Empty Cage","Astrolabe"],"picked":"RhineFirstAidKit"}],"items_purged_floors":[],"is_endless":false,"potions_floor_spawned":[3,6,13,16,18,22,23,33,35,38,40],"killed_by":"Nemesis","ascension_level":14}}