{"host":"newqdrzxfhh2im9e","time":1610685474,"event":{"mods":["AchievementEnabler","BaseMod","BetterRewards","Block Reminder","Colored Map","Jorbs\u0027s Wanderer Trilogy","Minty Spire (QoL Compilation)","Rare Cards Sparkle","Shop Mod","StSLib"],"gold_per_floor":[114,131,144,160,9,9,35,35,110,110,110,110,110,148,148,279,279,294,27,27,41,0,0,14,30,30,30,48,66,66,87,87,87,87],"floor_reached":33,"language":"ENG","playtime":872,"items_purged":[],"score":282,"play_id":"df7a520d-0c4c-4d82-9941-1d841ee40879","local_time":"20210114203754","is_ascension_mode":false,"campfire_choices":[{"data":"TalkToTheHand","floor":6,"key":"SMITH"},{"data":"Brilliance","floor":12,"key":"SMITH"},{"floor":15,"key":"REST"},{"data":"Devotion","floor":23,"key":"SMITH"},{"data":"Worship","floor":27,"key":"SMITH"},{"floor":30,"key":"REST"},{"floor":32,"key":"REST"}],"circlet_count":0,"master_deck":["Strike_P","Strike_P","Strike_P","Strike_P","Defend_P","Defend_P","Defend_P+1","Defend_P","Eruption","Vigilance","TalkToTheHand+1","FearNoEvil","Tantrum","Meditate","Brilliance+1","Pray+1","Ragnarok+1","WreathOfFlame","Devotion+1","Worship+1","Writhe","WindmillStrike+1","InnerPeace","Swivel","Judgement","WreathOfFlame"],"relics":["HolyWater","NeowsBlessing","CloakClasp","Golden Idol","StrikeDummy","Oddly Smooth Stone","Boot","Turnip"],"acts_visited":["Exordium","TheCity"],"potions_floor_usage":[7,16,24,25,31],"damage_taken":[{"damage":0,"enemies":"2 Louse","floor":1,"turns":1},{"damage":0,"enemies":"Jaw Worm","floor":2,"turns":1},{"damage":0,"enemies":"Small Slimes","floor":3,"turns":1},{"damage":4,"enemies":"2 Fungi Beasts","floor":4,"turns":3},{"damage":0,"enemies":"Gremlin Nob","floor":7,"turns":4},{"damage":7,"enemies":"Lagavulin","floor":14,"turns":4},{"damage":22,"enemies":"Hexaghost","floor":16,"turns":8},{"damage":0,"enemies":"3 Byrds","floor":18,"turns":3},{"damage":0,"enemies":"Spheric Guardian","floor":21,"turns":2},{"damage":0,"enemies":"Chosen and Byrds","floor":24,"turns":3},{"damage":0,"enemies":"Snake Plant","floor":25,"turns":2},{"damage":10,"enemies":"Centurion and Healer","floor":28,"turns":3},{"damage":47,"enemies":"Sentry and Sphere","floor":29,"turns":4},{"damage":0,"enemies":"Snecko","floor":31,"turns":2},{"damage":139,"enemies":"Champ","floor":33,"turns":11}],"seed_played":"7475982421781533557","potions_obtained":[{"floor":2,"key":"Ancient Potion"},{"floor":3,"key":"DuplicationPotion"},{"floor":14,"key":"Explosive Potion"},{"floor":21,"key":"AttackPotion"},{"floor":24,"key":"FearPotion"},{"floor":25,"key":"SteroidPotion"}],"is_trial":false,"path_per_floor":["M","M","M","M","$","R","E","?","T","?","?","R","?","E","R","B",null,"M","$","?","M","?","R","M","M","T","R","M","M","R","M","R","B"],"character_chosen":"WATCHER","items_purchased":["Brilliance","Pray","FairyPotion","FairyPotion","Worship"],"campfire_rested":3,"item_purchase_floors":[5,5,19,19,19],"current_hp_per_floor":[72,72,72,68,68,68,68,50,50,50,55,55,40,33,56,34,77,77,77,77,77,77,77,77,77,77,77,67,20,43,43,66,0,0],"gold":87,"neow_bonus":"THREE_ENEMY_KILL","is_daily":false,"chose_seed":false,"campfire_upgraded":4,"win_rate":0.0,"timestamp":1610685474,"path_taken":["M","M","M","M","$","R","E","?","T","?","?","R","?","E","R","BOSS","M","$","?","M","?","R","M","?","T","R","M","M","R","M","R","BOSS"],"items_purchased_type":["Card","Card","Potion","Potion","Card"],"build_version":"2020-12-22","purchased_purges":0,"victory":false,"max_hp_per_floor":[72,72,72,72,72,72,72,72,72,72,77,77,77,77,77,77,77,77,77,77,77,77,77,77,77,77,77,77,77,77,77,77,77,77],"card_choices":[{"not_picked":["PathToVictory","EmptyBody"],"picked":"TalkToTheHand","floor":1},{"not_picked":["FollowUp","EmptyFist"],"picked":"FearNoEvil","floor":2},{"not_picked":["BowlingBash","SashWhip"],"picked":"Tantrum","floor":3},{"not_picked":["EmptyFist","EmptyBody"],"picked":"Meditate","floor":4},{"not_picked":["ThirdEye","ForeignInfluence"],"picked":"Ragnarok","floor":7},{"not_picked":["Crescendo","Nirvana"],"picked":"WreathOfFlame","floor":14},{"not_picked":["DeusExMachina","LessonLearned"],"picked":"Devotion","floor":16},{"not_picked":["ClearTheMind","Protect","PathToVictory+1"],"picked":"SKIP","floor":18},{"not_picked":["PathToVictory+1","SashWhip","Wireheading"],"picked":"SKIP","floor":21},{"not_picked":["Pray","PathToVictory"],"picked":"WindmillStrike+1","floor":24},{"not_picked":["Halt","Tantrum"],"picked":"InnerPeace","floor":25},{"not_picked":["Evaluate","ClearTheMind"],"picked":"Swivel","floor":28},{"not_picked":["ClearTheMind","Halt"],"picked":"Judgement","floor":29},{"not_picked":["Crescendo","BowlingBash"],"picked":"WreathOfFlame","floor":31}],"player_experience":729084,"relics_obtained":[{"floor":7,"key":"CloakClasp"},{"floor":9,"key":"StrikeDummy"},{"floor":14,"key":"Oddly Smooth Stone"},{"floor":26,"key":"Turnip"}],"event_choices":[{"damage_healed":0,"gold_gain":0,"player_choice":"Take Damage","damage_taken":18,"relics_obtained":["Golden Idol"],"max_hp_gain":0,"max_hp_loss":0,"event_name":"Golden Idol","floor":8,"gold_loss":0},{"damage_healed":0,"gold_gain":0,"player_choice":"Grow","damage_taken":0,"max_hp_gain":0,"max_hp_loss":0,"event_name":"Living Wall","floor":10,"gold_loss":0,"cards_upgraded":["Ragnarok"]},{"damage_healed":0,"gold_gain":0,"player_choice":"Donut","damage_taken":0,"max_hp_gain":5,"max_hp_loss":0,"event_name":"Big Fish","floor":11,"gold_loss":0},{"damage_healed":0,"gold_gain":0,"player_choice":"Entered Light","damage_taken":15,"max_hp_gain":0,"max_hp_loss":0,"event_name":"Shining Light","floor":13,"gold_loss":0,"cards_upgraded":["Defend_P","Pray"]},{"damage_healed":0,"gold_gain":0,"player_choice":"Opened","damage_taken":0,"relics_obtained":["Boot"],"max_hp_gain":0,"max_hp_loss":0,"event_name":"The Mausoleum","floor":20,"gold_loss":0,"cards_obtained":["Writhe"]},{"damage_healed":0,"gold_gain":0,"player_choice":"Paid Fearfully","damage_taken":0,"max_hp_gain":0,"max_hp_loss":0,"event_name":"Masked Bandits","floor":22,"gold_loss":41}],"is_beta":false,"boss_relics":[{"not_picked":["Tiny House","Coffee Dripper"],"picked":"HolyWater"}],"items_purged_floors":[],"is_endless":false,"potions_floor_spawned":[2,3,14,21,24,25],"killed_by":"Champ","ascension_level":0}}